{1:F21VZCRVECAAXXX6819037013}{4:{177:0812101214}{451:0}}{1:F01VZCRVECAAXXX6819037013}{2:O9501205081210BAMRVECAAXXX75206377350812101205N}{4:
:20:950081209
:25:11301100005
:28C:2285/001
:60F:C081209VEF36181,11
:61:081209C34113252,37NMSC198780
:61:081209D33897880,25NMSC0//91208
:61:081209D215372,12NMSC0//91208
:61:081209D83768,NMSC0//53308
:62F:D081209VEF47586,89
-}{5:{CHK:33C03DEC7BC8}}{S:{COP:S}}
