{1:F21VZCRVECAAXXX6814036425}{4:{177:0812031212}{451:0}}{1:F01VZCRVECAAXXX6814036425}{2:O9501203081203BAMRVECAAXXX75126351250812031203N}{4:
:20:950081201
:25:11301100005
:28C:2277/001
:60F:D081201VEF146928,65
:61:081201C16365536,95NMSC198775
:61:081201D16341738,82NMSC0//11208
:61:081201D23798,13NMSC0//11208
:61:081201D7909,44NMSC0//53305
:62F:D081201VEF154838,09
-}{5:{CHK:1FF8B865971F}}{S:{COP:S}}${1:F21VZCRVECAAXXX6814036426}{4:{177:0812031212}{451:0}}{1:F01VZCRVECAAXXX6814036426}{2:O9501203081203BAMRVECAAXXX75126351260812031203N}{4:
:20:950081202
:25:11301100005
:28C:2278/001
:60F:D081202VEF154838,09
:61:081202C3153620,55NMSC198776
:61:081202D3153620,55NMSC0//21208
:61:081202C107251,20NMSC21208
:62F:D081202VEF47586,89
-}{5:{CHK:3526F89CAFC8}}{S:{COP:S}}