{1:F21VZCRVECAAXXX6815036574}{4:{177:0812041211}{451:0}}{1:F01VZCRVECAAXXX6815036574}{2:O9501203081204BAMRVECAAXXX75146359970812041203N}{4:
:20:950081203
:25:11301100005
:28C:2279/001
:60F:D081203VEF47586,89
:61:081203C4222564,78NMSC198777
:61:081203D4222564,78NMSC0//31208
:61:081203C71074,36NMSC31208
:62F:C081203VEF23487,47
-}{5:{CHK:0660259F200B}}{S:{COP:S}}
