{1:F21VZCRVECAAXXX6818036784}{4:{177:0812090801}{451:0}}{1:F01VZCRVECAAXXX6818036784}{2:O9500804081208BPROVECAAXXX64548282000812090752N}{4:
:20:EC95003920081205
:25:01080090130500000709
:28C:7695/00001
:60F:D081205VEF75437,03
:61:0812051205DB600,00NCHG000310993//000310993
CORRES.ABO.MSJ.F/03-12-08.REVI    
:61:0812051205CB25000,00NMSC000310994//000310994
DIF DVLTA REC F 03-12-08          
:61:0812091205CB6127,31NLDP000310995//000310995
DEP. CHEQUE O/B 1 DIARAS          
:62F:D081205VEF44909,72
:64:D081205VEF51037,03
-}{5:{CHK:972CD1AB1D92}{DLM:}}{S:{COP:S}}${1:F21VZCRVECAAXXX6818036785}{4:{177:0812090801}{451:0}}{1:F01VZCRVECAAXXX6818036785}{2:O9500805081208BPROVECAAXXX64548283370812090752N}{4:
:20:EC95003820081206
:25:01080090130500000709
:28C:7696/00001
:60F:D081206VEF44909,72
:62F:D081206VEF44909,72
:64:D081206VEF51037,03
-}{5:{CHK:E91F38784984}{DLM:}}{S:{COP:S}}${1:F21VZCRVECAAXXX6818036786}{4:{177:0812090801}{451:0}}{1:F01VZCRVECAAXXX6818036786}{2:O9500807081208BPROVECAAXXX64548284700812090752N}{4:
:20:EC95003820081207
:25:01080090130500000709
:28C:7697/00001
:60F:D081207VEF44909,72
:62F:D081207VEF44909,72
:64:D081207VEF51037,03
-}{5:{CHK:E89F38686894}{DLM:}}{S:{COP:S}}${1:F21VZCRVECAAXXX6818036816}{4:{177:0812090812}{451:0}}{1:F01VZCRVECAAXXX6818036816}{2:O9500803081209BPROVECAAXXX64558286110812090803N}{4:
:20:EC95003820081208
:25:01080090130500000709
:28C:7698/00001
:60F:D081208VEF44909,72
:62F:D081208VEF44909,72
:64:D081208VEF51037,03
-}{5:{CHK:E81F38998764}}{S:{COP:S}}
