{1:F21VZCRVECAAXXX6818036912}{4:{177:0812091212}{451:0}}{1:F01VZCRVECAAXXX6818036912}{2:O9501204081209BAMRVECAAXXX75186370700812091204N}{4:
:20:950081205
:25:11301100005
:28C:2281/001
:60F:D081205VEF33138,54
:61:081205C5198022,90NMSC198779
:61:081205D5198022,90NMSC0//5120
:61:081205C83768,NMSC5120
:61:081205D14448,35NMSC0//53307
:62F:C081205VEF36181,11
-}{5:{CHK:ABB3831165B2}}{S:{COP:S}}${1:F21VZCRVECAAXXX6818036913}{4:{177:0812091212}{451:0}}{1:F01VZCRVECAAXXX6818036913}{2:O9501204081209BAMRVECAAXXX75186370710812091204N}{4:
:20:950081206
:25:11301100005
:28C:2282/001
:60F:C081206VEF36181,11
:62F:C081206VEF36181,11
-}{5:{CHK:B5F3372F410A}}{S:{COP:S}}${1:F21VZCRVECAAXXX6818036914}{4:{177:0812091212}{451:0}}{1:F01VZCRVECAAXXX6818036914}{2:O9501204081209BAMRVECAAXXX75186370720812091204N}{4:
:20:950081207
:25:11301100005
:28C:2283/001
:60F:C081207VEF36181,11
:62F:C081207VEF36181,11
-}{5:{CHK:B5F33727411A}}{S:{COP:S}}${1:F21VZCRVECAAXXX6818036915}{4:{177:0812091212}{451:0}}{1:F01VZCRVECAAXXX6818036915}{2:O9501204081209BAMRVECAAXXX75186370730812091204N}{4:
:20:950081208
:25:11301100005
:28C:2284/001
:60F:C081208VEF36181,11
:62F:C081208VEF36181,11
-}{5:{CHK:B5F3373F41EA}}{S:{COP:S}}
