{1:F21VZCRVECAAXXX6813036228}{4:{177:0812020812}{451:0}}{1:F01VZCRVECAAXXX6813036228}{2:O9500804081202BPROVECAAXXX64508255320812020804N}{4:
:20:EC95004020081201
:25:01080090130500000709
:28C:7691/00001
:60F:D081201VEF39197,58
:61:0812011201DB14384,62NCHK000003512//000003512
CAMARA RECIBIDA COMPENSACION      
:62F:D081201VEF53582,20
:64:D081201VEF53582,20
-}{5:{CHK:303410312F4D}}{S:{COP:S}}