{1:F21VZCRVECAAXXX6816036707}{4:{177:0812051212}{451:0}}{1:F01VZCRVECAAXXX6816036707}{2:O9501203081205BAMRVECAAXXX75166365800812051203N}{4:
:20:950081204
:25:11301100005
:28C:2280/001
:60F:C081204VEF23487,47
:61:081204C4379931,89NMSC198778
:61:081204D4379931,89NMSC0//41208
:61:081204C14448,35NMSC41208
:61:081204D71074,36NMSC0//53306
:62F:D081204VEF33138,54
-}{5:{CHK:06500EA67B47}}{S:{COP:S}}${1:F21VZCRVECAAXXX6818036912}{4:{177:0812091212}{451:0}}{1:F01VZCRVECAAXXX6818036912}{2:O9501204081209BAMRVECAAXXX75186370700812091204N}{4:
:20:950081205
:25:11301100005
:28C:2281/001
:60F:D081205VEF33138,54
:61:081205C5198022,90NMSC198779
:61:081205D5198022,90NMSC0//5120
:61:081205C83768,NMSC5120
:61:081205D14448,35NMSC0//53307
:62F:C081205VEF36181,11
-}{5:{CHK:ABB3831165B2}}{S:{COP:S}}
