{1:F21VZCRVECAAXXX6819036961}{4:{177:0812100814}{451:0}}{1:F01VZCRVECAAXXX6819036961}{2:O9500805081210BPROVECAAXXX64568294020812100805N}{4:
:20:EC95003820081209
:25:01080090130500000709
:28C:7699/00001
:60F:D081209VEF44909,72
:61:0812091209DB150,00NCHK000003513//000003513
CAMARA RECIBIDA COMPENSACION      
:62F:D081209VEF45059,72
:64:D081209VEF45059,72
-}{5:{CHK:B090B97ABD66}}{S:{COP:S}}
