{1:F21VZCRVECAAXXX7060061695}{4:{177:0909300018}{451:0}}{1:F01VZCRVECAAXXX7060061695}{2:O9400015090930VZCRVECAAXXX70609321750909300015N}{3:{108:SCONNECT}}{4:
:20:MI090929
:25:01040025260250028687
:28C:0006/01
:60F:C090929VEF4634013,15
:61:090929C3723,76NLDP820000305400//112451
:86:DEPOSIT
:61:090929C500,00NTRF000000530203//142926
:86:CORPORATE CREDIT
:61:090929D21,50NCOM101000026153//093409
:86:IMPORT APPLICATION FEE
:61:090929D21,50NCOM101000026154//093409
:86:IMPORT APPLICATION FEE
:61:090929D21,50NCOM101000026155//093409
:86:IMPORT APPLICATION FEE
:61:090929D21,50NCOM101000026156//093409
:86:IMPORT APPLICATION FEE
:61:090929D21,50NCOM101000026157//093409
:86:IMPORT APPLICATION FEE
:61:090929D21,50NCOM101000026158//093409
:86:IMPORT APPLICATION FEE
:61:090929D21,50NCOM101000026159//093409
:86:IMPORT APPLICATION FEE
:62M:C090929VEF4638086,41
-}{5:{CHK:7A041CFFD124}}{S:{COP:S}}${1:F21VZCRVECAAXXX7060061696}{4:{177:0909300018}{451:0}}{1:F01VZCRVECAAXXX7060061696}{2:O9400015090930VZCRVECAAXXX70609321760909300015N}{3:{108:SCONNECT}}{4:
:20:MI090929
:25:01040025260250028687
:28C:0006/02
:60M:C090929VEF4638086,41
:61:090929D21,50NCOM101000026160//093409
:86:IMPORT APPLICATION FEE
:61:090929D21,50NCOM101000026161//093409
:86:IMPORT APPLICATION FEE
:61:090929D20,00NCOM101000026162//093409
:86:IMPORT APPLICATION FEE
:61:090929D20,00NCOM101000030911//142528
:86:IMPORT APPLICATION FEE
:61:090929D20,00NCOM101000030912//142528
:86:IMPORT APPLICATION FEE
:61:090929D20,00NCOM101000030913//142528
:86:IMPORT APPLICATION FEE
:62F:C090929VEF4637963,41
:64:C090929VEF4633739,65
-}{5:{CHK:C31A7001E673}}{S:{COP:S}}${1:F21VZCRVECAAXXX7060061697}{4:{177:0909300019}{451:0}}{1:F01VZCRVECAAXXX7060061697}{2:O9400015090930VZCRVECAAXXX70609321890909300015N}{3:{108:SCONNECT}}{4:
:20:MI090929
:25:01040107130107071741
:28C:0007/001
:60F:C090929VEF0,00
:62F:C090929VEF0,00
:64:C090929VEF0,00
-}{5:{CHK:8EBE6AEC04C5}}{S:{COP:S}}${1:F21VZCRVECAAXXX7060061707}{4:{177:0909300249}{451:0}}{1:F01VZCRVECAAXXX7060061707}{2:O9500246090930UNIOVECAAXXX43472156020909300246N}{4:
:20:202602681
:25:01340099760991005382
:28C:2000/001
:60F:C090929VEF0,00
:61:090929C2651674,01NCHK000000099041
:61:090929C2818,71NCHK000000099042
:61:090929D2651674,01NCHK000018039432
:61:090929D2818,71NCHK000018039444
:62F:C090929VEF0,00
-}{5:{CHK:A0FD76EAD866}}{S:{COP:S}}${1:F21VZCRVECAAXXX7060061708}{4:{177:0909300250}{451:0}}{1:F01VZCRVECAAXXX7060061708}{2:O9500247090930UNIOVECAAXXX43472156050909300247N}{4:
:20:202602652
:25:01340099790991005064
:28C:6403/001
:60F:C090929VEF50,00
:62F:C090929VEF50,00
-}{5:{CHK:B1DED117B63D}}{S:{COP:S}}${1:F21VZCRVECAAXXX7060061709}{4:{177:0909300251}{451:0}}{1:F01VZCRVECAAXXX7060061709}{2:O9500317090930CITIUS33DVEC16705441110909300247N}{3:{108:000822EH91303OPS}}{4:
:20:0927222111031220
:25:1070001019
:28C:7794/1
:60F:D090929VEF1015959,50
:62F:D090929VEF1015959,50
:64:D090929VEF1015959,50
-}{5:{CHK:DA58F6D13C17}}{S:{COP:S}}${1:F21VZCRVECAAXXX7060061714}{4:{177:0909300705}{451:0}}{1:F01VZCRVECAAXXX7060061714}{2:O9500701090930CONSVECAAXXX54836114050909300701N}{3:{108:SCONNECT}}{4:
:20:cONSVECA01
:25:14101103556
:28C:1622/1
:60F:D090929VEF810675,30
:61:090929C3729,00NTMCNREF
MISCELANEOS CREDITO
:62F:D090929VEF806946,30
:64:D090929VEF806946,30
-}{5:{CHK:64FE1536EFAB}}{S:{COP:S}}${1:F21VZCRVECAAXXX7060061715}{4:{177:0909300710}{451:0}}{1:F01VZCRVECAAXXX7060061715}{2:O9500707090930BPROVECAAXXX66669707460909300707N}{4:
:20:EC95004020090929
:25:01080090130500000709
:28C:7934/00001
:60F:C090929VEF286839,31
:62F:C090929VEF286839,31
:64:C090929VEF286839,31
-}{5:{CHK:E440C0139877}}{S:{COP:S}}${1:F21VZCRVECAAXXX7060061719}{4:{177:0909300806}{451:0}}{1:F01VZCRVECAAXXX7060061719}{2:O9500803090930BSCHVECAAXXX35149842450909300803N}{3:{108:6200079090929002}}{4:
:20:6200079090929002
:25:01020010550006200079
:28C:3379/00001
:60F:D090929VEF1331943,82
:61:090929D571,N0000074316847CA
CARGO POR INCIDENCIAS
:61:090929C571,NMSC9501074316847AB
ABONO DEVOLUCION FIRMA Y FORMA
:62F:D090929VEF1331943,82
-}{5:{CHK:018E09C435BB}}{S:{COP:S}}${1:F21VZCRVECAAXXX7060061741}{4:{177:0909300831}{451:0}}{1:F01VZCRVECAAXXX7060061741}{2:O9500828090930SFTAVE22AXXX37240761810909300828N}{3:{108:SCONNECT}}{4:
:20:I300909011326001
:25:01370007960000058721
:28C:1271/1
:60F:C090929VEF0,00
:62F:C090929VEF0,00
:64:C090929VEF0,00
-}{5:{CHK:D40268BF1E07}}{S:{COP:S}}${1:F21VZCRVECAAXXX7060061743}{4:{177:0909300904}{451:0}}{1:F01VZCRVECAAXXX7060061743}{2:O9500901090930CARBVECAAXXX55445260390909300901N}{3:{108:SCONNECT}}{4:
:20:200909300351
:25:01140150361500168427
:28C:8410/001
:60F:D090929VEF1086878,74
:62F:D090929VEF1086878,74
:64:D090929VEF1086878,74
-}{5:{CHK:4662320BC010}}{S:{COP:S}}
