{1:F21VZCRVECAAXXX6816036642}{4:{177:0812050813}{451:0}}{1:F01VZCRVECAAXXX6816036642}{2:O9500804081205BPROVECAAXXX64538274940812050804N}{4:
:20:EC95004020081204
:25:01080090130500000709
:28C:7694/00001
:60F:D081204VEF76078,03
:61:0812051204CB641,00NLDP000310992//000310992
DEP. CHEQUE O/B 1 DIARAS          
:62F:D081204VEF75437,03
:64:D081204VEF76078,03
-}{5:{CHK:EF0BDFC42E13}}{S:{COP:S}}