{1:F21VZCRVECAAXXX6815036485}{4:{177:0812040813}{451:0}}{1:F01VZCRVECAAXXX6815036485}{2:O9500804081204BPROVECAAXXX64528269160812040804N}{4:
:20:EC95003920081203
:25:01080090130500000709
:28C:7693/00001
:60F:D081203VEF53582,20
:61:0812031203DB400,00NCHG000310989//000310989
REG. NC. 0010220084 28-10-08      
:61:0812031203DB21495,83NCHG000310990//000310990
CORRESP NC 10220084 F 2-12-08     
:61:0812031203DB600,00NCHG000310991//000310991
CORRESP NC 10220084 F 01-12-08    
:62F:D081203VEF76078,03
:64:D081203VEF76078,03
-}{5:{CHK:966C0852B646}}{S:{COP:S}}