{1:F21BODEVE2MAXXX4189639366}{4:{177:0907020802}{451:0}}{1:F01BODEVE2MAXXX4189639366}{2:O9500148090702CITIUS33FXXX13790779840907020802N}{3:{108:000822BQ65563OPS}}{4:
:20:0221
:25:10962625
:28C:866/0001
:60F:C090701USD185497,71
:61:090701CD5000000,00NTRFBUBTR-5223767//3045700182FC
1/CARTERA DE INVERSIONES 6/CH/HSBC
:61:090701CD2248152,82NTRFNONREF//4761800180JO
CDG ROTATORIO MARACAIBO VENEZUELA 
:61:090701CD271162,64S202803821//0043300182FS
BANCO CENTRAL DE VENEZUELA SA CARA
:61:090701CD23441,00NTRFNONREF//4752200180JO
CDG ROTATORIO MARACAIBO VENEZUELA 
:61:090701CD6000,00NTRFOBHSBCUSA//7015309182FF
HSBC BANK USA NEWARK DE 19713     
:61:090701CD1255,74NTRFNONREF//1810559158TC
DFAS-CLEVELAND RET NET 456780784 0
:61:090701CD965,64NTRFREINTREGO//2361309182FF
WACHOVIA BANK NA OF FLORIDA JACKSO
:61:090701CD855,00NMSCC011120981-JUN//R-0533400182II
BANCO DE BOGOTA BOGOTA COLOMBIA   
:61:090701CD524,85NTRF01090701001452NN//4898100182FC
DAVID ELIAS MIAMI FLUS            
:61:090701CD32,77NTRF01090701001379NN//4896600182FC
DAVID ELIAS MIAMI FLUS            
:61:090701DD2055005,65S103CVISAINTERNAT.//2403400182FS
:61:090701DD614566,42S103CMASTERCARDI//2403600182FS
:61:090701DD298625,91S103CMASTERCARDI//2494300182FS
:61:090701DD289149,75S103CMASTERCARDI//2403700182FS
:61:090701DD217925,61S103CMASTERCARDI//2403500182FS
:61:090701DD63955,00S202CI34464//9705000182JS
:61:090701DD48349,00S103C010629655//2707800182FS
:61:090701DD47794,00S103C010757309//2708100182FS
:61:090701DD47400,00S103C010075320//2707700182FS
:61:090701DD43515,00S103C010297457//2708000182FS
:61:090701DD36688,96S103C010779716//2707600182FS
:61:090701DD12400,60S103C008937152//2708200182FS
:61:090701DD7962,50NMSCSB2757//0622665037LC
U 622665 YOURREF S/B 2757         
:61:090701DD7800,00S103C010921426//2709400182FS
:61:090701DD3900,00S103C010802698//2708300182FS
:61:090701DD3600,00S103C010967677//2709100182FS
:62M:C090701USD3939249,77
-}{5:{CHK:EE6ECD4F588B}{DLM:}}{S:{COP:P}}${1:F21BODEVE2MAXXX4189639369}{4:{177:0907020802}{451:0}}{1:F01BODEVE2MAXXX4189639369}{2:O9500301090702CITIUS33CXXX75303480000907020802N}{3:{108:DDA07015417028}}{4:
:20:0221
:25:10962625
:28C:866/00002
:60M:C090701USD3939249,77
:61:090701DD2657,00S103C010752809//2707900182FS
:61:090701DD2600,00S103C010924838//2709000182FS
:61:090701DD2600,00S103C010239001//2709200182FS
:61:090701DD1127,00S103C010779716//2707500182FS
:61:090701DD830,28S103C010802698//2708800182FS
:61:090701DD350,00NTRFNONREF//1823668620TC
MASTERCARD INTL MCBS DRAFT0007709 
:61:090701DD300,00S103C010381801MAYO//2709500182FS
:61:090701DD160,80S103C010802698//2709300182FS
:62F:C090701USD3928624,69
:64:C090701USD3928624,69
-}{5:{CHK:10301543AA58}{DLM:}}{S:{COP:P}}
