{1:F21BODEVE2MAXXX3682575268}{4:{177:0708060802}{451:0}}{1:F01BODEVE2MAXXX3682575268}{2:O9500202070804CHASUS33AXXX85923483370708060804N}{3:{108:DDA0804185576}}{4:
:20:ST08040544749693
:25:544749693
:28C:00150/00001
:60F:C070803USD6177079,29
:61:070803CD1735576,01NTRF697859//3615900215FC
BANCO OCCIDENTAL DE DESCUENTO BANC
:61:070803CD408757,50NTRFNONE//0607808215FF
WACHOVIA BANK NATIONAL ASSOCIATION
:61:070803CD25219,40NTRFOBDBTCOAMERIC//3464000215FC
SALERM COLOMBIA SA CUNDINAMARCA CO
:61:070803CD737,00NMSCNONREF//2147522857TC
US TREASURY 303 SOC SEC   43488478
:61:070803DD3000000,00S202TRAS.FDS.0708031//3705100215JS
:61:070803DD896893,05S103C3662799//5434400215JS
:61:070803DD150340,00S103C2895054//5435900215JS
:61:070803DD114745,89S103C4333416//5435800215JS
:61:070803DD99587,90S103C3810068//5434100215JS
:61:070803DD86072,00S103C4131273//5431400215JS
:61:070803DD79813,56S103C4115314//5435000215JS
:61:070803DD59616,77S103C4131708//5434800215JS
:61:070803DD48299,00S103C3238076//5434600215JS
:61:070803DD44412,00S103C3246121//5435700215JS
:61:070803DD28350,00S103C3648191//5431600215JS
:61:070803DD26373,25S103C3498234//4556200215JS
:61:070803DD17702,62S103C3000766//5434500215JS
:61:070803DD15817,00S103C4065328//5432000215JS
:61:070803DD15418,00S103C4068056//5431300215JS
:61:070803DD12627,74S103C3695162//5433600215JS
:61:070803DD12065,00S103C3256401//5435600215JS
:61:070803DD12022,31S103C4092976//5433700215JS
:61:070803DD10168,12S103C3688983//5433400215JS
:61:070803DD9262,80S103C3676855//5433200215JS
:61:070803DD8875,00S202CI23192//2654500215JS
:61:070803DD5526,53S202CD-070514B//3418100215JS
:61:070803DD5289,00S103C3810068//5434000215JS
:61:070803DD4800,00S202BOD2007072301//4638600215JS
:61:070803DD3810,50S103C4083810//5433800215JS
:62M:C070803USD3579481,16
-}{5:{CHK:B7F6426FF725}{DLM:}}{S:{COP:P}}${1:F21BODEVE2MAXXX3682575269}{4:{177:0708060802}{451:0}}{1:F01BODEVE2MAXXX3682575269}{2:O9500202070804CHASUS33AXXX85923483380708060804N}{3:{108:DDA0804185577}}{4:
:20:ST08040544749693
:25:544749693
:28C:00150/00002
:60M:C070803USD3579481,16
:61:070803DD2891,78S103C4069535//5432900215JS
:61:070803DD2801,75S103C3695162//5433300215JS
:61:070803DD2322,33S103C4131273//5431500215JS
:61:070803DD932,90S103C4068056//5431200215JS
:61:070803DD648,41S103C4092976//5434300215JS
:61:070803DD584,85S103C3447481//5434700215JS
:61:070803DD553,44S103C3648191//5431700215JS
:61:070803DD515,35S103C4083810//5434200215JS
:61:070803DD482,27S103C3688983//5433500215JS
:61:070803DD432,79S103C4065328//5432100215JS
:61:070803DD399,45S103C3676855//5433100215JS
:61:070803DD357,43S103C3646217//5431900215JS
:61:070803DD185,00S103C4069535//5432800215JS
:61:070803DD155,00S103C3646217//5431800215JS
:62F:C070803USD3566218,41
:64:C070803USD3566218,41
-}{5:{CHK:02D870BB02C5}{DLM:}}{S:{COP:P}}${1:F21BODEVE2MAXXX3683575377}{4:{177:0708070801}{451:0}}{1:F01BODEVE2MAXXX3683575377}{2:O9500154070807CHASUS33BXXX88577237110708070803N}{3:{108:DDA0807024539}}{4:
:20:ST08070544749693
:25:544749693
:28C:00151/00001
:60F:C070806USD3566218,41
:61:070806CD2348457,85NTRF698118//4417200218FC
BANCO OCCIDENTAL DE DESCUENTO BANC
:61:070806CD143865,74NTRFNONREF//1299300218JO
PRODUCTORA DE ALCOHOLES SANTA RITA
:61:070806CD1279,20NTRFNONREF//0665900218JO
MASTERCARD INTERNATIONAL INCORPORA
:61:070806DD1032121,35S103C1157481//6438800218FS
:61:070806DD169631,71S103C3828374//6283200218FS
:61:070806DD132050,39S103C4060932//6284900218FS
:61:070806DD79567,00S103C3511375//6284800218FS
:61:070806DD78900,00S103C2901803//6285000218FS
:61:070806DD73388,48S103C4047227//6281200218FS
:61:070806DD67600,00S103C3909299//6283600218FS
:61:070806DD66103,45S103C4049674//6283300218FS
:61:070806DD58009,65S103C3953666//6281500218FS
:61:070806DD55525,01S103C3931374//6283000218FS
:61:070806DD52105,31S103C4065239//6281700218FS
:61:070806DD51951,59S103C3957147//6281100218FS
:61:070806DD46146,95S103C4288647//6281000218FS
:61:070806DD38528,48S103C4189790//6281300218FS
:61:070806DD37820,00S103C3360387//6283500218FS
:61:070806DD35217,57S103C4152054//6281400218FS
:61:070806DD31273,00S103C3002582//6285300218FS
:61:070806DD29704,55S103C4145442//6281800218FS
:61:070806DD27712,90S103C4022247//6287700218FS
:61:070806DD17104,59S103C4006520//6283800218FS
:61:070806DD15880,00S103C3645671//6283700218FS
:61:070806DD13744,29S103C3875624//6283100218FS
:61:070806DD11000,00S202CI23212//3293300218FS
:61:070806DD10186,40S103C3130088//6284700218FS
:61:070806DD9048,65S103C3141793//6283400218FS
:61:070806DD7800,00S103C4468791//6287500218FS
:61:070806DD6595,00S103C3958567//6285100218FS
:62M:C070806USD3805104,88
-}{5:{CHK:9EF6D96C62EC}{DLM:}}{S:{COP:P}}${1:F21BODEVE2MAXXX3683575378}{4:{177:0708070801}{451:0}}{1:F01BODEVE2MAXXX3683575378}{2:O9500154070807CHASUS33BXXX88577237130708070803N}{3:{108:DDA0807024540}}{4:
:20:ST08070544749693
:25:544749693
:28C:00151/00002
:60M:C070806USD3805104,88
:61:070806DD5728,56S103C4614264//6285400218FS
:61:070806DD4068,80S103C4013792//6281600218FS
:61:070806DD2228,47S103C4113931//6282900218FS
:61:070806DD1800,00S103C4311043//6285500218FS
:61:070806DD1715,70S103C4900577//6285200218FS
:61:070806DD1163,68NMSCNONREF//2186041443TC
MASTERCARD INTL MCBS DRAFT0007709 
:61:070806DD600,00S103C3141087-8//6287100218FS
:61:070806DD600,00S103C1604380-16//6287200218FS
:61:070806DD300,00S103C1163459-21//5697000218FS
:61:070806DD300,00S103C1120009-13//6285600218FS
:61:070806DD300,00S103C3604364-4//6287400218FS
:61:070806DD300,00S103C3486032-5//6287300218FS
:61:070806DD300,00S103C763983-33-2//6287600218FS
:61:070806DD300,00S103C0763983-33-1//6287800218FS
:61:070806DD300,00S103C0822197-23//6523900218FS
:62F:C070806USD3785099,67
:64:C070806USD3785099,67
-}{5:{CHK:DA7314E5876B}{DLM:}}{S:{COP:P}}${1:F21BODEVE2MAXXX3684575492}{4:{177:0708080801}{451:0}}{1:F01BODEVE2MAXXX3684575492}{2:O9500156070808CHASUS33AXXX85933617770708080803N}{3:{108:DDA0808059458}}{4:
:20:ST08080544749693
:25:544749693
:28C:00152/00001
:60F:C070807USD3785099,67
:61:070807CD2048786,89NTRF698352//3238600219FC
BANCO OCCIDENTAL DE DESCUENTO BANC
:61:070807CD375857,37NTRFMONTIEL08071//5602500219FC
JORGE ELIESER RINCON MONTIEL CLIEN
:61:070807CD140562,00S2022007080302010229//1247700215JS
FORTIS BANK (NEDERLAND) N.V. AMSTE
:61:070807CD118700,68NTRFOBCITIBANKNYC//4536000219FC
GENERAL MOTORS VENEZOLANA CA ZONA 
:61:070807CD1506,14NTRFNONREF//1306100219JO
MASTERCARD INTERNATIONAL INCORPORA
:61:070807CD1392,72NTRF3826-72154032826//3052500219FC
DANSKE BANK A/S COPENHAGEN, DK-109
:61:070807DD1290878,38S103C1158044//6271500219JS
:61:070807DD1000000,00S103CCREDICARD//6258800219JS
:61:070807DD167299,48S103C4464756//6596700219JS
:61:070807DD164304,58S103C3611192//6030500219JS
:61:070807DD150477,29S103C3497748//6030400219JS
:61:070807DD69337,78S202CI23246//3427200219JS
:61:070807DD35151,00S103C4164063//6030800219JS
:61:070807DD27851,36S103C4009909//6030700219JS
:61:070807DD21107,52S103C3074849//6596500219JS
:61:070807DD20776,00S103C4256470//6030300219JS
:61:070807DD15044,00S103C3074718//6596600219JS
:61:070807DD13035,60S103C3545272//6031300219JS
:61:070807DD12085,68S103C4665578//6031700219JS
:61:070807DD12047,38S103C4073862//R-6030200219JS
:61:070807DD11730,60S103C4667144//6031800219JS
:61:070807DD10800,00S103C4536913//6596800219JS
:61:070807DD9526,43S103C3973083//6031200219JS
:61:070807DD9267,30S103C4665779//6031500219JS
:61:070807DD7800,00S103C4546928//6032000219JS
:61:070807DD6042,84S103C4665648//6031400219JS
:61:070807DD4910,00S103C4546928//6031900219JS
:62M:C070807USD3412432,25
-}{5:{CHK:E9F422E6A493}{DLM:}}{S:{COP:P}}${1:F21BODEVE2MAXXX3684575493}{4:{177:0708080801}{451:0}}{1:F01BODEVE2MAXXX3684575493}{2:O9500156070808CHASUS33AXXX85933617780708080803N}{3:{108:DDA0808059459}}{4:
:20:ST08080544749693
:25:544749693
:28C:00152/00002
:60M:C070807USD3412432,25
:61:070807DD4633,68S103C4665934//6031600219JS
:61:070807DD3999,10S103C02376419//6029900219JS
:61:070807DD2055,00S103C4164063//6031100219JS
:61:070807DD1707,50S103C2586937//6030100219JS
:61:070807DD1682,54S103C4009909//6030600219JS
:61:070807DD1573,63S103C2460537//6030000219JS
:62F:C070807USD3396780,80
:64:C070807USD3396780,80
-}{5:{CHK:2A731B9463EB}{DLM:}}{S:{COP:P}}${1:F21BODEVE2MAXXX3685575632}{4:{177:0708090801}{451:0}}{1:F01BODEVE2MAXXX3685575632}{2:O9500155070809CHASUS33CXXX74042987990708090803N}{3:{108:DDA0809094342}}{4:
:20:ST08090544749693
:25:544749693
:28C:00153/00001
:60F:C070808USD3396780,80
:61:070808CD2263554,74NTRF698558//3538800220FC
BANCO OCCIDENTAL DE DESCUENTO BANC
:61:070808CD1971,43NTRFNONREF//0669900220JO
MASTERCARD INTERNATIONAL INCORPORA
:61:070808DD477871,97S103C3870300//6129800220FS
:61:070808DD391551,00S103C3342146//6129600220FS
:61:070808DD188666,23S103C4048744//6129300220FS
:61:070808DD170516,25S103C3780686//6128000220FS
:61:070808DD170241,38S103C4271740//6128400220FS
:61:070808DD130667,44S103C3596429//6130400220FS
:61:070808DD62395,13S103C3462130//6127300220FS
:61:070808DD61738,79S103C3815785//6130700220FS
:61:070808DD60806,00S103C3517224//6127400220FS
:61:070808DD49200,00S103C3761271//6127500220FS
:61:070808DD49200,00S103C3761175//6127600220FS
:61:070808DD44385,00S103C3360697//6127800220FS
:61:070808DD41674,81S103C4460347//6129700220FS
:61:070808DD39363,00S103C4077342//6129000220FS
:61:070808DD38710,80S103C4179700//6129200220FS
:61:070808DD37535,00S103C3549608//6130600220FS
:61:070808DD36618,00S103C4208219//6129400220FS
:61:070808DD36361,00S103C4458823//6128900220FS
:61:070808DD32985,00S103C3360627//6127900220FS
:61:070808DD31862,44S103CIPSSENDERO//6236100220FS
:61:070808DD28438,50S103C3554890//6130300220FS
:61:070808DD23885,00S103C3360757//6127700220FS
:61:070808DD18200,00S103C4131078//6129500220FS
:61:070808DD9394,04S103C4460209//6130000220FS
:61:070808DD8370,27S103C4783014//6130900220FS
:61:070808DD7498,50S103C3806841//6130100220FS
:61:070808DD7374,58S103C4077342//6129100220FS
:61:070808DD6986,00S103C3886858//6132300220FS
:61:070808DD5717,20S103C3780686//6128100220FS
:62M:C070808USD3394093,64
-}{5:{CHK:41B37BD57A24}{DLM:}}{S:{COP:P}}${1:F21BODEVE2MAXXX3685575633}{4:{177:0708090801}{451:0}}{1:F01BODEVE2MAXXX3685575633}{2:O9500155070809CHASUS33CXXX74042988000708090803N}{3:{108:DDA0809094343}}{4:
:20:ST08090544749693
:25:544749693
:28C:00153/00002
:60M:C070808USD3394093,64
:61:070808DD4364,85S103C3816480//6130200220FS
:61:070808DD4211,54S202CI23272//3218600220FS
:61:070808DD3900,00S103C4783014//6130800220FS
:61:070808DD3900,00S103C4881945//6132400220FS
:61:070808DD3861,00S103C4994476//6131900220FS
:61:070808DD3045,00S103C2586949//6130500220FS
:61:070808DD2433,00S103C4994211//6133100220FS
:61:070808DD2000,00S103C3927077//6131800220FS
:61:070808DD300,00S103C882506-31-2//6131700220FS
:61:070808DD300,00S103C0882506-31-1//6132000220FS
:61:070808DD300,00S103C2050600-15//6132100220FS
:61:070808DD300,00S103C2171468-11//6132200220FS
:61:070808DD300,00S103C415380-24//6132500220FS
:61:070808DD300,00S103C3715514-3//6237700220FS
:61:070808DD300,00S103C4360777-2//6237800220FS
:61:070808DD300,00S103C1482281-24//6131600220FS
:61:070808DD200,00NMSCBOD2007072602//R-1436900220II
BK AMER NYC NEW YORK NY 10001     
:62F:C070808USD3363778,25
:64:C070808USD3363778,25
-}{5:{CHK:3F400035ED8B}{DLM:}}{S:{COP:S}}${1:F21BODEVE2MAXXX3687575748}{4:{177:0708100801}{451:0}}{1:F01BODEVE2MAXXX3687575748}{2:O9500208070810CHASUS33DXXX18503696060708100803N}{3:{108:DDA0810127264}}{4:
:20:ST08100544749693
:25:544749693
:28C:00154/00001
:60F:C070809USD3363778,25
:61:070809CD1885843,55NTRF698739//3161400221FC
BANCO OCCIDENTAL DE DESCUENTO BANC
:61:070809CD600000,00NTRFNONREF//3113100221FC
BANCO OCCIDENTAL DE DESCUENTO SACA
:61:070809CD386332,00NTRFNONREF//1946700221JO
PRODUCTORA DE ALCOHOLES SANTA RITA
:61:070809CD259280,41NTRFNONE//0625101221FF
WACHOVIA BANK NATIONAL ASSOCIATION
:61:070809DD1300000,00S202TRAS.FDS.0708091//3003400221JS
:61:070809DD501001,98S103C4212537//5836000221JS
:61:070809DD144602,74S202CI23298//2932200221JS
:61:070809DD135000,00S103C3902160//6770100221JS
:61:070809DD100830,00S103C3899057//6769700221JS
:61:070809DD91706,96S202CR5120//3652900221JS
:61:070809DD72975,00S103C3923230//6770300221JS
:61:070809DD65256,00S103C3313758//5835400221JS
:61:070809DD59383,50S103C4145593//5833100221JS
:61:070809DD51359,22S103C4131198//5834200221JS
:61:070809DD44458,58S103CV-1//5836500221JS
:61:070809DD43699,20S103C4039907//5832700221JS
:61:070809DD36300,00S103C3912964//6770800221JS
:61:070809DD33000,00S103C4193671//6769600221JS
:61:070809DD26400,00S103C4193781//6769100221JS
:61:070809DD26400,00S103C4193727//6769800221JS
:61:070809DD25920,00S103C4236446//5832600221JS
:61:070809DD25041,95S103C4245181//5836400221JS
:61:070809DD23100,00S103C4193629//6769500221JS
:61:070809DD23100,00S103C4193558//6769900221JS
:61:070809DD12796,32S202CR5120//3577200221JS
:61:070809DD11432,35S103CV-2//5836800221JS
:61:070809DD9840,00S103C4201546//5835600221JS
:61:070809DD9500,00S103C4045848//6770700221JS
:61:070809DD7800,00S103C4253316//5843100221JS
:61:070809DD5543,25S103C4045697//6770400221JS
:62M:C070809USD3608787,16
-}{5:{CHK:3E50EF6F604D}{DLM:}}{S:{COP:S}}${1:F21BODEVE2MAXXX3687575749}{4:{177:0708100801}{451:0}}{1:F01BODEVE2MAXXX3687575749}{2:O9500208070810CHASUS33DXXX18503696070708100803N}{3:{108:DDA0810127265}}{4:
:20:ST08100544749693
:25:544749693
:28C:00154/00002
:60M:C070809USD3608787,16
:61:070809DD5200,00S103C3395397//5852700221JS
:61:070809DD3978,27S103C3929454//5834600221JS
:61:070809DD3275,00S103C4147620//6770000221JS
:61:070809DD3160,00S103C3932058//6770200221JS
:61:070809DD1714,35S103C4145593//5833400221JS
:61:070809DD600,00S103C4262357-4//5849500221JS
:61:070809DD300,00S103C3463447-9-4//5840100221JS
:61:070809DD300,00S103C3371576-10//5840200221JS
:61:070809DD300,00S103C3463447-9-3//5840300221JS
:61:070809DD300,00S103C3463447-9-1//5840400221JS
:61:070809DD300,00S103C3463447-9-2//5840500221JS
:61:070809DD300,00S103C3489152-8//5840600221JS
:61:070809DD300,00S103C3463894-8-1//5842100221JS
:61:070809DD300,00S103C3463894-8-2//5842200221JS
:61:070809DD300,00S103C0894630-35//5844800221JS
:61:070809DD300,00S103C1120009-14//5844900221JS
:61:070809DD300,00S103C1413940-28//5845000221JS
:61:070809DD300,00S103C2087387-8//5849000221JS
:61:070809DD300,00S103C2963988-8//5849200221JS
:61:070809DD300,00S103C3604364-6//5849300221JS
:61:070809DD300,00S103C3967932-5//5849400221JS
:61:070809DD300,00S103C4325657-4//5850800221JS
:61:070809DD300,00S103C4550009-2//5851700221JS
:61:070809DD300,00S103C4081994-5//5842300221JS
:61:070809DD300,00S103C3839108-6//5842400221JS
:61:070809DD300,00S103C0461672-31//5844700221JS
:61:070809DD300,00S103C2893599-6//5849100221JS
:61:070809DD300,00S103C4265949-4//5849600221JS
:61:070809DD300,00S103C4266527-3//5849700221JS
:61:070809DD280,00S103C3617363-8//5840700221JS
:62F:C070809USD3583679,54
:64:C070809USD3583679,54
-}{5:{CHK:D0F0B66D7826}{DLM:}}{S:{COP:S}}
