{1:F21VZCRVECAAXXX5410610696}{4:{177:0404021720}{451:0}}{1:F01VZCRVECAAXXX5410610696}{2:09501717040402VZCRVECAAXXX40812675430404021720N}{3:{108:SCONNECT}}{4:
:20:MI080303
:25:2222222222
:28C:0323/001
:60F:C080303VEF000000000000,00
:61:080303C000000000341,50NTRF000000000555//180009
PAGO
:61:080303C000000000823,04NTRF000000000133//180009
PAGO
:61:080303C000000022271,52NTRF000000000212//180009
PAGO
:61:080303C000000000373,00NTRF000000000886//180009
PAGO
:61:080303C000000028400,44NTRF000000000869//180009
PAGO
:61:080303C000000000629,00NTRF000000000590//180009
PAGO
:62M:C080303VEF000000052838,50
-}{5:{CHK:1143FB20924B}}{S:{COP:S}}${1:F21VZCRVECAAXXX5410610696}{4:{177:0404021720}{451:0}}{1:F01VZCRVECAAXXX5410610696}{2:09501717040402VZCRVECAAXXX40812675430404021720N}{3:{108:SCONNECT}}{4:
:20:MI080303
:25:2222222222
:28C:0323/002
:60M:C080303VEF000000052838,50
:61:080303C000000000431,00NTRF000000000554//180009
PAGO
:61:080303C000000000483,92NTRF000000000131//180009
PAGO
:61:080303C000000000037,16NTRF000000000132//180009
PAGO
:61:080303C000000000111,47NTRF000000000130//180009
PAGO
:61:080303C000000249212,74NTRF000000001496//180009
PAGO
:61:080303C000000013254,41NTRF000000000591//180009
PAGO
:61:080303C000000004402,88NTRF000000000576//180009
PAGO
:61:080303C000000000735,00NTRF000000000503//180009
PAGO
:61:080303C000000000431,23NTRF000000000450//180009
PAGO
:62M:C080303VEF000000321938,31
-}{5:{CHK:1143FB20924B}}{S:{COP:S}}${1:F21VZCRVECAAXXX5410610696}{4:{177:0404021720}{451:0}}{1:F01VZCRVECAAXXX5410610696}{2:09501717040402VZCRVECAAXXX40812675430404021720N}{3:{108:SCONNECT}}{4:
:20:MI080303
:25:2222222222
:28C:0323/003
:60M:C080303VEF000000321938,31
:61:080303C000000001050,00NTRF000000000437//180009
PAGO
:61:080303C000000004563,00NTRF000000000438//180009
PAGO
:61:080303C000000001170,00NTRF000000001417//180009
PAGO
:61:080303C000000006000,00NTRF000000000966//180009
PAGO
:61:080303C000000001500,00NTRF000000000967//180009
PAGO
:61:080303C000000015016,09NTRF000000000951//180009
PAGO
:61:080303C000000044564,67NTRF000000000948//180009
PAGO
:61:080303C000000001520,00NTRF000000000923//180009
PAGO
:61:080303C000000000500,00NTRF000000221569//180009
PAGO
:62M:C080303VEF000000397822,07
-}{5:{CHK:1143FB20924B}}{S:{COP:S}}${1:F21VZCRVECAAXXX5410610696}{4:{177:0404021720}{451:0}}{1:F01VZCRVECAAXXX5410610696}{2:09501717040402VZCRVECAAXXX40812675430404021720N}{3:{108:SCONNECT}}{4:
:20:MI080303
:25:2222222222
:28C:0323/004
:60M:C080303VEF000000397822,07
:61:080303C000000000240,00NTRF000000221592//180009
PAGO
:61:080303C000000000500,00NTRF000000221611//180009
PAGO
:61:080303C000000000266,00NTRF000000221657//180009
PAGO
:61:080303C000000002340,00NTRF000000221666//180009
PAGO
:61:080303C000000000350,00NTRF000000221676//180009
PAGO
:61:080303C000000000960,00NTRF000000221723//180009
PAGO
:61:080303C000000003600,00NTRF000000221734//180009
PAGO
:61:080303C000000000200,00NTRF000000221737//180009
PAGO
:61:080303C000000002000,00NTRF000000221835//180009
PAGO
:62M:C080303VEF000000408278,07
-}{5:{CHK:1143FB20924B}}{S:{COP:S}}${1:F21VZCRVECAAXXX5410610696}{4:{177:0404021720}{451:0}}{1:F01VZCRVECAAXXX5410610696}{2:09501717040402VZCRVECAAXXX40812675430404021720N}{3:{108:SCONNECT}}{4:
:20:MI080303
:25:2222222222
:28C:0323/005
:60M:C080303VEF000000408278,07
:61:080303C000000000120,00NTRF000000221850//180009
PAGO
:61:080303C000000000400,00NTRF000000221111//180009
PAGO
:61:080303C000000000180,00NTRF000000221121//180009
PAGO
:61:080303C000000000050,00NTRF000000221245//180009
PAGO
:61:080303C000000002000,00NTRF000000221278//180009
PAGO
:61:080303C000000002000,00NTRF000000221279//180009
PAGO
:61:080303C000000002000,00NTRF000000221300//180009
PAGO
:61:080303C000000001553,00NTRF000000221347//180009
PAGO
:61:080303C000000000048,00NTRF000000221350//180009
PAGO
:62M:C080303VEF000000416629,07
-}{5:{CHK:1143FB20924B}}{S:{COP:S}}${1:F21VZCRVECAAXXX5410610696}{4:{177:0404021720}{451:0}}{1:F01VZCRVECAAXXX5410610696}{2:09501717040402VZCRVECAAXXX40812675430404021720N}{3:{108:SCONNECT}}{4:
:20:MI080303
:25:2222222222
:28C:0323/006
:60M:C080303VEF000000416629,07
:61:080303C000000004000,00NTRF000000221388//180009
PAGO
:61:080303C000000000106,00NTRF000000221462//180009
PAGO
:61:080303C000000000040,00NTRF000000221484//180009
PAGO
:61:080303C000000000500,00NTRF000000221505//180009
PAGO
:61:080303C000000000700,00NTRF000000221538//180009
PAGO
:61:080303C000000002500,00NTRF000000220585//180009
PAGO
:61:080303C000000000146,50NTRF000000220608//180009
PAGO
:61:080303C000000000200,00NTRF000000220666//180009
PAGO
:61:080303C000000002000,00NTRF000000220679//180009
PAGO
:62M:C080303VEF000000426821,57
-}{5:{CHK:1143FB20924B}}{S:{COP:S}}${1:F21VZCRVECAAXXX5410610696}{4:{177:0404021720}{451:0}}{1:F01VZCRVECAAXXX5410610696}{2:09501717040402VZCRVECAAXXX40812675430404021720N}{3:{108:SCONNECT}}{4:
:20:MI080303
:25:2222222222
:28C:0323/007
:60M:C080303VEF000000426821,57
:61:080303C000000000400,00NTRF000000220809//180009
PAGO
:61:080303C000000000200,00NTRF000000220827//180009
PAGO
:61:080303C000000003000,00NTRF000000220851//180009
PAGO
:61:080303C000000000200,00NTRF000000220938//180009
PAGO
:61:080303C000000000050,00NTRF000000220946//180009
PAGO
:61:080303C000000001505,00NTRF000000221032//180009
PAGO
:61:080303C000000000150,00NTRF000000221072//180009
PAGO
:61:080303C000000000300,00NTRF000000221074//180009
PAGO
:61:080303C000000000874,67NTRF000000221091//180009
PAGO
:62M:C080303VEF000000433501,24
-}{5:{CHK:1143FB20924B}}{S:{COP:S}}${1:F21VZCRVECAAXXX5410610696}{4:{177:0404021720}{451:0}}{1:F01VZCRVECAAXXX5410610696}{2:09501717040402VZCRVECAAXXX40812675430404021720N}{3:{108:SCONNECT}}{4:
:20:MI080303
:25:2222222222
:28C:0323/008
:60M:C080303VEF000000433501,24
:61:080303C000000000400,00NTRF000000219888//180009
PAGO
:61:080303C000000000075,00NTRF000000219897//180009
PAGO
:61:080303C000000000181,90NTRF000000219924//180009
PAGO
:61:080303C000000014700,00NTRF000000220163//180009
PAGO
:61:080303C000000000260,00NTRF000000220202//180009
PAGO
:61:080303C000000000010,00NTRF000000220227//180009
PAGO
:61:080303C000000004000,00NTRF000000220242//180009
PAGO
:61:080303C000000000100,00NTRF000000220269//180009
PAGO
:61:080303C000000000400,00NTRF000000220319//180009
PAGO
:62M:C080303VEF000000453628,14
-}{5:{CHK:1143FB20924B}}{S:{COP:S}}${1:F21VZCRVECAAXXX5410610696}{4:{177:0404021720}{451:0}}{1:F01VZCRVECAAXXX5410610696}{2:09501717040402VZCRVECAAXXX40812675430404021720N}{3:{108:SCONNECT}}{4:
:20:MI080303
:25:2222222222
:28C:0323/009
:60M:C080303VEF000000453628,14
:61:080303C000000002762,50NTRF000000220332//180009
PAGO
:61:080303C000000002000,00NTRF000000220350//180009
PAGO
:61:080303C000000002000,00NTRF000000220353//180009
PAGO
:61:080303C000000005446,00NTRF000003666352//180009
PAGO
:61:080303C000000011076,78NTRF000003666355//180009
PAGO
:61:080303C000000004200,00NTRF000000222945//180009
PAGO
:61:080303C000000001000,00NTRF000000222966//180009
PAGO
:61:080303C000000000150,00NTRF000000222982//180009
PAGO
:61:080303C000000000150,00NTRF000000223052//180009
PAGO
:62M:C080303VEF000000482413,42
-}{5:{CHK:1143FB20924B}}{S:{COP:S}}${1:F21VZCRVECAAXXX5410610696}{4:{177:0404021720}{451:0}}{1:F01VZCRVECAAXXX5410610696}{2:09501717040402VZCRVECAAXXX40812675430404021720N}{3:{108:SCONNECT}}{4:
:20:MI080303
:25:2222222222
:28C:0323/010
:60M:C080303VEF000000482413,42
:61:080303C000000000140,00NTRF000000223080//180009
PAGO
:61:080303C000000000400,00NTRF000000223095//180009
PAGO
:61:080303C000000001500,00NTRF000000223110//180009
PAGO
:61:080303C000000000200,50NTRF000000224071//180009
PAGO
:61:080303C000000000200,00NTRF000000224077//180009
PAGO
:61:080303C000000001000,00NTRF000000224106//180009
PAGO
:61:080303C000000000500,00NTRF000000224182//180009
PAGO
:61:080303C000000000451,00NTRF000000223337//180009
PAGO
:61:080303C000000001130,17NTRF000000000129//180009
PAGO
:62M:C080303VEF000000487935,09
-}{5:{CHK:1143FB20924B}}{S:{COP:S}}${1:F21VZCRVECAAXXX5410610696}{4:{177:0404021720}{451:0}}{1:F01VZCRVECAAXXX5410610696}{2:09501717040402VZCRVECAAXXX40812675430404021720N}{3:{108:SCONNECT}}{4:
:20:MI080303
:25:2222222222
:28C:0323/011
:60M:C080303VEF000000487935,09
:61:080303C000000000700,00NTRF000000000104//180009
PAGO
:61:080303C000000000360,00NTRF000008798038//180009
PAGO
:61:080303C000000000900,00NTRF000052819561//180009
PAGO
:61:080303C000000000085,00NTRF000052820810//180009
PAGO
:61:080303C000000000230,00NTRF000052821156//180009
PAGO
:61:080303C000000002000,00NTRF000052821812//180009
PAGO
:61:080303C000000000370,00NTRF000052822405//180009
PAGO
:61:080303C000000000270,22NTRF000052824940//180009
PAGO
:61:080303C000000002500,00NTRF000052825194//180009
PAGO
:62M:C080303VEF000000495350,31
-}{5:{CHK:1143FB20924B}}{S:{COP:S}}${1:F21VZCRVECAAXXX5410610696}{4:{177:0404021720}{451:0}}{1:F01VZCRVECAAXXX5410610696}{2:09501717040402VZCRVECAAXXX40812675430404021720N}{3:{108:SCONNECT}}{4:
:20:MI080303
:25:2222222222
:28C:0323/012
:60M:C080303VEF000000495350,31
:61:080303C000000002000,00NTRF000052825334//180009
PAGO
:61:080303C000000001099,00NTRF000052825382//180009
PAGO
:61:080303C000000000008,00NTRF000052826734//180009
PAGO
:61:080303C000000002000,00NTRF000052827375//180009
PAGO
:61:080303C000000000450,00NTRF000052827692//180009
PAGO
:61:080303C000000000460,00NTRF000052829420//180009
PAGO
:61:080303C000000000150,00NTRF000052843453//180009
PAGO
:61:080303C000000000300,00NTRF000052845354//180009
PAGO
:61:080303C000000000200,00NTRF000052845914//180009
PAGO
:62M:C080303VEF000000502017,31
-}{5:{CHK:1143FB20924B}}{S:{COP:S}}${1:F21VZCRVECAAXXX5410610696}{4:{177:0404021720}{451:0}}{1:F01VZCRVECAAXXX5410610696}{2:09501717040402VZCRVECAAXXX40812675430404021720N}{3:{108:SCONNECT}}{4:
:20:MI080303
:25:2222222222
:28C:0323/013
:60M:C080303VEF000000502017,31
:61:080303C000000000514,47NTRF000052832102//180009
PAGO
:61:080303C000000002500,00NTRF000052832220//180009
PAGO
:61:080303C000000000300,00NTRF000052832651//180009
PAGO
:61:080303C000000002500,00NTRF000052833104//180009
PAGO
:61:080303C000000000400,00NTRF000052833874//180009
PAGO
:61:080303C000000000140,00NTRF000052834191//180009
PAGO
:61:080303C000000000300,00NTRF000052854852//180009
PAGO
:61:080303C000000000650,00NTRF000052855121//180009
PAGO
:61:080303C000000000650,00NTRF000052855132//180009
PAGO
:62M:C080303VEF000000509971,78
-}{5:{CHK:1143FB20924B}}{S:{COP:S}}${1:F21VZCRVECAAXXX5410610696}{4:{177:0404021720}{451:0}}{1:F01VZCRVECAAXXX5410610696}{2:09501717040402VZCRVECAAXXX40812675430404021720N}{3:{108:SCONNECT}}{4:
:20:MI080303
:25:2222222222
:28C:0323/014
:60M:C080303VEF000000509971,78
:61:080303C000000000401,00NTRF000052857302//180009
PAGO
:61:080303C000000002000,00NTRF000052857851//180009
PAGO
:61:080303C000000000200,00NTRF000052859726//180009
PAGO
:61:080303C000000000050,00NTRF000052859903//180009
PAGO
:61:080303C000000000500,00NTRF000052861406//180009
PAGO
:61:080303C000000000550,00NTRF000052861546//180009
PAGO
:61:080303C000000002000,00NTRF000052872002//180009
PAGO
:61:080303C000000002000,00NTRF000052873166//180009
PAGO
:61:080303C000000000800,00NTRF000052874894//180009
PAGO
:62M:C080303VEF000000518472,78
-}{5:{CHK:1143FB20924B}}{S:{COP:S}}${1:F21VZCRVECAAXXX5410610696}{4:{177:0404021720}{451:0}}{1:F01VZCRVECAAXXX5410610696}{2:09501717040402VZCRVECAAXXX40812675430404021720N}{3:{108:SCONNECT}}{4:
:20:MI080303
:25:2222222222
:28C:0323/015
:60M:C080303VEF000000518472,78
:61:080303C000000000500,00NTRF000052875281//180009
PAGO
:61:080303C000000000020,00NTRF000052876950//180009
PAGO
:61:080303C000000000662,40NTRF000052852833//180009
PAGO
:61:080303C000000001700,00NTRF000052853485//180009
PAGO
:61:080303C000000000100,00NTRF000052853872//180009
PAGO
:61:080303C000000000600,00NTRF000052854255//180009
PAGO
:61:080303C000000000060,00NTRF000052884064//180009
PAGO
:61:080303C000000005000,00NTRF000052861815//180009
PAGO
:61:080303C000000000900,00NTRF000052862224//180009
PAGO
:62M:C080303VEF000000528015,18
-}{5:{CHK:1143FB20924B}}{S:{COP:S}}${1:F21VZCRVECAAXXX5410610696}{4:{177:0404021720}{451:0}}{1:F01VZCRVECAAXXX5410610696}{2:09501717040402VZCRVECAAXXX40812675430404021720N}{3:{108:SCONNECT}}{4:
:20:MI080303
:25:2222222222
:28C:0323/016
:60M:C080303VEF000000528015,18
:61:080303C000000000974,00NTRF000052865503//180009
PAGO
:61:080303C000000000030,50NTRF000052867135//180009
PAGO
:61:080303C000000000500,00NTRF000052867360//180009
PAGO
:61:080303C000000000130,00NTRF000052868524//180009
PAGO
:61:080303C000000001000,00NTRF000052869250//180009
PAGO
:61:080303C000000000080,00NTRF000052869972//180009
PAGO
:61:080303C000000000294,00NTRF000052882734//180009
PAGO
:61:080303C000000000350,00NTRF000052880063//180009
PAGO
:61:080303C000000000399,50NTRF000052878685//180009
PAGO
:62M:C080303VEF000000531773,18
-}{5:{CHK:1143FB20924B}}{S:{COP:S}}${1:F21VZCRVECAAXXX5410610696}{4:{177:0404021720}{451:0}}{1:F01VZCRVECAAXXX5410610696}{2:09501717040402VZCRVECAAXXX40812675430404021720N}{3:{108:SCONNECT}}{4:
:20:MI080303
:25:2222222222
:28C:0323/017
:60M:C080303VEF000000531773,18
:61:080303C000000058000,00NTRF000052878534//180009
PAGO
:61:080303C000000085000,00NTRF000052878184//180009
PAGO
:61:080303C000000000300,00NTRF000052885954//180009
PAGO
:61:080303C000000000101,00NTRF000052885184//180009
PAGO
:61:080303C000000000018,00NTRF000052884123//180009
PAGO
:61:080303C000000000155,00NTRF000052884075//180009
PAGO
:61:080303C000000000500,00NTRF000052840605//180009
PAGO
:61:080303C000000000100,00NTRF000052843324//180009
PAGO
:61:080303C000000000500,00NTRF000052851492//180009
PAGO
:62M:C080303VEF000000676447,18
-}{5:{CHK:1143FB20924B}}{S:{COP:S}}${1:F21VZCRVECAAXXX5410610696}{4:{177:0404021720}{451:0}}{1:F01VZCRVECAAXXX5410610696}{2:09501717040402VZCRVECAAXXX40812675430404021720N}{3:{108:SCONNECT}}{4:
:20:MI080303
:25:2222222222
:28C:0323/018
:60M:C080303VEF000000676447,18
:61:080303C000000002179,00NTRF000052852435//180009
PAGO
:61:080303C000000000300,00NTRF000052887284//180009
PAGO
:61:080303C000000000100,00NTRF000052855596//180009
PAGO
:61:080303C000000000500,00NTRF000052851536//180009
PAGO
:61:080303C000000000200,00NTRF000052785891//180009
PAGO
:61:080303C000000000500,00NTRF000052802201//180009
PAGO
:61:080303C000000000400,00NTRF000052802315//180009
PAGO
:61:080303C000000000050,00NTRF000052809595//180009
PAGO
:61:080303C000000001000,00NTRF000052838100//180009
PAGO
:62M:C080303VEF000000681676,18
-}{5:{CHK:1143FB20924B}}{S:{COP:S}}${1:F21VZCRVECAAXXX5410610696}{4:{177:0404021720}{451:0}}{1:F01VZCRVECAAXXX5410610696}{2:09501717040402VZCRVECAAXXX40812675430404021720N}{3:{108:SCONNECT}}{4:
:20:MI080303
:25:2222222222
:28C:0323/019
:60M:C080303VEF000000681676,18
:61:080303C000000001000,00NTRF000052835322//180009
PAGO
:61:080303C000000000770,00NTRF000052826583//180009
PAGO
:61:080303C000000002500,00NTRF000052819546//180009
PAGO
:61:080303C000000000485,94NTRF000052877440//180009
PAGO
:61:080303C000000001046,05NTRF000052877801//180009
PAGO
:61:080303C000000000431,62NTRF000052877996//180009
PAGO
:61:080303C000000000370,97NTRF000052878383//180009
PAGO
:61:080303C000000000680,26NTRF000052878545//180009
PAGO
:61:080303C000000005000,00NTRF000052879374//180009
PAGO
:62M:C080303VEF000000693961,02
-}{5:{CHK:1143FB20924B}}{S:{COP:S}}${1:F21VZCRVECAAXXX5410610696}{4:{177:0404021720}{451:0}}{1:F01VZCRVECAAXXX5410610696}{2:09501717040402VZCRVECAAXXX40812675430404021720N}{3:{108:SCONNECT}}{4:
:20:MI080303
:25:2222222222
:28C:0323/020
:60M:C080303VEF000000693961,02
:61:080303C000000000061,00NTRF000052881544//180009
PAGO
:61:080303C000000001400,00NTRF000052846780//180009
PAGO
:61:080303C000000001000,00NTRF000052847093//180009
PAGO
:61:080303C000000000100,00NTRF000052847535//180009
PAGO
:61:080303C000000001840,11NTRF000052847830//180009
PAGO
:61:080303C000000000317,13NTRF000052848574//180009
PAGO
:61:080303C000000000300,00NTRF000052848622//180009
PAGO
:61:080303C000000003100,00NTRF000052849160//180009
PAGO
:61:080303C000000001210,00NTRF000052850103//180009
PAGO
:62M:C080303VEF000000703289,26
-}{5:{CHK:1143FB20924B}}{S:{COP:S}}${1:F21VZCRVECAAXXX5410610696}{4:{177:0404021720}{451:0}}{1:F01VZCRVECAAXXX5410610696}{2:09501717040402VZCRVECAAXXX40812675430404021720N}{3:{108:SCONNECT}}{4:
:20:MI080303
:25:2222222222
:28C:0323/021
:60M:C080303VEF000000703289,26
:61:080303C000000000300,00NTRF000052850254//180009
PAGO
:61:080303C000000004000,00NTRF000052852170//180009
PAGO
:61:080303C000000000700,00NTRF000052852553//180009
PAGO
:61:080303C000000000250,00NTRF000052852590//180009
PAGO
:61:080303C000000002500,00NTRF000052852656//180009
PAGO
:61:080303C000000001000,00NTRF000052838203//180009
PAGO
:61:080303C000000001000,00NTRF000052838306//180009
PAGO
:61:080303C000000000100,00NTRF000052838752//180009
PAGO
:61:080303C000000002400,00NTRF000052840126//180009
PAGO
:62M:C080303VEF000000715539,26
-}{5:{CHK:1143FB20924B}}{S:{COP:S}}${1:F21VZCRVECAAXXX5410610696}{4:{177:0404021720}{451:0}}{1:F01VZCRVECAAXXX5410610696}{2:09501717040402VZCRVECAAXXX40812675430404021720N}{3:{108:SCONNECT}}{4:
:20:MI080303
:25:2222222222
:28C:0323/022
:60M:C080303VEF000000715539,26
:61:080303C000000001900,00NTRF000052840421//180009
PAGO
:61:080303C000000001000,00NTRF000052840701//180009
PAGO
:61:080303C000000000260,00NTRF000052842333//180009
PAGO
:61:080303C000000000800,00NTRF000052842506//180009
PAGO
:61:080303C000000000800,00NTRF000052842694//180009
PAGO
:61:080303C000000000400,00NTRF000052843335//180009
PAGO
:61:080303C000000002000,00NTRF000052843442//180009
PAGO
:61:080303C000000000663,00NTRF000052835171//180009
PAGO
:61:080303C000000000100,00NTRF000052835462//180009
PAGO
:62M:C080303VEF000000723462,26
-}{5:{CHK:1143FB20924B}}{S:{COP:S}}${1:F21VZCRVECAAXXX5410610696}{4:{177:0404021720}{451:0}}{1:F01VZCRVECAAXXX5410610696}{2:09501717040402VZCRVECAAXXX40812675430404021720N}{3:{108:SCONNECT}}{4:
:20:MI080303
:25:2222222222
:28C:0323/023
:60M:C080303VEF000000723462,26
:61:080303C000000000150,00NTRF000052836195//180009
PAGO
:61:080303C000000002500,00NTRF000052836361//180009
PAGO
:61:080303C000000000100,00NTRF000052836582//180009
PAGO
:61:080303C000000001634,00NTRF000052836836//180009
PAGO
:61:080303C000000001000,00NTRF000052837083//180009
PAGO
:61:080303C000000000538,96NTRF000052822103//180009
PAGO
:61:080303C000000000226,00NTRF000052829475//180009
PAGO
:61:080303C000000000600,00NTRF000052829512//180009
PAGO
:61:080303C000000002500,00NTRF000052831074//180009
PAGO
:62M:C080303VEF000000732711,22
-}{5:{CHK:1143FB20924B}}{S:{COP:S}}${1:F21VZCRVECAAXXX5410610696}{4:{177:0404021720}{451:0}}{1:F01VZCRVECAAXXX5410610696}{2:09501717040402VZCRVECAAXXX40812675430404021720N}{3:{108:SCONNECT}}{4:
:20:MI080303
:25:2222222222
:28C:0323/024
:60M:C080303VEF000000732711,22
:61:080303C000000001100,00NTRF000052811242//180009
PAGO
:61:080303C000000002500,00NTRF000052813493//180009
PAGO
:61:080303C000000000500,00NTRF000052813703//180009
PAGO
:61:080303C000000000500,00NTRF000052814112//180009
PAGO
:61:080303C000000002500,00NTRF000052815184//180009
PAGO
:61:080303C000000000080,00NTRF000052798410//180009
PAGO
:61:080303C000000000130,00NTRF000052799924//180009
PAGO
:61:080303C000000001500,00NTRF000052800694//180009
PAGO
:61:080303C000000000200,00NTRF000052803236//180009
PAGO
:62M:C080303VEF000000741721,22
-}{5:{CHK:1143FB20924B}}{S:{COP:S}}${1:F21VZCRVECAAXXX5410610696}{4:{177:0404021720}{451:0}}{1:F01VZCRVECAAXXX5410610696}{2:09501717040402VZCRVECAAXXX40812675430404021720N}{3:{108:SCONNECT}}{4:
:20:MI080303
:25:2222222222
:28C:0323/025
:60M:C080303VEF000000741721,22
:61:080303C000000002000,00NTRF000052803903//180009
PAGO
:61:080303C000000000300,00NTRF000052804430//180009
PAGO
:61:080303C000000001000,00NTRF000052805476//180009
PAGO
:61:080303C000000000700,00NTRF000052806202//180009
PAGO
:61:080303C000000000194,00NTRF000052792773//180009
PAGO
:61:080303C000000000200,00NTRF000052793775//180009
PAGO
:61:080303C000000000700,00NTRF000052794523//180009
PAGO
:61:080303C000000000100,00NTRF000052796041//180009
PAGO
:61:080303C000000000350,00NTRF000052796166//180009
PAGO
:62M:C080303VEF000000747265,22
-}{5:{CHK:1143FB20924B}}{S:{COP:S}}${1:F21VZCRVECAAXXX5410610696}{4:{177:0404021720}{451:0}}{1:F01VZCRVECAAXXX5410610696}{2:09501717040402VZCRVECAAXXX40812675430404021720N}{3:{108:SCONNECT}}{4:
:20:MI080303
:25:2222222222
:28C:0323/026
:60M:C080303VEF000000747265,22
:61:080303C000000000500,00NTRF000052796214//180009
PAGO
:61:080303C000000000200,00NTRF000052797371//180009
PAGO
:61:080303C000000000487,00NTRF000052797570//180009
PAGO
:61:080303C000000000700,00NTRF000052797953//180009
PAGO
:61:080303C000000002772,75NTRF000052778504//180009
PAGO
:61:080303C000000001500,00NTRF000052782575//180009
PAGO
:61:080303C000000001500,00NTRF000052783135//180009
PAGO
:61:080303C000000000100,00NTRF000052784793//180009
PAGO
:61:080303C000000000600,00NTRF000052784874//180009
PAGO
:62M:C080303VEF000000755624,97
-}{5:{CHK:1143FB20924B}}{S:{COP:S}}${1:F21VZCRVECAAXXX5410610696}{4:{177:0404021720}{451:0}}{1:F01VZCRVECAAXXX5410610696}{2:09501717040402VZCRVECAAXXX40812675430404021720N}{3:{108:SCONNECT}}{4:
:20:MI080303
:25:2222222222
:28C:0323/027
:60M:C080303VEF000000755624,97
:61:080303C000000001000,00NTRF000052787755//180009
PAGO
:61:080303C000000000500,00NTRF000052789715//180009
PAGO
:61:080303C000000000100,00NTRF000052789844//180009
PAGO
:61:080303C000000002000,00NTRF000052806644//180009
PAGO
:61:080303C000000000184,04NTRF000052807311//180009
PAGO
:61:080303C000000001000,00NTRF000052807436//180009
PAGO
:61:080303C000000000500,00NTRF000052808545//180009
PAGO
:61:080303C000000000300,00NTRF000052810645//180009
PAGO
:61:080303C000000000200,00NTRF000052791594//180009
PAGO
:62M:C080303VEF000000761409,01
-}{5:{CHK:1143FB20924B}}{S:{COP:S}}${1:F21VZCRVECAAXXX5410610696}{4:{177:0404021720}{451:0}}{1:F01VZCRVECAAXXX5410610696}{2:09501717040402VZCRVECAAXXX40812675430404021720N}{3:{108:SCONNECT}}{4:
:20:MI080303
:25:2222222222
:28C:0323/028
:60M:C080303VEF000000761409,01
:61:080303C000000000500,00NTRF000052792250//180009
PAGO
:61:080303C000000000250,00NTRF000052792283//180009
PAGO
:61:080303C000000001200,00NTRF000052792460//180009
PAGO
:61:080303C000000002500,00NTRF000052816853//180009
PAGO
:61:080303C000000000772,00NTRF000052817391//180009
PAGO
:61:080303C000000002000,00NTRF000052817715//180009
PAGO
:61:080303C000000002000,00NTRF000052819281//180009
PAGO
:61:080303C000000001500,00NTRF000052819535//180009
PAGO
:61:080303C000000003721,90NTRF000000795493//180009
PAGO
:62M:C080303VEF000000775852,91
-}{5:{CHK:1143FB20924B}}{S:{COP:S}}${1:F21VZCRVECAAXXX5410610696}{4:{177:0404021720}{451:0}}{1:F01VZCRVECAAXXX5410610696}{2:09501717040402VZCRVECAAXXX40812675430404021720N}{3:{108:SCONNECT}}{4:
:20:MI080303
:25:2222222222
:28C:0323/029
:60M:C080303VEF000000775852,91
:61:080303C000000015951,00NTRF000000796230//180009
PAGO
:61:080303C000000007178,14NTRF000000796584//180009
PAGO
:61:080303C000000098880,60NTRF000000796106//180009
PAGO
:61:080303C000000000492,00NTRF000000795907//180009
PAGO
:61:080303C000000023089,50NTRF000000797896//180009
PAGO
:61:080303C000000000015,00NTRF000000016320//180009
PAGO
:61:080303C000000003000,00NTRF000000016235//180009
PAGO
:61:080303C000000000200,00NTRF000000016156//180009
PAGO
:61:080303C000000002000,00NTRF000000016057//180009
PAGO
:62M:C080303VEF000000926659,15
-}{5:{CHK:1143FB20924B}}{S:{COP:S}}${1:F21VZCRVECAAXXX5410610696}{4:{177:0404021720}{451:0}}{1:F01VZCRVECAAXXX5410610696}{2:09501717040402VZCRVECAAXXX40812675430404021720N}{3:{108:SCONNECT}}{4:
:20:MI080303
:25:2222222222
:28C:0323/030
:60M:C080303VEF000000926659,15
:61:080303C000000001000,00NTRF000000016047//180009
PAGO
:61:080303C000000002300,00NTRF000000015914//180009
PAGO
:61:080303C000000002000,00NTRF000000015901//180009
PAGO
:61:080303C000000000800,00NTRF000000015876//180009
PAGO
:61:080303C000000000500,00NTRF000000015863//180009
PAGO
:61:080303C000000000100,00NTRF000000012755//180009
PAGO
:61:080303C000000000400,00NTRF000000016325//180009
PAGO
:61:080303C000000000520,00NTRF000000052659//180009
PAGO
:61:080303C000000001000,00NTRF000000052874//180009
PAGO
:62M:C080303VEF000000935279,15
-}{5:{CHK:1143FB20924B}}{S:{COP:S}}${1:F21VZCRVECAAXXX5410610696}{4:{177:0404021720}{451:0}}{1:F01VZCRVECAAXXX5410610696}{2:09501717040402VZCRVECAAXXX40812675430404021720N}{3:{108:SCONNECT}}{4:
:20:MI080303
:25:2222222222
:28C:0323/031
:60M:C080303VEF000000935279,15
:61:080303C000000000500,00NTRF000000052688//180009
PAGO
:61:080303C000000000392,70NTRF000000052173//180009
PAGO
:61:080303C000000000500,00NTRF000000052153//180009
PAGO
:61:080303C000000000500,00NTRF000000052605//180009
PAGO
:61:080303C000000000400,00NTRF000000052591//180009
PAGO
:61:080303C000000000590,00NTRF000000052394//180009
PAGO
:61:080303C000000002684,77NTRF000000052395//180009
PAGO
:61:080303C000000001191,06NTRF000000052358//180009
PAGO
:61:080303C000000004624,00NTRF000000052269//180009
PAGO
:62M:C080303VEF000000946661,68
-}{5:{CHK:1143FB20924B}}{S:{COP:S}}${1:F21VZCRVECAAXXX5410610696}{4:{177:0404021720}{451:0}}{1:F01VZCRVECAAXXX5410610696}{2:09501717040402VZCRVECAAXXX40812675430404021720N}{3:{108:SCONNECT}}{4:
:20:MI080303
:25:2222222222
:28C:0323/032
:60M:C080303VEF000000946661,68
:61:080303C000000000545,00NTRF000000052270//180009
PAGO
:61:080303C000000000200,00NTRF000000052259//180009
PAGO
:61:080303C000000000290,00NTRF000000052231//180009
PAGO
:61:080303C000000008064,35NTRF000000052051//180009
PAGO
:61:080303C000000002550,00NTRF000000052008//180009
PAGO
:61:080303C000000001200,00NTRF000000052871//180009
PAGO
:61:080303C000000002069,93NTRF000000052920//180009
PAGO
:61:080303C000000001450,00NTRF000000053214//180009
PAGO
:61:080303C000000000100,00NTRF000000053318//180009
PAGO
:62M:C080303VEF000000963130,96
-}{5:{CHK:1143FB20924B}}{S:{COP:S}}${1:F21VZCRVECAAXXX5410610696}{4:{177:0404021720}{451:0}}{1:F01VZCRVECAAXXX5410610696}{2:09501717040402VZCRVECAAXXX40812675430404021720N}{3:{108:SCONNECT}}{4:
:20:MI080303
:25:2222222222
:28C:0323/033
:60M:C080303VEF000000963130,96
:61:080303C000000000015,00NTRF000000053029//180009
PAGO
:61:080303C000000000030,00NTRF000000053892//180009
PAGO
:61:080303C000000000300,00NTRF000000051917//180009
PAGO
:61:080303C000000000900,00NTRF000000051880//180009
PAGO
:61:080303C000000000499,00NTRF000000051635//180009
PAGO
:61:080303C000000000300,00NTRF000000051619//180009
PAGO
:61:080303C000000000500,00NTRF000000051549//180009
PAGO
:61:080303C000000000600,00NTRF000000051528//180009
PAGO
:61:080303C000000001005,00NTRF000000051536//180009
PAGO
:62M:C080303VEF000000967279,96
-}{5:{CHK:1143FB20924B}}{S:{COP:S}}${1:F21VZCRVECAAXXX5410610696}{4:{177:0404021720}{451:0}}{1:F01VZCRVECAAXXX5410610696}{2:09501717040402VZCRVECAAXXX40812675430404021720N}{3:{108:SCONNECT}}{4:
:20:MI080303
:25:2222222222
:28C:0323/034
:60M:C080303VEF000000967279,96
:61:080303C000000000200,00NTRF000000051471//180009
PAGO
:61:080303C000000000255,06NTRF000000051947//180009
PAGO
:61:080303C000000000504,39NTRF000000054092//180009
PAGO
:61:080303C000000000840,00NTRF000000053970//180009
PAGO
:61:080303C000000000060,00NTRF000000054239//180009
PAGO
:61:080303C000000000230,00NTRF000000054193//180009
PAGO
:61:080303C000000001500,00NTRF000000054361//180009
PAGO
:61:080303C000000000300,00NTRF000000038937//180009
PAGO
:61:080303C000000000674,98NTRF000000037189//180009
PAGO
:62M:C080303VEF000000971844,39
-}{5:{CHK:1143FB20924B}}{S:{COP:S}}${1:F21VZCRVECAAXXX5410610696}{4:{177:0404021720}{451:0}}{1:F01VZCRVECAAXXX5410610696}{2:09501717040402VZCRVECAAXXX40812675430404021720N}{3:{108:SCONNECT}}{4:
:20:MI080303
:25:2222222222
:28C:0323/035
:60M:C080303VEF000000971844,39
:61:080303C000000001000,00NTRF000000037180//180009
PAGO
:61:080303C000000000484,00NTRF000000038263//180009
PAGO
:61:080303C000000000100,00NTRF000000038776//180009
PAGO
:61:080303C000000400000,00NTRF000003908732//180009
PAGO
:61:080303C000000001700,00NTRF000000000000//180009
PAGO
:61:080303C000000000650,00NTRF000000000000//180009
PAGO
:61:080303C000000000800,00NTRF000000000000//180009
PAGO
:61:080303C000000000090,00NTRF000000000000//180009
PAGO
:61:080303C000000000108,00NTRF000000000000//180009
PAGO
:62M:C080303VEF000001376776,39
-}{5:{CHK:1143FB20924B}}{S:{COP:S}}${1:F21VZCRVECAAXXX5410610696}{4:{177:0404021720}{451:0}}{1:F01VZCRVECAAXXX5410610696}{2:09501717040402VZCRVECAAXXX40812675430404021720N}{3:{108:SCONNECT}}{4:
:20:MI080303
:25:2222222222
:28C:0323/036
:60M:C080303VEF000001376776,39
:61:080303C000000007000,00NTRF000000000000//180009
PAGO
:61:080303C000000000600,00NTRF000000183686//180009
PAGO
:61:080303C000000000800,00NTRF000000183617//180009
PAGO
:61:080303C000000001000,00NTRF000000183898//180009
PAGO
:61:080303C000000000100,00NTRF000000183981//180009
PAGO
:61:080303C000000001500,00NTRF000000183609//180009
PAGO
:61:080303C000000000399,05NTRF000000183316//180009
PAGO
:61:080303C000000000278,93NTRF000000182286//180009
PAGO
:61:080303C000000000090,00NTRF000000182281//180009
PAGO
:62M:C080303VEF000001388544,37
-}{5:{CHK:1143FB20924B}}{S:{COP:S}}${1:F21VZCRVECAAXXX5410610696}{4:{177:0404021720}{451:0}}{1:F01VZCRVECAAXXX5410610696}{2:09501717040402VZCRVECAAXXX40812675430404021720N}{3:{108:SCONNECT}}{4:
:20:MI080303
:25:2222222222
:28C:0323/037
:60M:C080303VEF000001388544,37
:61:080303C000000005000,00NTRF000000183320//180009
PAGO
:61:080303C000000000800,00NTRF000000183430//180009
PAGO
:61:080303C000000000032,00NTRF000000184195//180009
PAGO
:61:080303C000000000500,00NTRF000000003233//180009
PAGO
:61:080303C000000000436,25NTRF000000001661//180009
PAGO
:61:080303C000000000468,00NTRF000000001462//180009
PAGO
:61:080303C000000000900,00NTRF000000001420//180009
PAGO
:61:080303C000000000300,00NTRF000000001382//180009
PAGO
:61:080303C000000002000,00NTRF000000001371//180009
PAGO
:62M:C080303VEF000001398980,62
-}{5:{CHK:1143FB20924B}}{S:{COP:S}}${1:F21VZCRVECAAXXX5410610696}{4:{177:0404021720}{451:0}}{1:F01VZCRVECAAXXX5410610696}{2:09501717040402VZCRVECAAXXX40812675430404021720N}{3:{108:SCONNECT}}{4:
:20:MI080303
:25:2222222222
:28C:0323/038
:60M:C080303VEF000001398980,62
:61:080303C000000000155,61NTRF000000001184//180009
PAGO
:61:080303C000000000750,00NTRF000000001178//180009
PAGO
:61:080303C000000007469,38NTRF000000001079//180009
PAGO
:61:080303C000000000086,49NTRF000000001055//180009
PAGO
:61:080303C000000000083,10NTRF000000001059//180009
PAGO
:61:080303C000000000097,44NTRF000000001043//180009
PAGO
:61:080303C000000000089,01NTRF000000001048//180009
PAGO
:61:080303C000000001000,00NTRF000000001870//180009
PAGO
:61:080303C000000000300,00NTRF000000011878//180009
PAGO
:62M:C080303VEF000001409011,65
-}{5:{CHK:1143FB20924B}}{S:{COP:S}}${1:F21VZCRVECAAXXX5410610696}{4:{177:0404021720}{451:0}}{1:F01VZCRVECAAXXX5410610696}{2:09501717040402VZCRVECAAXXX40812675430404021720N}{3:{108:SCONNECT}}{4:
:20:MI080303
:25:2222222222
:28C:0323/039
:60M:C080303VEF000001409011,65
:61:080303C000000000482,00NTRF000000042792//180009
PAGO
:61:080303C000000000033,31NTRF000000045973//180009
PAGO
:61:080303C000000000060,00NTRF000000045974//180009
PAGO
:61:080303C000000002700,00NTRF000000045929//180009
PAGO
:61:080303C000000002100,00NTRF000000045834//180009
PAGO
:61:080303C000000000300,00NTRF000000045764//180009
PAGO
:61:080303C000000000500,00NTRF000000045739//180009
PAGO
:61:080303C000000001335,66NTRF000000045712//180009
PAGO
:61:080303C000000002425,79NTRF000000045713//180009
PAGO
:62M:C080303VEF000001418948,41
-}{5:{CHK:1143FB20924B}}{S:{COP:S}}${1:F21VZCRVECAAXXX5410610696}{4:{177:0404021720}{451:0}}{1:F01VZCRVECAAXXX5410610696}{2:09501717040402VZCRVECAAXXX40812675430404021720N}{3:{108:SCONNECT}}{4:
:20:MI080303
:25:2222222222
:28C:0323/040
:60M:C080303VEF000001418948,41
:61:080303C000000000850,00NTRF000000045691//180009
PAGO
:61:080303C000000000090,00NTRF000000045677//180009
PAGO
:61:080303C000000002500,00NTRF000000045598//180009
PAGO
:61:080303C000000001000,00NTRF000000045604//180009
PAGO
:61:080303C000000000357,00NTRF000000045529//180009
PAGO
:61:080303C000000000500,00NTRF000000045512//180009
PAGO
:61:080303C000000018535,14NTRF000000045514//180009
PAGO
:61:080303C000000007000,00NTRF000000045466//180009
PAGO
:61:080303C000000000106,00NTRF000000045373//180009
PAGO
:62M:C080303VEF000001449886,55
-}{5:{CHK:1143FB20924B}}{S:{COP:S}}${1:F21VZCRVECAAXXX5410610696}{4:{177:0404021720}{451:0}}{1:F01VZCRVECAAXXX5410610696}{2:09501717040402VZCRVECAAXXX40812675430404021720N}{3:{108:SCONNECT}}{4:
:20:MI080303
:25:2222222222
:28C:0323/041
:60M:C080303VEF000001449886,55
:61:080303C000000000200,00NTRF000000046963//180009
PAGO
:61:080303C000000001600,00NTRF000000046705//180009
PAGO
:61:080303C000000007200,00NTRF000000046634//180009
PAGO
:61:080303C000000000246,00NTRF000000046601//180009
PAGO
:61:080303C000000000250,00NTRF000000046471//180009
PAGO
:61:080303C000000000480,00NTRF000000046409//180009
PAGO
:61:080303C000000000500,00NTRF000000046179//180009
PAGO
:61:080303C000000000450,00NTRF000000046165//180009
PAGO
:61:080303C000000000100,00NTRF000000044294//180009
PAGO
:62M:C080303VEF000001460912,55
-}{5:{CHK:1143FB20924B}}{S:{COP:S}}${1:F21VZCRVECAAXXX5410610696}{4:{177:0404021720}{451:0}}{1:F01VZCRVECAAXXX5410610696}{2:09501717040402VZCRVECAAXXX40812675430404021720N}{3:{108:SCONNECT}}{4:
:20:MI080303
:25:2222222222
:28C:0323/042
:60M:C080303VEF000001460912,55
:61:080303C000000001300,00NTRF000000044295//180009
PAGO
:61:080303C000000000400,00NTRF000000044185//180009
PAGO
:61:080303C000000003000,00NTRF000000044159//180009
PAGO
:61:080303C000000050000,00NTRF000000044120//180009
PAGO
:61:080303C000000001400,00NTRF000000044030//180009
PAGO
:61:080303C000000000050,00NTRF000000043815//180009
PAGO
:61:080303C000000004000,00NTRF000000043741//180009
PAGO
:61:080303C000000002472,00NTRF000000043421//180009
PAGO
:61:080303C000000001000,00NTRF000000043369//180009
PAGO
:62M:C080303VEF000001524534,55
-}{5:{CHK:1143FB20924B}}{S:{COP:S}}${1:F21VZCRVECAAXXX5410610696}{4:{177:0404021720}{451:0}}{1:F01VZCRVECAAXXX5410610696}{2:09501717040402VZCRVECAAXXX40812675430404021720N}{3:{108:SCONNECT}}{4:
:20:MI080303
:25:2222222222
:28C:0323/043
:60M:C080303VEF000001524534,55
:61:080303C000000000550,00NTRF000000043096//180009
PAGO
:61:080303C000000000150,00NTRF000000042949//180009
PAGO
:61:080303C000000001280,00NTRF000000046090//180009
PAGO
:61:080303C000000011716,79NTRF000000045034//180009
PAGO
:61:080303C000000002496,01NTRF000000045019//180009
PAGO
:61:080303C000000000100,00NTRF000000044754//180009
PAGO
:61:080303C000000000005,00NTRF000000044715//180009
PAGO
:61:080303C000000000133,00NTRF000000044717//180009
PAGO
:61:080303C000000000100,00NTRF000000044637//180009
PAGO
:62M:C080303VEF000001541065,35
-}{5:{CHK:1143FB20924B}}{S:{COP:S}}${1:F21VZCRVECAAXXX5410610696}{4:{177:0404021720}{451:0}}{1:F01VZCRVECAAXXX5410610696}{2:09501717040402VZCRVECAAXXX40812675430404021720N}{3:{108:SCONNECT}}{4:
:20:MI080303
:25:2222222222
:28C:0323/044
:60M:C080303VEF000001541065,35
:61:080303C000000000322,50NTRF000000044577//180009
PAGO
:61:080303C000000005000,00NTRF000000044522//180009
PAGO
:61:080303C000000001997,48NTRF000000042868//180009
PAGO
:61:080303C000000001000,00NTRF000000042873//180009
PAGO
:61:080303C000000001400,00NTRF000001215841//180009
PAGO
:61:080303C000000000300,00NTRF000001212718//180009
PAGO
:61:080303C000000000050,00NTRF000001212008//180009
PAGO
:61:080303C000000001400,00NTRF000001215820//180009
PAGO
:61:080303C000000000950,00NTRF000001215432//180009
PAGO
:62M:C080303VEF000001553485,33
-}{5:{CHK:1143FB20924B}}{S:{COP:S}}${1:F21VZCRVECAAXXX5410610696}{4:{177:0404021720}{451:0}}{1:F01VZCRVECAAXXX5410610696}{2:09501717040402VZCRVECAAXXX40812675430404021720N}{3:{108:SCONNECT}}{4:
:20:MI080303
:25:2222222222
:28C:0323/045
:60M:C080303VEF000001553485,33
:61:080303C000000000500,00NTRF000001208398//180009
PAGO
:61:080303C000000012852,76NTRF000003434644//180009
PAGO
:61:080303C000000000050,00NTRF000028838799//180009
PAGO
:61:080303C000000000215,00NTRF000028838592//180009
PAGO
:61:080303C000000000250,00NTRF000028837828//180009
PAGO
:61:080303C000000002500,00NTRF000028822092//180009
PAGO
:61:080303C000000000150,00NTRF000028799739//180009
PAGO
:61:080303C000000000085,40NTRF000028707571//180009
PAGO
:61:080303C000000000200,00NTRF000028793227//180009
PAGO
:62M:C080303VEF000001570288,49
-}{5:{CHK:1143FB20924B}}{S:{COP:S}}${1:F21VZCRVECAAXXX5410610696}{4:{177:0404021720}{451:0}}{1:F01VZCRVECAAXXX5410610696}{2:09501717040402VZCRVECAAXXX40812675430404021720N}{3:{108:SCONNECT}}{4:
:20:MI080303
:25:2222222222
:28C:0323/046
:60M:C080303VEF000001570288,49
:61:080303C000000000160,00NTRF000028781509//180009
PAGO
:61:080303C000000000358,80NTRF000028688363//180009
PAGO
:61:080303C000000000100,00NTRF000028641542//180009
PAGO
:61:080303C000000001000,00NTRF000028637348//180009
PAGO
:61:080303C000000000400,00NTRF000028720537//180009
PAGO
:61:080303C000000001700,00NTRF000028720711//180009
PAGO
:61:080303C000000000300,00NTRF000028710033//180009
PAGO
:61:080303C000000000556,60NTRF000028707389//180009
PAGO
:61:080303C000000002000,00NTRF000028799416//180009
PAGO
:62M:C080303VEF000001576863,89
-}{5:{CHK:1143FB20924B}}{S:{COP:S}}${1:F21VZCRVECAAXXX5410610696}{4:{177:0404021720}{451:0}}{1:F01VZCRVECAAXXX5410610696}{2:09501717040402VZCRVECAAXXX40812675430404021720N}{3:{108:SCONNECT}}{4:
:20:MI080303
:25:2222222222
:28C:0323/047
:60M:C080303VEF000001576863,89
:61:080303C000000005000,00NTRF000028801249//180009
PAGO
:61:080303C000000000200,00NTRF000028837309//180009
PAGO
:61:080303C000000000200,00NTRF000028844775//180009
PAGO
:61:080303C000000003000,00NTRF000017875588//180009
PAGO
:61:080303C000000000980,00NTRF000001705727//180009
PAGO
:61:080303C000000003100,80NTRF000014828498//180009
PAGO
:61:080303C000000002422,50NTRF000069717345//180009
PAGO
:61:080303C000000014535,00NTRF000005018971//180009
PAGO
:61:080303C000000003585,30NTRF000040962879//180009
PAGO
:62M:C080303VEF000001609887,49
-}{5:{CHK:1143FB20924B}}{S:{COP:S}}${1:F21VZCRVECAAXXX5410610696}{4:{177:0404021720}{451:0}}{1:F01VZCRVECAAXXX5410610696}{2:09501717040402VZCRVECAAXXX40812675430404021720N}{3:{108:SCONNECT}}{4:
:20:MI080303
:25:2222222222
:28C:0323/048
:60M:C080303VEF000001609887,49
:61:080303C000000000439,53NTRF000000095131//180009
PAGO
:61:080303C000000001000,00NTRF000067001885//180009
PAGO
:61:080303C000000013415,80NTRF000000000932//180009
PAGO
:61:080303C000000022566,21NTRF000000040354//180009
PAGO
:61:080303C000000000339,90NTRF000017872705//180009
PAGO
:61:080303C000000000030,00NTRF000017873965//180009
PAGO
:61:080303C000000000800,00NTRF000017871649//180009
PAGO
:61:080303C000000000100,00NTRF000017874592//180009
PAGO
:61:080303C000000000800,00NTRF000017874651//180009
PAGO
:62M:C080303VEF000001649378,93
-}{5:{CHK:1143FB20924B}}{S:{COP:S}}${1:F21VZCRVECAAXXX5410610696}{4:{177:0404021720}{451:0}}{1:F01VZCRVECAAXXX5410610696}{2:09501717040402VZCRVECAAXXX40812675430404021720N}{3:{108:SCONNECT}}{4:
:20:MI080303
:25:2222222222
:28C:0323/049
:60M:C080303VEF000001649378,93
:61:080303C000000000300,00NTRF000017872432//180009
PAGO
:61:080303C000000000215,00NTRF000017874518//180009
PAGO
:61:080303C000000000100,00NTRF000017874694//180009
PAGO
:61:080303C000000000372,00NTRF000003032008//180009
PAGO
:61:080303C000000000300,00NTRF000000000000//180009
PAGO
:61:080303C000000000040,00NTRF000003032008//180009
PAGO
:61:080303C000000000134,00NTRF000000017742//180009
PAGO
:61:080303C000000000626,95NTRF000000026316//180009
PAGO
:61:080303C000000001000,00NTRF000000026560//180009
PAGO
:62M:C080303VEF000001652466,88
-}{5:{CHK:1143FB20924B}}{S:{COP:S}}${1:F21VZCRVECAAXXX5410610696}{4:{177:0404021720}{451:0}}{1:F01VZCRVECAAXXX5410610696}{2:09501717040402VZCRVECAAXXX40812675430404021720N}{3:{108:SCONNECT}}{4:
:20:MI080303
:25:2222222222
:28C:0323/050
:60M:C080303VEF000001652466,88
:61:080303C000000000020,00NTRF000000024226//180009
PAGO
:61:080303C000000000300,00NTRF000000025989//180009
PAGO
:61:080303C000000001150,00NTRF000000025923//180009
PAGO
:61:080303C000000001000,00NTRF000000025769//180009
PAGO
:61:080303C000000000100,00NTRF000000025731//180009
PAGO
:61:080303C000000000300,00NTRF000000025657//180009
PAGO
:61:080303C000000001000,00NTRF000000025539//180009
PAGO
:61:080303C000000000737,64NTRF000000025499//180009
PAGO
:61:080303C000000008000,00NTRF000000024507//180009
PAGO
:62M:C080303VEF000001665074,52
-}{5:{CHK:1143FB20924B}}{S:{COP:S}}${1:F21VZCRVECAAXXX5410610696}{4:{177:0404021720}{451:0}}{1:F01VZCRVECAAXXX5410610696}{2:09501717040402VZCRVECAAXXX40812675430404021720N}{3:{108:SCONNECT}}{4:
:20:MI080303
:25:2222222222
:28C:0323/051
:60M:C080303VEF000001665074,52
:61:080303C000000001000,00NTRF000000023601//180009
PAGO
:61:080303C000000000260,00NTRF000000023603//180009
PAGO
:61:080303C000000000100,00NTRF000000023308//180009
PAGO
:61:080303C000000005000,00NTRF000000023294//180009
PAGO
:61:080303C000000004735,00NTRF000000023272//180009
PAGO
:61:080303C000000011300,00NTRF000000023273//180009
PAGO
:61:080303C000000000250,00NTRF000000023268//180009
PAGO
:61:080303C000000000200,00NTRF000000023240//180009
PAGO
:61:080303C000000000150,00NTRF000000022552//180009
PAGO
:62M:C080303VEF000001688069,52
-}{5:{CHK:1143FB20924B}}{S:{COP:S}}${1:F21VZCRVECAAXXX5410610696}{4:{177:0404021720}{451:0}}{1:F01VZCRVECAAXXX5410610696}{2:09501717040402VZCRVECAAXXX40812675430404021720N}{3:{108:SCONNECT}}{4:
:20:MI080303
:25:2222222222
:28C:0323/052
:60M:C080303VEF000001688069,52
:61:080303C000000001050,00NTRF000000022539//180009
PAGO
:61:080303C000000001000,00NTRF000000022526//180009
PAGO
:61:080303C000000001200,00NTRF000000022529//180009
PAGO
:61:080303C000000000200,00NTRF000000022498//180009
PAGO
:61:080303C000000001470,00NTRF000000022503//180009
PAGO
:61:080303C000000000379,38NTRF000000022469//180009
PAGO
:61:080303C000000002671,10NTRF000000022456//180009
PAGO
:61:080303C000000004000,00NTRF000000022458//180009
PAGO
:61:080303C000000000100,00NTRF000000022343//180009
PAGO
:62M:C080303VEF000001700140,00
-}{5:{CHK:1143FB20924B}}{S:{COP:S}}${1:F21VZCRVECAAXXX5410610696}{4:{177:0404021720}{451:0}}{1:F01VZCRVECAAXXX5410610696}{2:09501717040402VZCRVECAAXXX40812675430404021720N}{3:{108:SCONNECT}}{4:
:20:MI080303
:25:2222222222
:28C:0323/053
:60M:C080303VEF000001700140,00
:61:080303C000000002000,00NTRF000000022321//180009
PAGO
:61:080303C000000000400,00NTRF000000023223//180009
PAGO
:61:080303C000000000059,71NTRF000000023061//180009
PAGO
:61:080303C000000001430,08NTRF000000022980//180009
PAGO
:61:080303C000000000200,00NTRF000000022971//180009
PAGO
:61:080303C000000002000,00NTRF000000022746//180009
PAGO
:61:080303C000000002000,00NTRF000000022747//180009
PAGO
:61:080303C000000000400,00NTRF000000022712//180009
PAGO
:61:080303C000000001000,00NTRF000000022689//180009
PAGO
:62M:C080303VEF000001709629,79
-}{5:{CHK:1143FB20924B}}{S:{COP:S}}${1:F21VZCRVECAAXXX5410610696}{4:{177:0404021720}{451:0}}{1:F01VZCRVECAAXXX5410610696}{2:09501717040402VZCRVECAAXXX40812675430404021720N}{3:{108:SCONNECT}}{4:
:20:MI080303
:25:2222222222
:28C:0323/054
:60M:C080303VEF000001709629,79
:61:080303C000000000200,00NTRF000000022614//180009
PAGO
:61:080303C000000000420,00NTRF000000024473//180009
PAGO
:61:080303C000000000228,00NTRF000000024414//180009
PAGO
:61:080303C000000000800,00NTRF000000024373//180009
PAGO
:61:080303C000000000060,00NTRF000000023963//180009
PAGO
:61:080303C000000002000,00NTRF000000023970//180009
PAGO
:61:080303C000000000307,59NTRF000000023866//180009
PAGO
:61:080303C000000010000,00NTRF000000023749//180009
PAGO
:61:080303C000000000714,00NTRF000000023662//180009
PAGO
:62M:C080303VEF000001724359,38
-}{5:{CHK:1143FB20924B}}{S:{COP:S}}${1:F21VZCRVECAAXXX5410610696}{4:{177:0404021720}{451:0}}{1:F01VZCRVECAAXXX5410610696}{2:09501717040402VZCRVECAAXXX40812675430404021720N}{3:{108:SCONNECT}}{4:
:20:MI080303
:25:2222222222
:28C:0323/055
:60M:C080303VEF000001724359,38
:61:080303C000000000100,00NTRF000000023655//180009
PAGO
:61:080303C000000001000,00NTRF000000025580//180009
PAGO
:61:080303C000000001000,00NTRF000000025212//180009
PAGO
:61:080303C000000007810,00NTRF000000017193//180009
PAGO
:61:080303C000000002200,00NTRF000000017189//180009
PAGO
:61:080303C000000001000,00NTRF000000026786//180009
PAGO
:61:080303C000000000600,00NTRF000000026668//180009
PAGO
:61:080303C000000000194,84NTRF000000026544//180009
PAGO
:61:080303C000000000075,00NTRF000000026312//180009
PAGO
:62M:C080303VEF000001738339,22
-}{5:{CHK:1143FB20924B}}{S:{COP:S}}${1:F21VZCRVECAAXXX5410610696}{4:{177:0404021720}{451:0}}{1:F01VZCRVECAAXXX5410610696}{2:09501717040402VZCRVECAAXXX40812675430404021720N}{3:{108:SCONNECT}}{4:
:20:MI080303
:25:2222222222
:28C:0323/056
:60M:C080303VEF000001738339,22
:61:080303C000000000200,00NTRF000000026260//180009
PAGO
:61:080303C000000000500,00NTRF000000025249//180009
PAGO
:61:080303C000000000200,00NTRF000000024849//180009
PAGO
:61:080303C000000009100,00NTRF000000024296//180009
PAGO
:61:080303C000000000150,00NTRF000000023612//180009
PAGO
:61:080303C000000000712,00NTRF000000024318//180009
PAGO
:61:080303C000000000050,00NTRF000000024346//180009
PAGO
:61:080303C000000001675,80NTRF000000020036//180009
PAGO
:61:080303C000000000512,00NTRF000000019794//180009
PAGO
:62M:C080303VEF000001751439,02
-}{5:{CHK:1143FB20924B}}{S:{COP:S}}${1:F21VZCRVECAAXXX5410610696}{4:{177:0404021720}{451:0}}{1:F01VZCRVECAAXXX5410610696}{2:09501717040402VZCRVECAAXXX40812675430404021720N}{3:{108:SCONNECT}}{4:
:20:MI080303
:25:2222222222
:28C:0323/057
:60M:C080303VEF000001751439,02
:61:080303C000000001984,90NTRF000000019774//180009
PAGO
:61:080303C000000004954,62NTRF000000019567//180009
PAGO
:61:080303C000000000750,00NTRF000000019280//180009
PAGO
:61:080303C000000003347,79NTRF000000019599//180009
PAGO
:61:080303C000000000500,00NTRF000000019800//180009
PAGO
:61:080303C000000001500,00NTRF000000020314//180009
PAGO
:61:080303C000000000650,00NTRF000000021242//180009
PAGO
:61:080303C000000000200,00NTRF000000021204//180009
PAGO
:61:080303C000000005000,00NTRF000000021116//180009
PAGO
:62M:C080303VEF000001770326,33
-}{5:{CHK:1143FB20924B}}{S:{COP:S}}${1:F21VZCRVECAAXXX5410610696}{4:{177:0404021720}{451:0}}{1:F01VZCRVECAAXXX5410610696}{2:09501717040402VZCRVECAAXXX40812675430404021720N}{3:{108:SCONNECT}}{4:
:20:MI080303
:25:2222222222
:28C:0323/058
:60M:C080303VEF000001770326,33
:61:080303C000000000776,73NTRF000000021022//180009
PAGO
:61:080303C000000001100,00NTRF000000020823//180009
PAGO
:61:080303C000000000600,00NTRF000000020683//180009
PAGO
:61:080303C000000000450,00NTRF000000020655//180009
PAGO
:61:080303C000000000874,60NTRF000000020599//180009
PAGO
:61:080303C000000003000,00NTRF000000020546//180009
PAGO
:61:080303C000000000400,00NTRF000000020415//180009
PAGO
:61:080303C000000000550,00NTRF000000020792//180009
PAGO
:61:080303C000000001800,00NTRF000000020878//180009
PAGO
:62M:C080303VEF000001779877,66
-}{5:{CHK:1143FB20924B}}{S:{COP:S}}${1:F21VZCRVECAAXXX5410610696}{4:{177:0404021720}{451:0}}{1:F01VZCRVECAAXXX5410610696}{2:09501717040402VZCRVECAAXXX40812675430404021720N}{3:{108:SCONNECT}}{4:
:20:MI080303
:25:2222222222
:28C:0323/059
:60M:C080303VEF000001779877,66
:61:080303C000000002500,00NTRF000000021117//180009
PAGO
:61:080303C000000000641,00NTRF000000021146//180009
PAGO
:61:080303C000000000600,00NTRF000000021222//180009
PAGO
:61:080303C000000000210,00NTRF000000021327//180009
PAGO
:61:080303C000000001260,00NTRF000000018864//180009
PAGO
:61:080303C000000000300,00NTRF000000019020//180009
PAGO
:61:080303C000000006000,00NTRF000000019027//180009
PAGO
:61:080303C000000000959,00NTRF000000018818//180009
PAGO
:61:080303C000000000550,00NTRF000000018633//180009
PAGO
:62M:C080303VEF000001792897,66
-}{5:{CHK:1143FB20924B}}{S:{COP:S}}${1:F21VZCRVECAAXXX5410610696}{4:{177:0404021720}{451:0}}{1:F01VZCRVECAAXXX5410610696}{2:09501717040402VZCRVECAAXXX40812675430404021720N}{3:{108:SCONNECT}}{4:
:20:MI080303
:25:2222222222
:28C:0323/060
:60M:C080303VEF000001792897,66
:61:080303C000000000500,00NTRF000000018635//180009
PAGO
:61:080303C000000000200,00NTRF000000018453//180009
PAGO
:61:080303C000000000500,00NTRF000000018379//180009
PAGO
:61:080303C000000002400,00NTRF000000018294//180009
PAGO
:61:080303C000000001500,00NTRF000000018132//180009
PAGO
:61:080303C000000000400,00NTRF000000018056//180009
PAGO
:61:080303C000000000400,00NTRF000000018055//180009
PAGO
:61:080303C000000001275,00NTRF000000018029//180009
PAGO
:61:080303C000000006371,50NTRF000000017853//180009
PAGO
:62M:C080303VEF000001806444,16
-}{5:{CHK:1143FB20924B}}{S:{COP:S}}${1:F21VZCRVECAAXXX5410610696}{4:{177:0404021720}{451:0}}{1:F01VZCRVECAAXXX5410610696}{2:09501717040402VZCRVECAAXXX40812675430404021720N}{3:{108:SCONNECT}}{4:
:20:MI080303
:25:2222222222
:28C:0323/061
:60M:C080303VEF000001806444,16
:61:080303C000000003000,00NTRF000000017861//180009
PAGO
:61:080303C000000000260,00NTRF000000017844//180009
PAGO
:61:080303C000000001480,00NTRF000000017823//180009
PAGO
:61:080303C000000004320,00NTRF000000018823//180009
PAGO
:61:080303C000000000700,00NTRF000000019216//180009
PAGO
:61:080303C000000001000,00NTRF000000021786//180009
PAGO
:61:080303C000000000500,00NTRF000000021446//180009
PAGO
:61:080303C000000001000,00NTRF000000021383//180009
PAGO
:61:080303C000000002956,00NTRF000000021428//180009
PAGO
:62M:C080303VEF000001821660,16
-}{5:{CHK:1143FB20924B}}{S:{COP:S}}${1:F21VZCRVECAAXXX5410610696}{4:{177:0404021720}{451:0}}{1:F01VZCRVECAAXXX5410610696}{2:09501717040402VZCRVECAAXXX40812675430404021720N}{3:{108:SCONNECT}}{4:
:20:MI080303
:25:2222222222
:28C:0323/062
:60M:C080303VEF000001821660,16
:61:080303C000000000072,00NTRF000000021484//180009
PAGO
:61:080303C000000000300,00NTRF000000021992//180009
PAGO
:61:080303C000000000388,94NTRF000000022068//180009
PAGO
:61:080303C000000005000,00NTRF000000022033//180009
PAGO
:61:080303C000000000100,00NTRF000000022297//180009
PAGO
:61:080303C000000000220,00NTRF000000017680//180009
PAGO
:61:080303C000000000100,00NTRF000000017236//180009
PAGO
:61:080303C000000003887,50NTRF000000017240//180009
PAGO
:61:080303C000000001150,00NTRF000000017391//180009
PAGO
:62M:C080303VEF000001832878,60
-}{5:{CHK:1143FB20924B}}{S:{COP:S}}${1:F21VZCRVECAAXXX5410610696}{4:{177:0404021720}{451:0}}{1:F01VZCRVECAAXXX5410610696}{2:09501717040402VZCRVECAAXXX40812675430404021720N}{3:{108:SCONNECT}}{4:
:20:MI080303
:25:2222222222
:28C:0323/063
:60M:C080303VEF000001832878,60
:61:080303C000000004000,00NTRF000000017414//180009
PAGO
:61:080303C000000005000,00NTRF000000017120//180009
PAGO
:61:080303C000000000120,00NTRF000000017086//180009
PAGO
:61:080303C000000000500,00NTRF000000779962//180009
PAGO
:61:080303C000000000835,00NTRF000000032043//180009
PAGO
:61:080303C000000000500,00NTRF000000032038//180009
PAGO
:61:080303C000000001000,00NTRF000000031715//180009
PAGO
:61:080303C000000000735,00NTRF000000031646//180009
PAGO
:61:080303C000000001800,00NTRF000000031477//180009
PAGO
:62M:C080303VEF000001847368,60
-}{5:{CHK:1143FB20924B}}{S:{COP:S}}${1:F21VZCRVECAAXXX5410610696}{4:{177:0404021720}{451:0}}{1:F01VZCRVECAAXXX5410610696}{2:09501717040402VZCRVECAAXXX40812675430404021720N}{3:{108:SCONNECT}}{4:
:20:MI080303
:25:2222222222
:28C:0323/064
:60M:C080303VEF000001847368,60
:61:080303C000000003400,00NTRF000000031435//180009
PAGO
:61:080303C000000002000,00NTRF000000031424//180009
PAGO
:61:080303C000000000440,00NTRF000000031347//180009
PAGO
:61:080303C000000003600,00NTRF000000031436//180009
PAGO
:61:080303C000000000500,00NTRF000000031478//180009
PAGO
:61:080303C000000002000,00NTRF000000031524//180009
PAGO
:61:080303C000000001000,00NTRF000000031723//180009
PAGO
:61:080303C000000000200,00NTRF000000032104//180009
PAGO
:61:080303C000000002400,00NTRF000000032044//180009
PAGO
:62M:C080303VEF000001862908,60
-}{5:{CHK:1143FB20924B}}{S:{COP:S}}${1:F21VZCRVECAAXXX5410610696}{4:{177:0404021720}{451:0}}{1:F01VZCRVECAAXXX5410610696}{2:09501717040402VZCRVECAAXXX40812675430404021720N}{3:{108:SCONNECT}}{4:
:20:MI080303
:25:2222222222
:28C:0323/065
:60M:C080303VEF000001862908,60
:61:080303C000000012000,00NTRF000000032140//180009
PAGO
:61:080303C000000000080,00NTRF000000030280//180009
PAGO
:61:080303C000000000532,00NTRF000000030236//180009
PAGO
:61:080303C000000001000,00NTRF000000030109//180009
PAGO
:61:080303C000000000200,00NTRF000000030149//180009
PAGO
:61:080303C000000000080,00NTRF000000030237//180009
PAGO
:61:080303C000000001300,00NTRF000000030195//180009
PAGO
:61:080303C000000000328,32NTRF000000030019//180009
PAGO
:61:080303C000000000200,00NTRF000000029522//180009
PAGO
:62M:C080303VEF000001878628,92
-}{5:{CHK:1143FB20924B}}{S:{COP:S}}${1:F21VZCRVECAAXXX5410610696}{4:{177:0404021720}{451:0}}{1:F01VZCRVECAAXXX5410610696}{2:09501717040402VZCRVECAAXXX40812675430404021720N}{3:{108:SCONNECT}}{4:
:20:MI080303
:25:2222222222
:28C:0323/066
:60M:C080303VEF000001878628,92
:61:080303C000000000350,00NTRF000000029293//180009
PAGO
:61:080303C000000003870,00NTRF000000029620//180009
PAGO
:61:080303C000000000432,00NTRF000000030275//180009
PAGO
:61:080303C000000001000,00NTRF000000031143//180009
PAGO
:61:080303C000000000800,00NTRF000000031052//180009
PAGO
:61:080303C000000006000,00NTRF000000030754//180009
PAGO
:61:080303C000000000276,43NTRF000000030651//180009
PAGO
:61:080303C000000000294,00NTRF000000030556//180009
PAGO
:61:080303C000000000900,00NTRF000000030628//180009
PAGO
:62M:C080303VEF000001892551,35
-}{5:{CHK:1143FB20924B}}{S:{COP:S}}${1:F21VZCRVECAAXXX5410610696}{4:{177:0404021720}{451:0}}{1:F01VZCRVECAAXXX5410610696}{2:09501717040402VZCRVECAAXXX40812675430404021720N}{3:{108:SCONNECT}}{4:
:20:MI080303
:25:2222222222
:28C:0323/067
:60M:C080303VEF000001892551,35
:61:080303C000000001000,00NTRF000000030748//180009
PAGO
:61:080303C000000005500,00NTRF000000030897//180009
PAGO
:61:080303C000000000500,00NTRF000000031174//180009
PAGO
:61:080303C000000001025,00NTRF000000031216//180009
PAGO
:61:080303C000000001414,82NTRF000000021832//180009
PAGO
:61:080303C000000001375,00NTRF000000021644//180009
PAGO
:61:080303C000000003000,00NTRF000000020082//180009
PAGO
:61:080303C000000000950,00NTRF000000021321//180009
PAGO
:61:080303C000000002750,00NTRF000000021524//180009
PAGO
:62M:C080303VEF000001910066,17
-}{5:{CHK:1143FB20924B}}{S:{COP:S}}${1:F21VZCRVECAAXXX5410610696}{4:{177:0404021720}{451:0}}{1:F01VZCRVECAAXXX5410610696}{2:09501717040402VZCRVECAAXXX40812675430404021720N}{3:{108:SCONNECT}}{4:
:20:MI080303
:25:2222222222
:28C:0323/068
:60M:C080303VEF000001910066,17
:61:080303C000000000500,00NTRF000000021434//180009
PAGO
:61:080303C000000000017,58NTRF000000021541//180009
PAGO
:61:080303C000000001000,00NTRF000000021047//180009
PAGO
:61:080303C000000000250,00NTRF000000023227//180009
PAGO
:61:080303C000000000198,00NTRF000000022814//180009
PAGO
:61:080303C000000000152,00NTRF000000022752//180009
PAGO
:61:080303C000000000300,00NTRF000000022649//180009
PAGO
:61:080303C000000000120,00NTRF000000024474//180009
PAGO
:61:080303C000000000600,00NTRF000000020266//180009
PAGO
:62M:C080303VEF000001913203,75
-}{5:{CHK:1143FB20924B}}{S:{COP:S}}${1:F21VZCRVECAAXXX5410610696}{4:{177:0404021720}{451:0}}{1:F01VZCRVECAAXXX5410610696}{2:09501717040402VZCRVECAAXXX40812675430404021720N}{3:{108:SCONNECT}}{4:
:20:MI080303
:25:2222222222
:28C:0323/069
:60M:C080303VEF000001913203,75
:61:080303C000000000260,00NTRF000000028801//180009
PAGO
:61:080303C000000000800,00NTRF000000028747//180009
PAGO
:61:080303C000000002000,00NTRF000000028665//180009
PAGO
:61:080303C000000002000,00NTRF000000028460//180009
PAGO
:61:080303C000000000500,00NTRF000000028260//180009
PAGO
:61:080303C000000000700,00NTRF000000028038//180009
PAGO
:61:080303C000000000125,00NTRF000000028048//180009
PAGO
:61:080303C000000003200,00NTRF000000028039//180009
PAGO
:61:080303C000000000045,00NTRF000000028239//180009
PAGO
:62M:C080303VEF000001922833,75
-}{5:{CHK:1143FB20924B}}{S:{COP:S}}${1:F21VZCRVECAAXXX5410610696}{4:{177:0404021720}{451:0}}{1:F01VZCRVECAAXXX5410610696}{2:09501717040402VZCRVECAAXXX40812675430404021720N}{3:{108:SCONNECT}}{4:
:20:MI080303
:25:2222222222
:28C:0323/070
:60M:C080303VEF000001922833,75
:61:080303C000000000300,00NTRF000000028409//180009
PAGO
:61:080303C000000000175,00NTRF000000028660//180009
PAGO
:61:080303C000000001020,00NTRF000000029049//180009
PAGO
:61:080303C000000002231,50NTRF000000029244//180009
PAGO
:61:080303C000000001100,00NTRF000000027349//180009
PAGO
:61:080303C000000000360,00NTRF000000027062//180009
PAGO
:61:080303C000000000145,00NTRF000000027427//180009
PAGO
:61:080303C000000000200,00NTRF000000027443//180009
PAGO
:61:080303C000000000600,00NTRF000000027472//180009
PAGO
:62M:C080303VEF000001928965,25
-}{5:{CHK:1143FB20924B}}{S:{COP:S}}${1:F21VZCRVECAAXXX5410610696}{4:{177:0404021720}{451:0}}{1:F01VZCRVECAAXXX5410610696}{2:09501717040402VZCRVECAAXXX40812675430404021720N}{3:{108:SCONNECT}}{4:
:20:MI080303
:25:2222222222
:28C:0323/071
:60M:C080303VEF000001928965,25
:61:080303C000000000600,00NTRF000000026997//180009
PAGO
:61:080303C000000000365,00NTRF000000026999//180009
PAGO
:61:080303C000000003630,00NTRF000000026893//180009
PAGO
:61:080303C000000002463,00NTRF000000026885//180009
PAGO
:61:080303C000000001300,00NTRF000000018133//180009
PAGO
:61:080303C000000000100,00NTRF000000017579//180009
PAGO
:61:080303C000000001500,00NTRF000000017592//180009
PAGO
:61:080303C000000000921,39NTRF000000019145//180009
PAGO
:61:080303C000000000100,00NTRF000000019079//180009
PAGO
:62M:C080303VEF000001939944,64
-}{5:{CHK:1143FB20924B}}{S:{COP:S}}${1:F21VZCRVECAAXXX5410610696}{4:{177:0404021720}{451:0}}{1:F01VZCRVECAAXXX5410610696}{2:09501717040402VZCRVECAAXXX40812675430404021720N}{3:{108:SCONNECT}}{4:
:20:MI080303
:25:2222222222
:28C:0323/072
:60M:C080303VEF000001939944,64
:61:080303C000000000400,00NTRF000000018576//180009
PAGO
:61:080303C000000001264,02NTRF000000020600//180009
PAGO
:61:080303C000000000358,80NTRF000000027616//180009
PAGO
:61:080303C000000000500,00NTRF000000027204//180009
PAGO
:61:080303C000000000350,00NTRF000000027234//180009
PAGO
:61:080303C000000004000,00NTRF000000029506//180009
PAGO
:61:080303C000000000800,00NTRF000000030612//180009
PAGO
:61:080303C000000000800,00NTRF000000029769//180009
PAGO
:61:080303C000000000300,00NTRF000000032137//180009
PAGO
:62M:C080303VEF000001948717,46
-}{5:{CHK:1143FB20924B}}{S:{COP:S}}${1:F21VZCRVECAAXXX5410610696}{4:{177:0404021720}{451:0}}{1:F01VZCRVECAAXXX5410610696}{2:09501717040402VZCRVECAAXXX40812675430404021720N}{3:{108:SCONNECT}}{4:
:20:MI080303
:25:2222222222
:28C:0323/073
:60M:C080303VEF000001948717,46
:61:080303C000000000610,00NTRF000000035808//180009
PAGO
:61:080303C000000000919,00NTRF000000035739//180009
PAGO
:61:080303C000000001000,00NTRF000000035689//180009
PAGO
:61:080303C000000000133,00NTRF000000035662//180009
PAGO
:61:080303C000000002334,00NTRF000000035504//180009
PAGO
:61:080303C000000009680,00NTRF000000035322//180009
PAGO
:61:080303C000000000360,00NTRF000000035279//180009
PAGO
:61:080303C000000002925,93NTRF000000035141//180009
PAGO
:61:080303C000000000126,50NTRF000000033440//180009
PAGO
:62M:C080303VEF000001966805,89
-}{5:{CHK:1143FB20924B}}{S:{COP:S}}${1:F21VZCRVECAAXXX5410610696}{4:{177:0404021720}{451:0}}{1:F01VZCRVECAAXXX5410610696}{2:09501717040402VZCRVECAAXXX40812675430404021720N}{3:{108:SCONNECT}}{4:
:20:MI080303
:25:2222222222
:28C:0323/074
:60M:C080303VEF000001966805,89
:61:080303C000000000100,00NTRF000000033424//180009
PAGO
:61:080303C000000003000,00NTRF000000033397//180009
PAGO
:61:080303C000000000500,00NTRF000000033398//180009
PAGO
:61:080303C000000001766,00NTRF000000033358//180009
PAGO
:61:080303C000000011250,00NTRF000000033335//180009
PAGO
:61:080303C000000000240,00NTRF000000033341//180009
PAGO
:61:080303C000000000557,00NTRF000000033342//180009
PAGO
:61:080303C000000010000,00NTRF000000032552//180009
PAGO
:61:080303C000000000050,00NTRF000000032407//180009
PAGO
:62M:C080303VEF000001994268,89
-}{5:{CHK:1143FB20924B}}{S:{COP:S}}${1:F21VZCRVECAAXXX5410610696}{4:{177:0404021720}{451:0}}{1:F01VZCRVECAAXXX5410610696}{2:09501717040402VZCRVECAAXXX40812675430404021720N}{3:{108:SCONNECT}}{4:
:20:MI080303
:25:2222222222
:28C:0323/075
:60M:C080303VEF000001994268,89
:61:080303C000000001412,50NTRF000000033189//180009
PAGO
:61:080303C000000000497,49NTRF000000033122//180009
PAGO
:61:080303C000000000150,00NTRF000000032970//180009
PAGO
:61:080303C000000002000,00NTRF000000032975//180009
PAGO
:61:080303C000000000100,00NTRF000000032861//180009
PAGO
:61:080303C000000000200,00NTRF000000032825//180009
PAGO
:61:080303C000000002895,00NTRF000000032786//180009
PAGO
:61:080303C000000000020,00NTRF000000032738//180009
PAGO
:61:080303C000000002000,00NTRF000000032564//180009
PAGO
:62M:C080303VEF000002003543,88
-}{5:{CHK:1143FB20924B}}{S:{COP:S}}${1:F21VZCRVECAAXXX5410610696}{4:{177:0404021720}{451:0}}{1:F01VZCRVECAAXXX5410610696}{2:09501717040402VZCRVECAAXXX40812675430404021720N}{3:{108:SCONNECT}}{4:
:20:MI080303
:25:2222222222
:28C:0323/076
:60M:C080303VEF000002003543,88
:61:080303C000000000800,00NTRF000000034936//180009
PAGO
:61:080303C000000000500,00NTRF000000034669//180009
PAGO
:61:080303C000000000120,00NTRF000000034676//180009
PAGO
:61:080303C000000000060,00NTRF000000034429//180009
PAGO
:61:080303C000000009000,00NTRF000000034436//180009
PAGO
:61:080303C000000000375,00NTRF000000034296//180009
PAGO
:61:080303C000000000110,30NTRF000000034107//180009
PAGO
:61:080303C000000000200,00NTRF000000033702//180009
PAGO
:61:080303C000000000900,00NTRF000000031290//180009
PAGO
:62M:C080303VEF000002015609,18
-}{5:{CHK:1143FB20924B}}{S:{COP:S}}${1:F21VZCRVECAAXXX5410610696}{4:{177:0404021720}{451:0}}{1:F01VZCRVECAAXXX5410610696}{2:09501717040402VZCRVECAAXXX40812675430404021720N}{3:{108:SCONNECT}}{4:
:20:MI080303
:25:2222222222
:28C:0323/077
:60M:C080303VEF000002015609,18
:61:080303C000000000100,00NTRF000000033975//180009
PAGO
:61:080303C000000000115,00NTRF000000033626//180009
PAGO
:61:080303C000000000500,00NTRF000000033562//180009
PAGO
:61:080303C000000000100,00NTRF000000035556//180009
PAGO
:61:080303C000000000075,00NTRF000000035511//180009
PAGO
:61:080303C000000000070,00NTRF000000035342//180009
PAGO
:61:080303C000000001336,50NTRF000000035158//180009
PAGO
:61:080303C000000005000,00NTRF000000034345//180009
PAGO
:61:080303C000000001000,00NTRF000000035412//180009
PAGO
:62M:C080303VEF000002023905,68
-}{5:{CHK:1143FB20924B}}{S:{COP:S}}${1:F21VZCRVECAAXXX5410610696}{4:{177:0404021720}{451:0}}{1:F01VZCRVECAAXXX5410610696}{2:09501717040402VZCRVECAAXXX40812675430404021720N}{3:{108:SCONNECT}}{4:
:20:MI080303
:25:2222222222
:28C:0323/078
:60M:C080303VEF000002023905,68
:61:080303C000000000300,00NTRF000000035413//180009
PAGO
:61:080303C000000000400,00NTRF000000035052//180009
PAGO
:61:080303C000000000400,00NTRF000000035038//180009
PAGO
:61:080303C000000000300,00NTRF000000032103//180009
PAGO
:61:080303C000000001300,00NTRF000000032118//180009
PAGO
:61:080303C000000003150,00NTRF000000030355//180009
PAGO
:61:080303C000000000900,00NTRF000000028941//180009
PAGO
:61:080303C000000000070,00NTRF000000027775//180009
PAGO
:61:080303C000000004500,00NTRF000000239949//180009
PAGO
:62M:C080303VEF000002035225,68
-}{5:{CHK:1143FB20924B}}{S:{COP:S}}${1:F21VZCRVECAAXXX5410610696}{4:{177:0404021720}{451:0}}{1:F01VZCRVECAAXXX5410610696}{2:09501717040402VZCRVECAAXXX40812675430404021720N}{3:{108:SCONNECT}}{4:
:20:MI080303
:25:2222222222
:28C:0323/079
:60M:C080303VEF000002035225,68
:61:080303C000000000500,00NTRF000000239973//180009
PAGO
:61:080303C000000001000,00NTRF000000239392//180009
PAGO
:61:080303C000000000954,50NTRF000000239466//180009
PAGO
:61:080303C000000000120,00NTRF000000239494//180009
PAGO
:61:080303C000000000500,00NTRF000000239499//180009
PAGO
:61:080303C000000000904,57NTRF000000239531//180009
PAGO
:61:080303C000000000150,00NTRF000000239608//180009
PAGO
:61:080303C000000000200,00NTRF000000239673//180009
PAGO
:61:080303C000000000920,00NTRF000000239697//180009
PAGO
:62M:C080303VEF000002040474,75
-}{5:{CHK:1143FB20924B}}{S:{COP:S}}${1:F21VZCRVECAAXXX5410610696}{4:{177:0404021720}{451:0}}{1:F01VZCRVECAAXXX5410610696}{2:09501717040402VZCRVECAAXXX40812675430404021720N}{3:{108:SCONNECT}}{4:
:20:MI080303
:25:2222222222
:28C:0323/080
:60M:C080303VEF000002040474,75
:61:080303C000000000200,00NTRF000000239139//180009
PAGO
:61:080303C000000001800,00NTRF000000239231//180009
PAGO
:61:080303C000000000101,00NTRF000000239239//180009
PAGO
:61:080303C000000000090,00NTRF000000239246//180009
PAGO
:61:080303C000000000020,00NTRF000000239256//180009
PAGO
:61:080303C000000000140,00NTRF000000239279//180009
PAGO
:61:080303C000000001000,00NTRF000000238581//180009
PAGO
:61:080303C000000000100,00NTRF000000238607//180009
PAGO
:61:080303C000000000150,00NTRF000000238929//180009
PAGO
:62M:C080303VEF000002044075,75
-}{5:{CHK:1143FB20924B}}{S:{COP:S}}${1:F21VZCRVECAAXXX5410610696}{4:{177:0404021720}{451:0}}{1:F01VZCRVECAAXXX5410610696}{2:09501717040402VZCRVECAAXXX40812675430404021720N}{3:{108:SCONNECT}}{4:
:20:MI080303
:25:2222222222
:28C:0323/081
:60M:C080303VEF000002044075,75
:61:080303C000000003500,00NTRF000000238944//180009
PAGO
:61:080303C000000000091,99NTRF000000238183//180009
PAGO
:61:080303C000000000225,00NTRF000000238188//180009
PAGO
:61:080303C000000000604,59NTRF000000238256//180009
PAGO
:61:080303C000000000183,14NTRF000000238334//180009
PAGO
:61:080303C000000000600,00NTRF000000238389//180009
PAGO
:61:080303C000000000150,00NTRF000000238418//180009
PAGO
:61:080303C000000012560,00NTRF000000237663//180009
PAGO
:61:080303C000000000046,00NTRF000000237670//180009
PAGO
:62M:C080303VEF000002062036,47
-}{5:{CHK:1143FB20924B}}{S:{COP:S}}${1:F21VZCRVECAAXXX5410610696}{4:{177:0404021720}{451:0}}{1:F01VZCRVECAAXXX5410610696}{2:09501717040402VZCRVECAAXXX40812675430404021720N}{3:{108:SCONNECT}}{4:
:20:MI080303
:25:2222222222
:28C:0323/082
:60M:C080303VEF000002062036,47
:61:080303C000000000100,00NTRF000000237690//180009
PAGO
:61:080303C000000000575,00NTRF000000237692//180009
PAGO
:61:080303C000000014400,00NTRF000000237734//180009
PAGO
:61:080303C000000000600,00NTRF000000237799//180009
PAGO
:61:080303C000000001091,88NTRF000000237805//180009
PAGO
:61:080303C000000000200,00NTRF000000237817//180009
PAGO
:61:080303C000000005990,40NTRF000000224535//180009
PAGO
:61:080303C000000034481,08NTRF000000224545//180009
PAGO
:61:080303C000000000150,40NTRF000000224556//180009
PAGO
:62M:C080303VEF000002119625,23
-}{5:{CHK:1143FB20924B}}{S:{COP:S}}${1:F21VZCRVECAAXXX5410610696}{4:{177:0404021720}{451:0}}{1:F01VZCRVECAAXXX5410610696}{2:09501717040402VZCRVECAAXXX40812675430404021720N}{3:{108:SCONNECT}}{4:
:20:MI080303
:25:2222222222
:28C:0323/083
:60M:C080303VEF000002119625,23
:61:080303C000000170000,00NTRF000000224780//180009
PAGO
:61:080303C000000010121,40NTRF000000225603//180009
PAGO
:61:080303C000000005000,00NTRF000000230119//180009
PAGO
:61:080303C000000000580,00NTRF000000237536//180009
PAGO
:61:080303C000000007021,79NTRF000000216751//180009
PAGO
:61:080303C000001000000,00NTRF000000216993//180009
PAGO
:61:080303C000000002024,30NTRF000000218082//180009
PAGO
:61:080303C000000004668,00NTRF000000221097//180009
PAGO
:61:080303C000000138000,00NTRF000000221619//180009
PAGO
:62M:C080303VEF000003457040,72
-}{5:{CHK:1143FB20924B}}{S:{COP:S}}${1:F21VZCRVECAAXXX5410610696}{4:{177:0404021720}{451:0}}{1:F01VZCRVECAAXXX5410610696}{2:09501717040402VZCRVECAAXXX40812675430404021720N}{3:{108:SCONNECT}}{4:
:20:MI080303
:25:2222222222
:28C:0323/084
:60M:C080303VEF000003457040,72
:61:080303C000000000250,00NTRF000000237904//180009
PAGO
:61:080303C000000000800,00NTRF000000237946//180009
PAGO
:61:080303C000000000140,00NTRF000000238055//180009
PAGO
:61:080303C000000020464,66NTRF000000221708//180009
PAGO
:61:080303C000000150000,00NTRF000000222029//180009
PAGO
:61:080303C000000035789,45NTRF000000222492//180009
PAGO
:61:080303C000000007114,28NTRF000000224281//180009
PAGO
:61:080303C000000017152,91NTRF000000224397//180009
PAGO
:61:080303C000000200000,00NTRF000000224418//180009
PAGO
:62M:C080303VEF000003888752,02
-}{5:{CHK:1143FB20924B}}{S:{COP:S}}${1:F21VZCRVECAAXXX5410610696}{4:{177:0404021720}{451:0}}{1:F01VZCRVECAAXXX5410610696}{2:09501717040402VZCRVECAAXXX40812675430404021720N}{3:{108:SCONNECT}}{4:
:20:MI080303
:25:2222222222
:28C:0323/085
:60M:C080303VEF000003888752,02
:61:080303C000000000400,00NTRF000000238426//180009
PAGO
:61:080303C000000012000,00NTRF000000238442//180009
PAGO
:61:080303C000000000150,00NTRF000000238458//180009
PAGO
:61:080303C000000000004,00NTRF000000238484//180009
PAGO
:61:080303C000000001500,00NTRF000000238509//180009
PAGO
:61:080303C000000030000,00NTRF000000238516//180009
PAGO
:61:080303C000000005000,00NTRF000000238528//180009
PAGO
:61:080303C000000002000,00NTRF000000237597//180009
PAGO
:61:080303C000000000156,00NTRF000000237617//180009
PAGO
:62M:C080303VEF000003939962,02
-}{5:{CHK:1143FB20924B}}{S:{COP:S}}${1:F21VZCRVECAAXXX5410610696}{4:{177:0404021720}{451:0}}{1:F01VZCRVECAAXXX5410610696}{2:09501717040402VZCRVECAAXXX40812675430404021720N}{3:{108:SCONNECT}}{4:
:20:MI080303
:25:2222222222
:28C:0323/086
:60M:C080303VEF000003939962,02
:61:080303C000000002000,00NTRF000000238611//180009
PAGO
:61:080303C000000000150,00NTRF000000238677//180009
PAGO
:61:080303C000000000400,00NTRF000000238719//180009
PAGO
:61:080303C000000001200,00NTRF000000238747//180009
PAGO
:61:080303C000000005000,00NTRF000000238764//180009
PAGO
:61:080303C000000000430,00NTRF000000238793//180009
PAGO
:61:080303C000000000500,00NTRF000000238826//180009
PAGO
:61:080303C000000003907,00NTRF000000238848//180009
PAGO
:61:080303C000000000599,70NTRF000000238862//180009
PAGO
:62M:C080303VEF000003954148,72
-}{5:{CHK:1143FB20924B}}{S:{COP:S}}${1:F21VZCRVECAAXXX5410610696}{4:{177:0404021720}{451:0}}{1:F01VZCRVECAAXXX5410610696}{2:09501717040402VZCRVECAAXXX40812675430404021720N}{3:{108:SCONNECT}}{4:
:20:MI080303
:25:2222222222
:28C:0323/087
:60M:C080303VEF000003954148,72
:61:080303C000000026212,50NTRF000000239726//180009
PAGO
:61:080303C000000000050,33NTRF000000239780//180009
PAGO
:61:080303C000000000400,00NTRF000000238952//180009
PAGO
:61:080303C000000000920,00NTRF000000239040//180009
PAGO
:61:080303C000000002500,00NTRF000000239079//180009
PAGO
:61:080303C000000001000,00NTRF000000239085//180009
PAGO
:61:080303C000000000078,05NTRF000000239113//180009
PAGO
:61:080303C000000000050,00NTRF000000239118//180009
PAGO
:61:080303C000000000097,00NTRF000000239121//180009
PAGO
:62M:C080303VEF000003985456,60
-}{5:{CHK:1143FB20924B}}{S:{COP:S}}${1:F21VZCRVECAAXXX5410610696}{4:{177:0404021720}{451:0}}{1:F01VZCRVECAAXXX5410610696}{2:09501717040402VZCRVECAAXXX40812675430404021720N}{3:{108:SCONNECT}}{4:
:20:MI080303
:25:2222222222
:28C:0323/088
:60M:C080303VEF000003985456,60
:61:080303C000000000161,50NTRF000000240047//180009
PAGO
:61:080303C000000001000,00NTRF000000240079//180009
PAGO
:61:080303C000000000030,00NTRF000000240097//180009
PAGO
:61:080303C000000000253,00NTRF000000240191//180009
PAGO
:61:080303C000000000050,43NTRF000000240201//180009
PAGO
:61:080303C000000000253,00NTRF000000240218//180009
PAGO
:61:080303C000000000050,20NTRF000000239309//180009
PAGO
:61:080303C000000000750,00NTRF000000239310//180009
PAGO
:61:080303C000000000400,00NTRF000000239326//180009
PAGO
:62M:C080303VEF000003988404,73
-}{5:{CHK:1143FB20924B}}{S:{COP:S}}${1:F21VZCRVECAAXXX5410610696}{4:{177:0404021720}{451:0}}{1:F01VZCRVECAAXXX5410610696}{2:09501717040402VZCRVECAAXXX40812675430404021720N}{3:{108:SCONNECT}}{4:
:20:MI080303
:25:2222222222
:28C:0323/089
:60M:C080303VEF000003988404,73
:61:080303C000000000250,00NTRF000000239979//180009
PAGO
:61:080303C000000000250,00NTRF000000239953//180009
PAGO
:61:080303C000000000408,60NTRF000000239850//180009
PAGO
:61:080303C000000000100,00NTRF000000240485//180009
PAGO
:61:080303C000000000200,00NTRF000000239826//180009
PAGO
:61:080303C000000000408,60NTRF000000239830//180009
PAGO
:61:080303C000000001020,00NTRF000000240245//180009
PAGO
:61:080303C000000000035,00NTRF000000240228//180009
PAGO
:61:080303C000000000490,00NTRF000000240224//180009
PAGO
:62M:C080303VEF000003991566,93
-}{5:{CHK:1143FB20924B}}{S:{COP:S}}${1:F21VZCRVECAAXXX5410610696}{4:{177:0404021720}{451:0}}{1:F01VZCRVECAAXXX5410610696}{2:09501717040402VZCRVECAAXXX40812675430404021720N}{3:{108:SCONNECT}}{4:
:20:MI080303
:25:2222222222
:28C:0323/090
:60M:C080303VEF000003991566,93
:61:080303C000000000200,00NTRF000003032008//180009
PAGO
:61:080303C000000000166,00NTRF000003032008//180009
PAGO
:61:080303C000000000120,00NTRF000003032008//180009
PAGO
:61:080303C000000000100,00NTRF000003032008//180009
PAGO
:61:080303C000000000900,00NTRF000017869265//180009
PAGO
:61:080303C000000000855,00NTRF000017869458//180009
PAGO
:61:080303C000000005550,00NTRF000017870111//180009
PAGO
:61:080303C000000000048,00NTRF000017870110//180009
PAGO
:61:080303C000000000015,50NTRF000017870282//180009
PAGO
:62M:C080303VEF000003999521,43
-}{5:{CHK:1143FB20924B}}{S:{COP:S}}${1:F21VZCRVECAAXXX5410610696}{4:{177:0404021720}{451:0}}{1:F01VZCRVECAAXXX5410610696}{2:09501717040402VZCRVECAAXXX40812675430404021720N}{3:{108:SCONNECT}}{4:
:20:MI080303
:25:2222222222
:28C:0323/091
:60M:C080303VEF000003999521,43
:61:080303C000000004000,00NTRF000017866723//180009
PAGO
:61:080303C000000000054,00NTRF000017863688//180009
PAGO
:61:080303C000000000300,00NTRF000017866284//180009
PAGO
:61:080303C000000000240,00NTRF000017863289//180009
PAGO
:61:080303C000000000300,00NTRF000017870992//180009
PAGO
:61:080303C000000000905,00NTRF000017871018//180009
PAGO
:61:080303C000000000700,00NTRF000017871555//180009
PAGO
:61:080303C000000000800,00NTRF000017867271//180009
PAGO
:61:080303C000000001785,00NTRF000017867957//180009
PAGO
:62M:C080303VEF000004008605,43
-}{5:{CHK:1143FB20924B}}{S:{COP:S}}${1:F21VZCRVECAAXXX5410610696}{4:{177:0404021720}{451:0}}{1:F01VZCRVECAAXXX5410610696}{2:09501717040402VZCRVECAAXXX40812675430404021720N}{3:{108:SCONNECT}}{4:
:20:MI080303
:25:2222222222
:28C:0323/092
:60M:C080303VEF000004008605,43
:61:080303C000000000243,00NTRF000017868288//180009
PAGO
:61:080303C000000008799,63NTRF000017868773//180009
PAGO
:61:080303C000000001500,00NTRF000017868924//180009
PAGO
:61:080303C000000000400,00NTRF000017855789//180009
PAGO
:61:080303C000000000500,00NTRF000017857871//180009
PAGO
:61:080303C000000001000,00NTRF000017858188//180009
PAGO
:61:080303C000000001100,00NTRF000017859013//180009
PAGO
:61:080303C000000001400,00NTRF000017862409//180009
PAGO
:61:080303C000000000070,00NTRF000017862163//180009
PAGO
:62M:C080303VEF000004023618,06
-}{5:{CHK:1143FB20924B}}{S:{COP:S}}${1:F21VZCRVECAAXXX5410610696}{4:{177:0404021720}{451:0}}{1:F01VZCRVECAAXXX5410610696}{2:09501717040402VZCRVECAAXXX40812675430404021720N}{3:{108:SCONNECT}}{4:
:20:MI080303
:25:2222222222
:28C:0323/093
:60M:C080303VEF000004023618,06
:61:080303C000000000110,00NTRF000017862023//180009
PAGO
:61:080303C000000000400,00NTRF000017861882//180009
PAGO
:61:080303C000000000300,00NTRF000017860953//180009
PAGO
:61:080303C000000001624,00NTRF000017859676//180009
PAGO
:61:080303C000000003000,00NTRF000017857388//180009
PAGO
:61:080303C000000001200,00NTRF000017857000//180009
PAGO
:61:080303C000000004005,00NTRF000017855980//180009
PAGO
:61:080303C000000000575,00NTRF000000000194//180009
PAGO
:61:080303C000000000500,00NTRF000017846915//180009
PAGO
:62M:C080303VEF000004035332,06
-}{5:{CHK:1143FB20924B}}{S:{COP:S}}${1:F21VZCRVECAAXXX5410610696}{4:{177:0404021720}{451:0}}{1:F01VZCRVECAAXXX5410610696}{2:09501717040402VZCRVECAAXXX40812675430404021720N}{3:{108:SCONNECT}}{4:
:20:MI080303
:25:2222222222
:28C:0323/094
:60M:C080303VEF000004035332,06
:61:080303C000000002500,00NTRF000017852070//180009
PAGO
:61:080303C000000000400,00NTRF000017852136//180009
PAGO
:61:080303C000000000300,00NTRF000017852124//180009
PAGO
:61:080303C000000001200,00NTRF000017853285//180009
PAGO
:61:080303C000000001600,00NTRF000017853850//180009
PAGO
:61:080303C000000000500,00NTRF000017846910//180009
PAGO
:61:080303C000000002000,00NTRF000017852099//180009
PAGO
:61:080303C000000003000,00NTRF000017509794//180009
PAGO
:61:080303C000000000150,00NTRF000017847895//180009
PAGO
:62M:C080303VEF000004046982,06
-}{5:{CHK:1143FB20924B}}{S:{COP:S}}${1:F21VZCRVECAAXXX5410610696}{4:{177:0404021720}{451:0}}{1:F01VZCRVECAAXXX5410610696}{2:09501717040402VZCRVECAAXXX40812675430404021720N}{3:{108:SCONNECT}}{4:
:20:MI080303
:25:2222222222
:28C:0323/095
:60M:C080303VEF000004046982,06
:61:080303C000000002900,00NTRF000017847905//180009
PAGO
:61:080303C000000000455,00NTRF000017847845//180009
PAGO
:61:080303C000000004582,39NTRF000017844836//180009
PAGO
:61:080303C000000000486,20NTRF000017845112//180009
PAGO
:61:080303C000000001965,00NTRF000017845147//180009
PAGO
:61:080303C000000000030,00NTRF000017847352//180009
PAGO
:61:080303C000000000100,00NTRF000017843969//180009
PAGO
:61:080303C000000000300,00NTRF000017842886//180009
PAGO
:61:080303C000000001600,00NTRF000017842369//180009
PAGO
:62M:C080303VEF000004059400,65
-}{5:{CHK:1143FB20924B}}{S:{COP:S}}${1:F21VZCRVECAAXXX5410610696}{4:{177:0404021720}{451:0}}{1:F01VZCRVECAAXXX5410610696}{2:09501717040402VZCRVECAAXXX40812675430404021720N}{3:{108:SCONNECT}}{4:
:20:MI080303
:25:2222222222
:28C:0323/096
:60M:C080303VEF000004059400,65
:61:080303C000000001000,00NTRF000017841660//180009
PAGO
:61:080303C000000003500,00NTRF000017841426//180009
PAGO
:61:080303C000000000100,00NTRF000017841292//180009
PAGO
:61:080303C000000000940,00NTRF000017840983//180009
PAGO
:61:080303C000000000156,00NTRF000017845260//180009
PAGO
:61:080303C000000001800,00NTRF000017846199//180009
PAGO
:61:080303C000000000600,00NTRF000017846277//180009
PAGO
:61:080303C000000000600,00NTRF000017846732//180009
PAGO
:61:080303C000000000500,00NTRF000017848085//180009
PAGO
:62M:C080303VEF000004068596,65
-}{5:{CHK:1143FB20924B}}{S:{COP:S}}${1:F21VZCRVECAAXXX5410610696}{4:{177:0404021720}{451:0}}{1:F01VZCRVECAAXXX5410610696}{2:09501717040402VZCRVECAAXXX40812675430404021720N}{3:{108:SCONNECT}}{4:
:20:MI080303
:25:2222222222
:28C:0323/097
:60M:C080303VEF000004068596,65
:61:080303C000000000871,00NTRF000017839891//180009
PAGO
:61:080303C000000000064,68NTRF000047468808//180009
PAGO
:61:080303C000000000323,40NTRF000004595790//180009
PAGO
:61:080303C000000002500,00NTRF000065157675//180009
PAGO
:61:080303C000000000074,00NTRF000001134286//180009
PAGO
:61:080303C000000000800,00NTRF000000000000//180009
PAGO
:61:080303C000000000150,00NTRF000000000000//180009
PAGO
:61:080303C000000001200,00NTRF000000000000//180009
PAGO
:61:080303C000000000250,00NTRF000017830473//180009
PAGO
:62M:C080303VEF000004074829,73
-}{5:{CHK:1143FB20924B}}{S:{COP:S}}${1:F21VZCRVECAAXXX5410610696}{4:{177:0404021720}{451:0}}{1:F01VZCRVECAAXXX5410610696}{2:09501717040402VZCRVECAAXXX40812675430404021720N}{3:{108:SCONNECT}}{4:
:20:MI080303
:25:2222222222
:28C:0323/098
:60M:C080303VEF000004074829,73
:61:080303C000000001000,00NTRF000017831558//180009
PAGO
:61:080303C000000001560,00NTRF000017831634//180009
PAGO
:61:080303C000000000120,00NTRF000017829024//180009
PAGO
:61:080303C000000002000,00NTRF000017826540//180009
PAGO
:61:080303C000000000350,00NTRF000017829463//180009
PAGO
:61:080303C000000001725,00NTRF000017823125//180009
PAGO
:61:080303C000000000500,00NTRF000017819689//180009
PAGO
:61:080303C000000001100,00NTRF000017820114//180009
PAGO
:61:080303C000000001000,00NTRF000017819067//180009
PAGO
:62M:C080303VEF000004084184,73
-}{5:{CHK:1143FB20924B}}{S:{COP:S}}${1:F21VZCRVECAAXXX5410610696}{4:{177:0404021720}{451:0}}{1:F01VZCRVECAAXXX5410610696}{2:09501717040402VZCRVECAAXXX40812675430404021720N}{3:{108:SCONNECT}}{4:
:20:MI080303
:25:2222222222
:28C:0323/099
:60M:C080303VEF000004084184,73
:61:080303C000000000050,00NTRF000017822360//180009
PAGO
:61:080303C000000000162,00NTRF000017824420//180009
PAGO
:61:080303C000000000301,00NTRF000017822177//180009
PAGO
:61:080303C000000000500,00NTRF000017824040//180009
PAGO
:61:080303C000000000500,00NTRF000017822240//180009
PAGO
:61:080303C000000000235,00NTRF000017786308//180009
PAGO
:61:080303C000000000321,81NTRF000000242663//180009
PAGO
:61:080303C000000006485,00NTRF000000175501//180009
PAGO
:61:080303C000000014563,15NTRF000000000001//180009
PAGO
:62M:C080303VEF000004107302,69
-}{5:{CHK:1143FB20924B}}{S:{COP:S}}${1:F21VZCRVECAAXXX5410610696}{4:{177:0404021720}{451:0}}{1:F01VZCRVECAAXXX5410610696}{2:09501717040402VZCRVECAAXXX40812675430404021720N}{3:{108:SCONNECT}}{4:
:20:MI080303
:25:2222222222
:28C:0323/100
:60M:C080303VEF000004107302,69
:61:080303C000000016809,47NTRF000000046696//180009
PAGO
:61:080303C000000004867,64NTRF000000023928//180009
PAGO
:61:080303C000000005127,29NTRF000000006623//180009
PAGO
:61:080303C000000002074,21NTRF000000000248//180009
PAGO
:61:080303C000000079823,10NTRF000000000249//180009
PAGO
:61:080303C000000000700,00NTRF000017809799//180009
PAGO
:61:080303C000000000402,00NTRF000017817959//180009
PAGO
:61:080303C000000000162,64NTRF000000243150//180009
PAGO
:61:080303C000000000079,80NTRF000000175516//180009
PAGO
:62M:C080303VEF000004217348,84
-}{5:{CHK:1143FB20924B}}{S:{COP:S}}${1:F21VZCRVECAAXXX5410610696}{4:{177:0404021720}{451:0}}{1:F01VZCRVECAAXXX5410610696}{2:09501717040402VZCRVECAAXXX40812675430404021720N}{3:{108:SCONNECT}}{4:
:20:MI080303
:25:2222222222
:28C:0323/101
:60M:C080303VEF000004217348,84
:61:080303C000000004000,00NTRF000017807455//180009
PAGO
:61:080303C000000009062,42NTRF000000134306//180009
PAGO
:61:080303C000000009008,98NTRF000010000847//180009
PAGO
:61:080303C000000018559,30NTRF000010000817//180009
PAGO
:61:080303C000000004403,85NTRF000010000812//180009
PAGO
:61:080303C000000000808,40NTRF000000000447//180009
PAGO
:61:080303C000000004581,25NTRF000000000001//180009
PAGO
:61:080303C000000016333,14NTRF000000000001//180009
PAGO
:61:080303C000000009984,90NTRF000000000001//180009
PAGO
:62M:C080303VEF000004294091,08
-}{5:{CHK:1143FB20924B}}{S:{COP:S}}${1:F21VZCRVECAAXXX5410610696}{4:{177:0404021720}{451:0}}{1:F01VZCRVECAAXXX5410610696}{2:09501717040402VZCRVECAAXXX40812675430404021720N}{3:{108:SCONNECT}}{4:
:20:MI080303
:25:2222222222
:28C:0323/102
:60M:C080303VEF000004294091,08
:61:080303C000000000336,00NTRF000022295253//180009
PAGO
:61:080303C000000000340,00NTRF000017817698//180009
PAGO
:61:080303C000000000266,00NTRF000017816305//180009
PAGO
:61:080303C000000000040,00NTRF000017816612//180009
PAGO
:61:080303C000000000650,00NTRF000017815748//180009
PAGO
:61:080303C000000020000,00NTRF000017816271//180009
PAGO
:61:080303C000000000106,00NTRF000017816425//180009
PAGO
:61:080303C000000000100,00NTRF000017815171//180009
PAGO
:61:080303C000000000100,00NTRF000017812388//180009
PAGO
:62M:C080303VEF000004316029,08
-}{5:{CHK:1143FB20924B}}{S:{COP:S}}${1:F21VZCRVECAAXXX5410610696}{4:{177:0404021720}{451:0}}{1:F01VZCRVECAAXXX5410610696}{2:09501717040402VZCRVECAAXXX40812675430404021720N}{3:{108:SCONNECT}}{4:
:20:MI080303
:25:2222222222
:28C:0323/103
:60M:C080303VEF000004316029,08
:61:080303C000000000428,00NTRF000017812003//180009
PAGO
:61:080303C000000004000,00NTRF000017811633//180009
PAGO
:61:080303C000000000135,00NTRF000017806653//180009
PAGO
:61:080303C000000000600,00NTRF000017805666//180009
PAGO
:61:080303C000000000266,55NTRF000017805662//180009
PAGO
:61:080303C000000000179,17NTRF000017806452//180009
PAGO
:61:080303C000000000500,00NTRF000017802090//180009
PAGO
:61:080303C000000001300,00NTRF000017795759//180009
PAGO
:61:080303C000000001000,00NTRF000017796750//180009
PAGO
:62M:C080303VEF000004324437,80
-}{5:{CHK:1143FB20924B}}{S:{COP:S}}${1:F21VZCRVECAAXXX5410610696}{4:{177:0404021720}{451:0}}{1:F01VZCRVECAAXXX5410610696}{2:09501717040402VZCRVECAAXXX40812675430404021720N}{3:{108:SCONNECT}}{4:
:20:MI080303
:25:2222222222
:28C:0323/104
:60M:C080303VEF000004324437,80
:61:080303C000000015257,00NTRF000017796851//180009
PAGO
:61:080303C000000000700,00NTRF000017797096//180009
PAGO
:61:080303C000000000030,00NTRF000017807812//180009
PAGO
:61:080303C000000000500,00NTRF000017803370//180009
PAGO
:61:080303C000000000200,00NTRF000017803273//180009
PAGO
:61:080303C000000003400,00NTRF000017802595//180009
PAGO
:61:080303C000000002500,00NTRF000017802292//180009
PAGO
:61:080303C000000000236,00NTRF000017808945//180009
PAGO
:61:080303C000000000800,00NTRF000017797329//180009
PAGO
:62M:C080303VEF000004348060,80
-}{5:{CHK:1143FB20924B}}{S:{COP:S}}${1:F21VZCRVECAAXXX5410610696}{4:{177:0404021720}{451:0}}{1:F01VZCRVECAAXXX5410610696}{2:09501717040402VZCRVECAAXXX40812675430404021720N}{3:{108:SCONNECT}}{4:
:20:MI080303
:25:2222222222
:28C:0323/105
:60M:C080303VEF000004348060,80
:61:080303C000000000300,00NTRF000017798565//180009
PAGO
:61:080303C000000000040,00NTRF000017798663//180009
PAGO
:61:080303C000000000100,00NTRF000017801429//180009
PAGO
:61:080303C000000004500,00NTRF000000572864//180009
PAGO
:61:080303C000000000107,78NTRF000000751670//180009
PAGO
:61:080303C000000000040,00NTRF000000768414//180009
PAGO
:61:080303C000000001500,00NTRF000000610123//180009
PAGO
:61:080303C000000000500,00NTRF000000556246//180009
PAGO
:61:080303C000000000200,00NTRF000000769789//180009
PAGO
:62M:C080303VEF000004355348,58
-}{5:{CHK:1143FB20924B}}{S:{COP:S}}${1:F21VZCRVECAAXXX5410610696}{4:{177:0404021720}{451:0}}{1:F01VZCRVECAAXXX5410610696}{2:09501717040402VZCRVECAAXXX40812675430404021720N}{3:{108:SCONNECT}}{4:
:20:MI080303
:25:2222222222
:28C:0323/106
:60M:C080303VEF000004355348,58
:61:080303C000000000050,00NTRF000000649405//180009
PAGO
:61:080303C000000003030,00NTRF000000759152//180009
PAGO
:61:080303C000000000800,00NTRF000000522345//180009
PAGO
:61:080303C000000000250,00NTRF000017787753//180009
PAGO
:61:080303C000000000130,00NTRF000017787444//180009
PAGO
:61:080303C000000000320,00NTRF000017787762//180009
PAGO
:61:080303C000000001143,74NTRF000017790293//180009
PAGO
:61:080303C000000000538,46NTRF000017787809//180009
PAGO
:61:080303C000000006418,65NTRF000017791294//180009
PAGO
:62M:C080303VEF000004368029,43
-}{5:{CHK:1143FB20924B}}{S:{COP:S}}${1:F21VZCRVECAAXXX5410610696}{4:{177:0404021720}{451:0}}{1:F01VZCRVECAAXXX5410610696}{2:09501717040402VZCRVECAAXXX40812675430404021720N}{3:{108:SCONNECT}}{4:
:20:MI080303
:25:2222222222
:28C:0323/107
:60M:C080303VEF000004368029,43
:61:080303C000000000553,00NTRF000017791048//180009
PAGO
:61:080303C000000002300,00NTRF000017786157//180009
PAGO
:61:080303C000000000280,00NTRF000017794867//180009
PAGO
:61:080303C000000004000,00NTRF000017792645//180009
PAGO
:61:080303C000000000754,12NTRF000017793752//180009
PAGO
:61:080303C000000000350,00NTRF000017794716//180009
PAGO
:61:080303C000000000600,00NTRF000017794713//180009
PAGO
:61:080303C000000000497,20NTRF000000000941//180009
PAGO
:61:080303C000000008497,89NTRF000000005627//180009
PAGO
:62M:C080303VEF000004385861,64
-}{5:{CHK:1143FB20924B}}{S:{COP:S}}${1:F21VZCRVECAAXXX5410610696}{4:{177:0404021720}{451:0}}{1:F01VZCRVECAAXXX5410610696}{2:09501717040402VZCRVECAAXXX40812675430404021720N}{3:{108:SCONNECT}}{4:
:20:MI080303
:25:2222222222
:28C:0323/108
:60M:C080303VEF000004385861,64
:61:080303C000000003398,29NTRF000000005607//180009
PAGO
:61:080303C000000000500,00NTRF000000026326//180009
PAGO
:61:080303C000000000500,00NTRF000000026240//180009
PAGO
:61:080303C000000000150,00NTRF000000049117//180009
PAGO
:61:080303C000000020946,37NTRF000000016353//180009
PAGO
:61:080303C000000000482,62NTRF000000015630//180009
PAGO
:61:080303C000000002497,50NTRF000000015631//180009
PAGO
:61:080303C000000000125,63NTRF000000014598//180009
PAGO
:61:080303C000000523340,78NTRF000000014566//180009
PAGO
:62M:C080303VEF000004937802,83
-}{5:{CHK:1143FB20924B}}{S:{COP:S}}${1:F21VZCRVECAAXXX5410610696}{4:{177:0404021720}{451:0}}{1:F01VZCRVECAAXXX5410610696}{2:09501717040402VZCRVECAAXXX40812675430404021720N}{3:{108:SCONNECT}}{4:
:20:MI080303
:25:2222222222
:28C:0323/109
:60M:C080303VEF000004937802,83
:61:080303C000000001570,00NTRF000000014590//180009
PAGO
:61:080303C000004725052,94NTRF000000014591//180009
PAGO
:61:080303C000000010582,00NTRF000000014592//180009
PAGO
:61:080303C000000185845,72NTRF000000014594//180009
PAGO
:61:080303C000000832386,09NTRF000000014595//180009
PAGO
:61:080303C000000120900,00NTRF000000014584//180009
PAGO
:61:080303C000000467772,92NTRF000000014585//180009
PAGO
:61:080303C000000605634,57NTRF000000014560//180009
PAGO
:61:080303C000000204277,04NTRF000000014571//180009
PAGO
:62M:C080303VEF000012091824,11
-}{5:{CHK:1143FB20924B}}{S:{COP:S}}${1:F21VZCRVECAAXXX5410610696}{4:{177:0404021720}{451:0}}{1:F01VZCRVECAAXXX5410610696}{2:09501717040402VZCRVECAAXXX40812675430404021720N}{3:{108:SCONNECT}}{4:
:20:MI080303
:25:2222222222
:28C:0323/110
:60M:C080303VEF000012091824,11
:61:080303C000000000940,42NTRF000000014572//180009
PAGO
:61:080303C000000011027,96NTRF000000014573//180009
PAGO
:61:080303C000000002866,81NTRF000000014574//180009
PAGO
:61:080303C000000031261,16NTRF000000014575//180009
PAGO
:61:080303C000000303330,06NTRF000000014576//180009
PAGO
:61:080303C000000019678,35NTRF000000014577//180009
PAGO
:61:080303C000000071739,70NTRF000000014578//180009
PAGO
:61:080303C000000002600,00NTRF000000014579//180009
PAGO
:61:080303C000000043221,44NTRF000000014580//180009
PAGO
:62M:C080303VEF000012578490,01
-}{5:{CHK:1143FB20924B}}{S:{COP:S}}${1:F21VZCRVECAAXXX5410610696}{4:{177:0404021720}{451:0}}{1:F01VZCRVECAAXXX5410610696}{2:09501717040402VZCRVECAAXXX40812675430404021720N}{3:{108:SCONNECT}}{4:
:20:MI080303
:25:2222222222
:28C:0323/111
:60M:C080303VEF000012578490,01
:61:080303C000000179042,30NTRF000000014581//180009
PAGO
:61:080303C000000083545,96NTRF000000014582//180009
PAGO
:61:080303C000000001704,25NTRF000000014583//180009
PAGO
:61:080303C000000007002,50NTRF000000014550//180009
PAGO
:61:080303C000000023776,06NTRF000000014551//180009
PAGO
:61:080303C000000605634,57NTRF000000014553//180009
PAGO
:61:080303C000000134485,53NTRF000000014567//180009
PAGO
:61:080303C000000683690,87NTRF000000014568//180009
PAGO
:61:080303C000000214023,38NTRF000000014569//180009
PAGO
:62M:C080303VEF000014511395,43
-}{5:{CHK:1143FB20924B}}{S:{COP:S}}${1:F21VZCRVECAAXXX5410610696}{4:{177:0404021720}{451:0}}{1:F01VZCRVECAAXXX5410610696}{2:09501717040402VZCRVECAAXXX40812675430404021720N}{3:{108:SCONNECT}}{4:
:20:MI080303
:25:2222222222
:28C:0323/112
:60M:C080303VEF000014511395,43
:61:080303C000000493302,92NTRF000000014570//180009
PAGO
:61:080303C000000000676,93NTRF000000014538//180009
PAGO
:61:080303C000000017395,31NTRF000000014586//180009
PAGO
:61:080303C000000001931,14NTRF000000014587//180009
PAGO
:61:080303C000000407151,22NTRF000000014588//180009
PAGO
:61:080303C000000006879,87NTRF000000014589//180009
PAGO
:61:080303C000000005113,26NTRF000000014554//180009
PAGO
:61:080303C000000021431,07NTRF000000014556//180009
PAGO
:61:080303C000000039044,59NTRF000000014557//180009
PAGO
:62M:C080303VEF000015504321,74
-}{5:{CHK:1143FB20924B}}{S:{COP:S}}${1:F21VZCRVECAAXXX5410610696}{4:{177:0404021720}{451:0}}{1:F01VZCRVECAAXXX5410610696}{2:09501717040402VZCRVECAAXXX40812675430404021720N}{3:{108:SCONNECT}}{4:
:20:MI080303
:25:2222222222
:28C:0323/113
:60M:C080303VEF000015504321,74
:61:080303C000000008908,75NTRF000000014558//180009
PAGO
:61:080303C000000011186,15NTRF000000014559//180009
PAGO
:61:080303C000000148915,20NTRF000000014600//180009
PAGO
:61:080303C000000070489,08NTRF000000014602//180009
PAGO
:61:080303C000000013785,95NTRF000000014603//180009
PAGO
:61:080303C000000058886,85NTRF000000014604//180009
PAGO
:61:080303C000005108480,03NTRF000000014561//180009
PAGO
:61:080303C000000031535,55NTRF000000014562//180009
PAGO
:61:080303C000000000157,69NTRF000000014563//180009
PAGO
:62M:C080303VEF000020956666,99
-}{5:{CHK:1143FB20924B}}{S:{COP:S}}${1:F21VZCRVECAAXXX5410610696}{4:{177:0404021720}{451:0}}{1:F01VZCRVECAAXXX5410610696}{2:09501717040402VZCRVECAAXXX40812675430404021720N}{3:{108:SCONNECT}}{4:
:20:MI080303
:25:2222222222
:28C:0323/114
:60M:C080303VEF000020956666,99
:61:080303C000000000483,25NTRF000000014564//180009
PAGO
:61:080303C000000029248,07NTRF000000014565//180009
PAGO
:61:080303C000000576719,94NTRF000000016340//180009
PAGO
:61:080303C000000035173,46NTRF000000015732//180009
PAGO
:61:080303C000000710493,33NTRF000000015733//180009
PAGO
:61:080303C000000022335,03NTRF000000015734//180009
PAGO
:61:080303C000000001473,83NTRF000000015739//180009
PAGO
:61:080303C000000000646,76NTRF000000015740//180009
PAGO
:61:080303C000000000117,32NTRF000000015720//180009
PAGO
:62M:C080303VEF000022333357,98
-}{5:{CHK:1143FB20924B}}{S:{COP:S}}${1:F21VZCRVECAAXXX5410610696}{4:{177:0404021720}{451:0}}{1:F01VZCRVECAAXXX5410610696}{2:09501717040402VZCRVECAAXXX40812675430404021720N}{3:{108:SCONNECT}}{4:
:20:MI080303
:25:2222222222
:28C:0323/115
:60M:C080303VEF000022333357,98
:61:080303C000000000123,46NTRF000000015721//180009
PAGO
:61:080303C000000002556,28NTRF000000015729//180009
PAGO
:61:080303C000000015923,85NTRF000000015703//180009
PAGO
:61:080303C000000008139,34NTRF000000015704//180009
PAGO
:61:080303C000000002120,00NTRF000000016342//180009
PAGO
:61:080303C000000002905,97NTRF000000016339//180009
PAGO
:61:080303C000000016920,39NTRF000000016338//180009
PAGO
:61:080303C000000021323,05NTRF000000016337//180009
PAGO
:61:080303C000001759822,18NTRF000000014379//180009
PAGO
:62M:C080303VEF000024163192,50
-}{5:{CHK:1143FB20924B}}{S:{COP:S}}${1:F21VZCRVECAAXXX5410610696}{4:{177:0404021720}{451:0}}{1:F01VZCRVECAAXXX5410610696}{2:09501717040402VZCRVECAAXXX40812675430404021720N}{3:{108:SCONNECT}}{4:
:20:MI080303
:25:2222222222
:28C:0323/116
:60M:C080303VEF000024163192,50
:61:080303C000000209137,90NTRF000000014366//180009
PAGO
:61:080303C000000010882,02NTRF000000014367//180009
PAGO
:61:080303C000000123321,77NTRF000000014368//180009
PAGO
:61:080303C000000053647,24NTRF000000014369//180009
PAGO
:61:080303C000000127330,15NTRF000000014372//180009
PAGO
:61:080303C000000045771,05NTRF000000014374//180009
PAGO
:61:080303C000000007618,00NTRF000000014376//180009
PAGO
:61:080303C000000025796,10NTRF000000014377//180009
PAGO
:61:080303C000000561442,08NTRF000000014360//180009
PAGO
:62M:C080303VEF000025328138,81
-}{5:{CHK:1143FB20924B}}{S:{COP:S}}${1:F21VZCRVECAAXXX5410610696}{4:{177:0404021720}{451:0}}{1:F01VZCRVECAAXXX5410610696}{2:09501717040402VZCRVECAAXXX40812675430404021720N}{3:{108:SCONNECT}}{4:
:20:MI080303
:25:2222222222
:28C:0323/117
:60M:C080303VEF000025328138,81
:61:080303C000000000795,12NTRF000000014361//180009
PAGO
:61:080303C000002504440,72NTRF000000014364//180009
PAGO
:61:080303C000000009022,50NTRF000000014365//180009
PAGO
:61:080303C000000005792,08NTRF000000014393//180009
PAGO
:61:080303C000000004113,19NTRF000000014382//180009
PAGO
:61:080303C000000011341,63NTRF000000014390//180009
PAGO
:61:080303C000000005551,65NTRF000000014514//180009
PAGO
:61:080303C000000014711,78NTRF000000014520//180009
PAGO
:61:080303C000000597626,74NTRF000000014386//180009
PAGO
:62M:C080303VEF000028481534,22
-}{5:{CHK:1143FB20924B}}{S:{COP:S}}${1:F21VZCRVECAAXXX5410610696}{4:{177:0404021720}{451:0}}{1:F01VZCRVECAAXXX5410610696}{2:09501717040402VZCRVECAAXXX40812675430404021720N}{3:{108:SCONNECT}}{4:
:20:MI080303
:25:2222222222
:28C:0323/118
:60M:C080303VEF000028481534,22
:61:080303C000000009117,85NTRF000000014391//180009
PAGO
:61:080303C000000001000,00NTRF000000000000//180009
PAGO
:61:080303C000000000050,00NTRF000000000000//180009
PAGO
:61:080303C000000001100,00NTRF000000000004//180009
PAGO
:61:080303C000000000300,00NTRF000000000000//180009
PAGO
:61:080303C000000000200,00NTRF000000000000//180009
PAGO
:61:080303C000000000165,00NTRF000000000000//180009
PAGO
:61:080303C000000000345,00NTRF000000000000//180009
PAGO
:61:080303C000000001000,00NTRF000000000000//180009
PAGO
:62M:C080303VEF000028494812,07
-}{5:{CHK:1143FB20924B}}{S:{COP:S}}${1:F21VZCRVECAAXXX5410610696}{4:{177:0404021720}{451:0}}{1:F01VZCRVECAAXXX5410610696}{2:09501717040402VZCRVECAAXXX40812675430404021720N}{3:{108:SCONNECT}}{4:
:20:MI080303
:25:2222222222
:28C:0323/119
:60M:C080303VEF000028494812,07
:61:080303C000000003000,00NTRF000000000000//180009
PAGO
:61:080303C000000000400,00NTRF000000000000//180009
PAGO
:61:080303C000000000100,00NTRF000000000000//180009
PAGO
:61:080303C000000003750,00NTRF000000000000//180009
PAGO
:61:080303C000000000100,00NTRF000000000203//180009
PAGO
:61:080303C000000000100,00NTRF000000000000//180009
PAGO
:61:080303C000000001200,00NTRF000015343047//180009
PAGO
:61:080303C000000011155,77NTRF000000033803//180009
PAGO
:61:080303C000000004286,00NTRF000012000137//180009
PAGO
:62M:C080303VEF000028518903,84
-}{5:{CHK:1143FB20924B}}{S:{COP:S}}${1:F21VZCRVECAAXXX5410610696}{4:{177:0404021720}{451:0}}{1:F01VZCRVECAAXXX5410610696}{2:09501717040402VZCRVECAAXXX40812675430404021720N}{3:{108:SCONNECT}}{4:
:20:MI080303
:25:2222222222
:28C:0323/120
:60M:C080303VEF000028518903,84
:61:080303C000000004242,87NTRF000000029367//180009
PAGO
:61:080303C000000014135,42NTRF000000060806//180009
PAGO
:61:080303C000000000492,88NTRF000001570804//180009
PAGO
:61:080303C000000300000,00NTRF000000060806//180009
PAGO
:61:080303C000000075000,00NTRF000005980653//180009
PAGO
:61:080303C000000002686,52NTRF000006080647//180009
PAGO
:61:080303C000000001705,92NTRF000000033797//180009
PAGO
:61:080303C000000008810,85NTRF000012000113//180009
PAGO
:61:080303C000000020748,56NTRF000012000146//180009
PAGO
:62M:C080303VEF000028946726,86
-}{5:{CHK:1143FB20924B}}{S:{COP:S}}${1:F21VZCRVECAAXXX5410610696}{4:{177:0404021720}{451:0}}{1:F01VZCRVECAAXXX5410610696}{2:09501717040402VZCRVECAAXXX40812675430404021720N}{3:{108:SCONNECT}}{4:
:20:MI080303
:25:2222222222
:28C:0323/121
:60M:C080303VEF000028946726,86
:61:080303C000000001602,31NTRF000012000147//180009
PAGO
:61:080303C000000001256,97NTRF000008729183//180009
PAGO
:61:080303C000000010200,00NTRF000008723499//180009
PAGO
:61:080303C000000000250,00NTRF000008136046//180009
PAGO
:61:080303C000000001000,00NTRF000007836367//180009
PAGO
:61:080303C000000000200,00NTRF000007787753//180009
PAGO
:61:080303C000000001500,00NTRF000007780126//180009
PAGO
:61:080303C000000006250,00NTRF000008733912//180009
PAGO
:61:080303C000000000200,00NTRF000005082309//180009
PAGO
:62M:C080303VEF000028969186,14
-}{5:{CHK:1143FB20924B}}{S:{COP:S}}${1:F21VZCRVECAAXXX5410610696}{4:{177:0404021720}{451:0}}{1:F01VZCRVECAAXXX5410610696}{2:09501717040402VZCRVECAAXXX40812675430404021720N}{3:{108:SCONNECT}}{4:
:20:MI080303
:25:2222222222
:28C:0323/122
:60M:C080303VEF000028969186,14
:61:080303C000000000200,00NTRF000006254006//180009
PAGO
:61:080303C000000001200,00NTRF000006736852//180009
PAGO
:61:080303C000000000430,00NTRF000004113006//180009
PAGO
:61:080303C000000000200,00NTRF000005955634//180009
PAGO
:61:080303C000000000280,00NTRF000062738657//180009
PAGO
:61:080303C000000003000,00NTRF000060971779//180009
PAGO
:61:080303C000000000800,00NTRF000055090768//180009
PAGO
:61:080303C000000001000,00NTRF000086487583//180009
PAGO
:61:080303C000000003000,00NTRF000046535492//180009
PAGO
:62M:C080303VEF000028979296,14
-}{5:{CHK:1143FB20924B}}{S:{COP:S}}${1:F21VZCRVECAAXXX5410610696}{4:{177:0404021720}{451:0}}{1:F01VZCRVECAAXXX5410610696}{2:09501717040402VZCRVECAAXXX40812675430404021720N}{3:{108:SCONNECT}}{4:
:20:MI080303
:25:2222222222
:28C:0323/123
:60M:C080303VEF000028979296,14
:61:080303C000000001795,20NTRF000001032008//180009
PAGO
:61:080303C000000000500,00NTRF000001032008//180009
PAGO
:61:080303C000000000200,00NTRF000029022008//180009
PAGO
:61:080303C000000002000,00NTRF000001032008//180009
PAGO
:61:080303C000000000160,00NTRF000001032008//180009
PAGO
:61:080303C000000000120,00NTRF000001032008//180009
PAGO
:61:080303C000000000175,40NTRF000001032008//180009
PAGO
:61:080303C000000002000,00NTRF000001032008//180009
PAGO
:61:080303C000000000650,00NTRF000001032008//180009
PAGO
:62M:C080303VEF000028986896,74
-}{5:{CHK:1143FB20924B}}{S:{COP:S}}${1:F21VZCRVECAAXXX5410610696}{4:{177:0404021720}{451:0}}{1:F01VZCRVECAAXXX5410610696}{2:09501717040402VZCRVECAAXXX40812675430404021720N}{3:{108:SCONNECT}}{4:
:20:MI080303
:25:2222222222
:28C:0323/124
:60M:C080303VEF000028986896,74
:61:080303C000000000100,00NTRF000001032008//180009
PAGO
:61:080303C000000000500,00NTRF000002032008//180009
PAGO
:61:080303C000000000186,00NTRF000002032008//180009
PAGO
:61:080303C000000000100,00NTRF000002032008//180009
PAGO
:61:080303C000000000860,00NTRF000002032008//180009
PAGO
:61:080303C000000000500,00NTRF000003032008//180009
PAGO
:61:080303C000000000566,00NTRF000002032008//180009
PAGO
:61:080303C000000001600,00NTRF000003032008//180009
PAGO
:61:080303C000000000450,00NTRF000002032008//180009
PAGO
:62M:C080303VEF000028991758,74
-}{5:{CHK:1143FB20924B}}{S:{COP:S}}${1:F21VZCRVECAAXXX5410610696}{4:{177:0404021720}{451:0}}{1:F01VZCRVECAAXXX5410610696}{2:09501717040402VZCRVECAAXXX40812675430404021720N}{3:{108:SCONNECT}}{4:
:20:MI080303
:25:2222222222
:28C:0323/125
:60M:C080303VEF000028991758,74
:61:080303C000000000500,00NTRF000002032008//180009
PAGO
:61:080303C000000000432,50NTRF000002032008//180009
PAGO
:61:080303C000000001155,78NTRF000002032008//180009
PAGO
:61:080303C000000005000,00NTRF000002032008//180009
PAGO
:61:080303C000000000440,00NTRF000002032008//180009
PAGO
:61:080303C000000000100,00NTRF000002032008//180009
PAGO
:61:080303C000000000421,40NTRF000002032008//180009
PAGO
:61:080303C000000000173,48NTRF000002032008//180009
PAGO
:61:080303C000000000200,00NTRF000002032008//180009
PAGO
:62M:C080303VEF000029000181,90
-}{5:{CHK:1143FB20924B}}{S:{COP:S}}${1:F21VZCRVECAAXXX5410610696}{4:{177:0404021720}{451:0}}{1:F01VZCRVECAAXXX5410610696}{2:09501717040402VZCRVECAAXXX40812675430404021720N}{3:{108:SCONNECT}}{4:
:20:MI080303
:25:2222222222
:28C:0323/126
:60M:C080303VEF000029000181,90
:61:080303C000000003000,00NTRF000002032008//180009
PAGO
:61:080303C000000000150,00NTRF000002032008//180009
PAGO
:61:080303C000000000100,00NTRF000002032008//180009
PAGO
:61:080303C000000000060,00NTRF000001032008//180009
PAGO
:61:080303C000000000600,00NTRF000001032008//180009
PAGO
:61:080303C000000000400,00NTRF000001032008//180009
PAGO
:61:080303C000000000100,00NTRF000001032008//180009
PAGO
:61:080303C000000000473,00NTRF000002032008//180009
PAGO
:61:080303C000000000320,00NTRF000002032008//180009
PAGO
:62M:C080303VEF000029005384,90
-}{5:{CHK:1143FB20924B}}{S:{COP:S}}${1:F21VZCRVECAAXXX5410610696}{4:{177:0404021720}{451:0}}{1:F01VZCRVECAAXXX5410610696}{2:09501717040402VZCRVECAAXXX40812675430404021720N}{3:{108:SCONNECT}}{4:
:20:MI080303
:25:2222222222
:28C:0323/127
:60M:C080303VEF000029005384,90
:61:080303C000000000100,00NTRF000002032008//180009
PAGO
:61:080303C000000003000,00NTRF000003032008//180009
PAGO
:61:080303C000000001232,00NTRF000003032008//180009
PAGO
:61:080303C000000000139,39NTRF000001032008//180009
PAGO
:61:080303C000000002000,00NTRF000001032008//180009
PAGO
:61:080303C000000000150,00NTRF000001032008//180009
PAGO
:61:080303C000000000870,00NTRF000001032008//180009
PAGO
:61:080303C000000000060,00NTRF000001032008//180009
PAGO
:61:080303C000000000200,00NTRF000001032008//180009
PAGO
:62M:C080303VEF000029013136,29
-}{5:{CHK:1143FB20924B}}{S:{COP:S}}${1:F21VZCRVECAAXXX5410610696}{4:{177:0404021720}{451:0}}{1:F01VZCRVECAAXXX5410610696}{2:09501717040402VZCRVECAAXXX40812675430404021720N}{3:{108:SCONNECT}}{4:
:20:MI080303
:25:2222222222
:28C:0323/128
:60M:C080303VEF000029013136,29
:61:080303C000000000340,00NTRF000001032008//180009
PAGO
:61:080303C000000000065,00NTRF000001032008//180009
PAGO
:61:080303C000000000750,00NTRF000001032008//180009
PAGO
:61:080303C000000002300,00NTRF000000227752//180009
PAGO
:61:080303C000000000100,00NTRF000000227760//180009
PAGO
:61:080303C000000004000,00NTRF000000227780//180009
PAGO
:61:080303C000000001666,00NTRF000000227800//180009
PAGO
:61:080303C000000002070,00NTRF000000227834//180009
PAGO
:61:080303C000000000200,00NTRF000000227875//180009
PAGO
:62M:C080303VEF000029024627,29
-}{5:{CHK:1143FB20924B}}{S:{COP:S}}${1:F21VZCRVECAAXXX5410610696}{4:{177:0404021720}{451:0}}{1:F01VZCRVECAAXXX5410610696}{2:09501717040402VZCRVECAAXXX40812675430404021720N}{3:{108:SCONNECT}}{4:
:20:MI080303
:25:2222222222
:28C:0323/129
:60M:C080303VEF000029024627,29
:61:080303C000000001000,00NTRF000000227903//180009
PAGO
:61:080303C000000000216,00NTRF000000227558//180009
PAGO
:61:080303C000000001278,00NTRF000000227560//180009
PAGO
:61:080303C000000002000,00NTRF000000232080//180009
PAGO
:61:080303C000000002000,00NTRF000000232093//180009
PAGO
:61:080303C000000000150,00NTRF000000232099//180009
PAGO
:61:080303C000000000200,00NTRF000000232114//180009
PAGO
:61:080303C000000001300,00NTRF000000232157//180009
PAGO
:61:080303C000000000700,00NTRF000000232169//180009
PAGO
:62M:C080303VEF000029033471,29
-}{5:{CHK:1143FB20924B}}{S:{COP:S}}${1:F21VZCRVECAAXXX5410610696}{4:{177:0404021720}{451:0}}{1:F01VZCRVECAAXXX5410610696}{2:09501717040402VZCRVECAAXXX40812675430404021720N}{3:{108:SCONNECT}}{4:
:20:MI080303
:25:2222222222
:28C:0323/130
:60M:C080303VEF000029033471,29
:61:080303C000000000900,00NTRF000000232181//180009
PAGO
:61:080303C000000002000,00NTRF000000232209//180009
PAGO
:61:080303C000000000030,00NTRF000000232210//180009
PAGO
:61:080303C000000001582,00NTRF000000232222//180009
PAGO
:61:080303C000000000500,00NTRF000000232228//180009
PAGO
:61:080303C000000000200,00NTRF000000231634//180009
PAGO
:61:080303C000000018000,00NTRF000000231664//180009
PAGO
:61:080303C000000001400,00NTRF000000231687//180009
PAGO
:61:080303C000000000500,00NTRF000000231710//180009
PAGO
:62M:C080303VEF000029058583,29
-}{5:{CHK:1143FB20924B}}{S:{COP:S}}${1:F21VZCRVECAAXXX5410610696}{4:{177:0404021720}{451:0}}{1:F01VZCRVECAAXXX5410610696}{2:09501717040402VZCRVECAAXXX40812675430404021720N}{3:{108:SCONNECT}}{4:
:20:MI080303
:25:2222222222
:28C:0323/131
:60M:C080303VEF000029058583,29
:61:080303C000000000500,00NTRF000000231733//180009
PAGO
:61:080303C000000001500,00NTRF000000231750//180009
PAGO
:61:080303C000000000065,00NTRF000000231790//180009
PAGO
:61:080303C000000002000,00NTRF000000231802//180009
PAGO
:61:080303C000000000780,00NTRF000000231824//180009
PAGO
:61:080303C000000000200,00NTRF000000231914//180009
PAGO
:61:080303C000000001000,00NTRF000000231939//180009
PAGO
:61:080303C000000000500,00NTRF000000232008//180009
PAGO
:61:080303C000000000532,00NTRF000000232032//180009
PAGO
:62M:C080303VEF000029065660,29
-}{5:{CHK:1143FB20924B}}{S:{COP:S}}${1:F21VZCRVECAAXXX5410610696}{4:{177:0404021720}{451:0}}{1:F01VZCRVECAAXXX5410610696}{2:09501717040402VZCRVECAAXXX40812675430404021720N}{3:{108:SCONNECT}}{4:
:20:MI080303
:25:2222222222
:28C:0323/132
:60M:C080303VEF000029065660,29
:61:080303C000000001757,01NTRF000000231009//180009
PAGO
:61:080303C000000000350,00NTRF000000231113//180009
PAGO
:61:080303C000000000150,00NTRF000000231150//180009
PAGO
:61:080303C000000000250,00NTRF000000231177//180009
PAGO
:61:080303C000000000200,00NTRF000000231236//180009
PAGO
:61:080303C000000000100,00NTRF000000231261//180009
PAGO
:61:080303C000000000100,00NTRF000000231353//180009
PAGO
:61:080303C000000000050,00NTRF000000231399//180009
PAGO
:61:080303C000000000300,00NTRF000000231442//180009
PAGO
:62M:C080303VEF000029068917,30
-}{5:{CHK:1143FB20924B}}{S:{COP:S}}${1:F21VZCRVECAAXXX5410610696}{4:{177:0404021720}{451:0}}{1:F01VZCRVECAAXXX5410610696}{2:09501717040402VZCRVECAAXXX40812675430404021720N}{3:{108:SCONNECT}}{4:
:20:MI080303
:25:2222222222
:28C:0323/133
:60M:C080303VEF000029068917,30
:61:080303C000000001600,00NTRF000000231466//180009
PAGO
:61:080303C000000000030,00NTRF000000231553//180009
PAGO
:61:080303C000000000075,00NTRF000000231559//180009
PAGO
:61:080303C000000001042,00NTRF000000231590//180009
PAGO
:61:080303C000000000600,00NTRF000000230387//180009
PAGO
:61:080303C000000000500,00NTRF000000230392//180009
PAGO
:61:080303C000000000400,00NTRF000000230394//180009
PAGO
:61:080303C000000000200,00NTRF000000230449//180009
PAGO
:61:080303C000000000180,00NTRF000000230495//180009
PAGO
:62M:C080303VEF000029073544,30
-}{5:{CHK:1143FB20924B}}{S:{COP:S}}${1:F21VZCRVECAAXXX5410610696}{4:{177:0404021720}{451:0}}{1:F01VZCRVECAAXXX5410610696}{2:09501717040402VZCRVECAAXXX40812675430404021720N}{3:{108:SCONNECT}}{4:
:20:MI080303
:25:2222222222
:28C:0323/134
:60M:C080303VEF000029073544,30
:61:080303C000000001700,00NTRF000000230496//180009
PAGO
:61:080303C000000000240,00NTRF000000230645//180009
PAGO
:61:080303C000000007000,00NTRF000000230774//180009
PAGO
:61:080303C000000001000,00NTRF000000230787//180009
PAGO
:61:080303C000000000010,00NTRF000000230825//180009
PAGO
:61:080303C000000000260,00NTRF000000230893//180009
PAGO
:61:080303C000000002200,00NTRF000000230944//180009
PAGO
:61:080303C000000000200,00NTRF000000230967//180009
PAGO
:61:080303C000000001500,00NTRF000000229852//180009
PAGO
:62M:C080303VEF000029087654,30
-}{5:{CHK:1143FB20924B}}{S:{COP:S}}${1:F21VZCRVECAAXXX5410610696}{4:{177:0404021720}{451:0}}{1:F01VZCRVECAAXXX5410610696}{2:09501717040402VZCRVECAAXXX40812675430404021720N}{3:{108:SCONNECT}}{4:
:20:MI080303
:25:2222222222
:28C:0323/135
:60M:C080303VEF000029087654,30
:61:080303C000000001000,00NTRF000000229872//180009
PAGO
:61:080303C000000000300,00NTRF000000229933//180009
PAGO
:61:080303C000000010000,00NTRF000000229935//180009
PAGO
:61:080303C000000000320,00NTRF000000229940//180009
PAGO
:61:080303C000000004800,00NTRF000000230000//180009
PAGO
:61:080303C000000000170,00NTRF000000230089//180009
PAGO
:61:080303C000000000500,00NTRF000000230115//180009
PAGO
:61:080303C000000000600,00NTRF000000230139//180009
PAGO
:61:080303C000000006000,00NTRF000000230151//180009
PAGO
:62M:C080303VEF000029111344,30
-}{5:{CHK:1143FB20924B}}{S:{COP:S}}${1:F21VZCRVECAAXXX5410610696}{4:{177:0404021720}{451:0}}{1:F01VZCRVECAAXXX5410610696}{2:09501717040402VZCRVECAAXXX40812675430404021720N}{3:{108:SCONNECT}}{4:
:20:MI080303
:25:2222222222
:28C:0323/136
:60M:C080303VEF000029111344,30
:61:080303C000000000020,00NTRF000000230205//180009
PAGO
:61:080303C000000000400,00NTRF000000230251//180009
PAGO
:61:080303C000000001500,00NTRF000000230259//180009
PAGO
:61:080303C000000000050,00NTRF000000230324//180009
PAGO
:61:080303C000000000500,00NTRF000000229551//180009
PAGO
:61:080303C000000001500,00NTRF000000229621//180009
PAGO
:61:080303C000000001000,00NTRF000000229634//180009
PAGO
:61:080303C000000000047,50NTRF000000229635//180009
PAGO
:61:080303C000000001500,00NTRF000000229699//180009
PAGO
:62M:C080303VEF000029117861,80
-}{5:{CHK:1143FB20924B}}{S:{COP:S}}${1:F21VZCRVECAAXXX5410610696}{4:{177:0404021720}{451:0}}{1:F01VZCRVECAAXXX5410610696}{2:09501717040402VZCRVECAAXXX40812675430404021720N}{3:{108:SCONNECT}}{4:
:20:MI080303
:25:2222222222
:28C:0323/137
:60M:C080303VEF000029117861,80
:61:080303C000000000060,00NTRF000000229710//180009
PAGO
:61:080303C000000010000,00NTRF000000229756//180009
PAGO
:61:080303C000000000600,00NTRF000000229760//180009
PAGO
:61:080303C000000000172,50NTRF000000229765//180009
PAGO
:61:080303C000000000280,00NTRF000000233335//180009
PAGO
:61:080303C000000000130,00NTRF000000233337//180009
PAGO
:61:080303C000000000200,50NTRF000000232328//180009
PAGO
:61:080303C000000001000,00NTRF000000232374//180009
PAGO
:61:080303C000000000070,00NTRF000000232400//180009
PAGO
:62M:C080303VEF000029130374,80
-}{5:{CHK:1143FB20924B}}{S:{COP:S}}${1:F21VZCRVECAAXXX5410610696}{4:{177:0404021720}{451:0}}{1:F01VZCRVECAAXXX5410610696}{2:09501717040402VZCRVECAAXXX40812675430404021720N}{3:{108:SCONNECT}}{4:
:20:MI080303
:25:2222222222
:28C:0323/138
:60M:C080303VEF000029130374,80
:61:080303C000000000150,00NTRF000000232442//180009
PAGO
:61:080303C000000004000,00NTRF000000232444//180009
PAGO
:61:080303C000000000600,00NTRF000000232498//180009
PAGO
:61:080303C000000000890,00NTRF000000232542//180009
PAGO
:61:080303C000000000500,00NTRF000000233610//180009
PAGO
:61:080303C000000000461,00NTRF000000233629//180009
PAGO
:61:080303C000000005900,00NTRF000000233683//180009
PAGO
:61:080303C000000005900,00NTRF000000233689//180009
PAGO
:61:080303C000000001000,00NTRF000000233748//180009
PAGO
:62M:C080303VEF000029149775,80
-}{5:{CHK:1143FB20924B}}{S:{COP:S}}${1:F21VZCRVECAAXXX5410610696}{4:{177:0404021720}{451:0}}{1:F01VZCRVECAAXXX5410610696}{2:09501717040402VZCRVECAAXXX40812675430404021720N}{3:{108:SCONNECT}}{4:
:20:MI080303
:25:2222222222
:28C:0323/139
:60M:C080303VEF000029149775,80
:61:080303C000000000675,00NTRF000000233750//180009
PAGO
:61:080303C000000002000,00NTRF000000232799//180009
PAGO
:61:080303C000000000020,00NTRF000000232864//180009
PAGO
:61:080303C000000000100,00NTRF000000232876//180009
PAGO
:61:080303C000000000270,34NTRF000000233772//180009
PAGO
:61:080303C000000000400,00NTRF000000233788//180009
PAGO
:61:080303C000000003000,00NTRF000000233877//180009
PAGO
:61:080303C000000000180,00NTRF000000233887//180009
PAGO
:61:080303C000000001500,00NTRF000000233900//180009
PAGO
:62M:C080303VEF000029157921,14
-}{5:{CHK:1143FB20924B}}{S:{COP:S}}${1:F21VZCRVECAAXXX5410610696}{4:{177:0404021720}{451:0}}{1:F01VZCRVECAAXXX5410610696}{2:09501717040402VZCRVECAAXXX40812675430404021720N}{3:{108:SCONNECT}}{4:
:20:MI080303
:25:2222222222
:28C:0323/140
:60M:C080303VEF000029157921,14
:61:080303C000000000358,80NTRF000000233961//180009
PAGO
:61:080303C000000000400,00NTRF000000233988//180009
PAGO
:61:080303C000000001500,00NTRF000000234046//180009
PAGO
:61:080303C000000001000,00NTRF000000234962//180009
PAGO
:61:080303C000000000100,00NTRF000000234109//180009
PAGO
:61:080303C000000003000,00NTRF000000234124//180009
PAGO
:61:080303C000000000500,00NTRF000000234135//180009
PAGO
:61:080303C000000001500,00NTRF000000234185//180009
PAGO
:61:080303C000000000160,00NTRF000000234200//180009
PAGO
:62M:C080303VEF000029166439,94
-}{5:{CHK:1143FB20924B}}{S:{COP:S}}${1:F21VZCRVECAAXXX5410610696}{4:{177:0404021720}{451:0}}{1:F01VZCRVECAAXXX5410610696}{2:09501717040402VZCRVECAAXXX40812675430404021720N}{3:{108:SCONNECT}}{4:
:20:MI080303
:25:2222222222
:28C:0323/141
:60M:C080303VEF000029166439,94
:61:080303C000000001000,00NTRF000000234251//180009
PAGO
:61:080303C000000000222,03NTRF000000234266//180009
PAGO
:61:080303C000000000532,00NTRF000000234271//180009
PAGO
:61:080303C000000000724,00NTRF000000235361//180009
PAGO
:61:080303C000000000400,00NTRF000000235386//180009
PAGO
:61:080303C000000002000,00NTRF000000235390//180009
PAGO
:61:080303C000000000400,00NTRF000000235396//180009
PAGO
:61:080303C000000002000,00NTRF000000235405//180009
PAGO
:61:080303C000000001000,00NTRF000000234523//180009
PAGO
:62M:C080303VEF000029174717,97
-}{5:{CHK:1143FB20924B}}{S:{COP:S}}${1:F21VZCRVECAAXXX5410610696}{4:{177:0404021720}{451:0}}{1:F01VZCRVECAAXXX5410610696}{2:09501717040402VZCRVECAAXXX40812675430404021720N}{3:{108:SCONNECT}}{4:
:20:MI080303
:25:2222222222
:28C:0323/142
:60M:C080303VEF000029174717,97
:61:080303C000000000300,00NTRF000000234533//180009
PAGO
:61:080303C000000001000,00NTRF000000234549//180009
PAGO
:61:080303C000000001000,00NTRF000000234621//180009
PAGO
:61:080303C000000000100,00NTRF000000235546//180009
PAGO
:61:080303C000000000600,00NTRF000000235575//180009
PAGO
:61:080303C000000001025,00NTRF000000235659//180009
PAGO
:61:080303C000000000240,00NTRF000000235677//180009
PAGO
:61:080303C000000000300,00NTRF000000235698//180009
PAGO
:61:080303C000000000300,00NTRF000000235701//180009
PAGO
:62M:C080303VEF000029179582,97
-}{5:{CHK:1143FB20924B}}{S:{COP:S}}${1:F21VZCRVECAAXXX5410610696}{4:{177:0404021720}{451:0}}{1:F01VZCRVECAAXXX5410610696}{2:09501717040402VZCRVECAAXXX40812675430404021720N}{3:{108:SCONNECT}}{4:
:20:MI080303
:25:2222222222
:28C:0323/143
:60M:C080303VEF000029179582,97
:61:080303C000000000240,00NTRF000000235703//180009
PAGO
:61:080303C000000000150,00NTRF000000235710//180009
PAGO
:61:080303C000000000600,00NTRF000000235759//180009
PAGO
:61:080303C000000000567,81NTRF000003668062//180009
PAGO
:61:080303C000000020825,41NTRF000003668138//180009
PAGO
:61:080303C000000002976,08NTRF000003668218//180009
PAGO
:61:080303C000000004723,29NTRF000003668246//180009
PAGO
:61:080303C000000001765,37NTRF000003668362//180009
PAGO
:61:080303C000000002000,00NTRF000000235417//180009
PAGO
:62M:C080303VEF000029213430,93
-}{5:{CHK:1143FB20924B}}{S:{COP:S}}${1:F21VZCRVECAAXXX5410610696}{4:{177:0404021720}{451:0}}{1:F01VZCRVECAAXXX5410610696}{2:09501717040402VZCRVECAAXXX40812675430404021720N}{3:{108:SCONNECT}}{4:
:20:MI080303
:25:2222222222
:28C:0323/144
:60M:C080303VEF000029213430,93
:61:080303C000000001500,00NTRF000000235436//180009
PAGO
:61:080303C000000000100,00NTRF000000235515//180009
PAGO
:61:080303C000000000450,00NTRF000000235542//180009
PAGO
:61:080303C000000000395,78NTRF000003668043//180009
PAGO
:61:080303C000000000324,00NTRF000003667896//180009
PAGO
:61:080303C000000033510,04NTRF000003667877//180009
PAGO
:61:080303C000000003000,00NTRF000000235901//180009
PAGO
:61:080303C000000000300,00NTRF000000237325//180009
PAGO
:61:080303C000000000240,00NTRF000000237250//180009
PAGO
:62M:C080303VEF000029253250,75
-}{5:{CHK:1143FB20924B}}{S:{COP:S}}${1:F21VZCRVECAAXXX5410610696}{4:{177:0404021720}{451:0}}{1:F01VZCRVECAAXXX5410610696}{2:09501717040402VZCRVECAAXXX40812675430404021720N}{3:{108:SCONNECT}}{4:
:20:MI080303
:25:2222222222
:28C:0323/145
:60M:C080303VEF000029253250,75
:61:080303C000000000900,00NTRF000000237286//180009
PAGO
:61:080303C000000000250,00NTRF000000237217//180009
PAGO
:61:080303C000000008130,43NTRF000003668898//180009
PAGO
:61:080303C000000002500,00NTRF000000237381//180009
PAGO
:61:080303C000000009000,00NTRF000000237489//180009
PAGO
:61:080303C000000000350,00NTRF000000237477//180009
PAGO
:61:080303C000000001901,14NTRF000000235847//180009
PAGO
:61:080303C000000004358,06NTRF000003667854//180009
PAGO
:61:080303C000000011374,55NTRF000003667885//180009
PAGO
:62M:C080303VEF000029292014,93
-}{5:{CHK:1143FB20924B}}{S:{COP:S}}${1:F21VZCRVECAAXXX5410610696}{4:{177:0404021720}{451:0}}{1:F01VZCRVECAAXXX5410610696}{2:09501717040402VZCRVECAAXXX40812675430404021720N}{3:{108:SCONNECT}}{4:
:20:MI080303
:25:2222222222
:28C:0323/146
:60M:C080303VEF000029292014,93
:61:080303C000000000707,57NTRF000003668041//180009
PAGO
:61:080303C000000000033,58NTRF000000234999//180009
PAGO
:61:080303C000000010000,00NTRF000000235002//180009
PAGO
:61:080303C000000002000,00NTRF000000235038//180009
PAGO
:61:080303C000000000110,00NTRF000000235099//180009
PAGO
:61:080303C000000000300,00NTRF000000235210//180009
PAGO
:61:080303C000000000500,00NTRF000000235254//180009
PAGO
:61:080303C000000000500,00NTRF000000235259//180009
PAGO
:61:080303C000000000500,00NTRF000000235298//180009
PAGO
:62M:C080303VEF000029306666,08
-}{5:{CHK:1143FB20924B}}{S:{COP:S}}${1:F21VZCRVECAAXXX5410610696}{4:{177:0404021720}{451:0}}{1:F01VZCRVECAAXXX5410610696}{2:09501717040402VZCRVECAAXXX40812675430404021720N}{3:{108:SCONNECT}}{4:
:20:MI080303
:25:2222222222
:28C:0323/147
:60M:C080303VEF000029306666,08
:61:080303C000000000050,00NTRF000000234642//180009
PAGO
:61:080303C000000003036,88NTRF000000234679//180009
PAGO
:61:080303C000000000500,00NTRF000000234700//180009
PAGO
:61:080303C000000000700,00NTRF000000234762//180009
PAGO
:61:080303C000000000212,00NTRF000000234821//180009
PAGO
:61:080303C000000000080,00NTRF000000234867//180009
PAGO
:61:080303C000000001412,00NTRF000000234876//180009
PAGO
:61:080303C000000002000,00NTRF000000234946//180009
PAGO
:61:080303C000000000080,00NTRF000000234272//180009
PAGO
:62M:C080303VEF000029314736,96
-}{5:{CHK:1143FB20924B}}{S:{COP:S}}${1:F21VZCRVECAAXXX5410610696}{4:{177:0404021720}{451:0}}{1:F01VZCRVECAAXXX5410610696}{2:09501717040402VZCRVECAAXXX40812675430404021720N}{3:{108:SCONNECT}}{4:
:20:MI080303
:25:2222222222
:28C:0323/148
:60M:C080303VEF000029314736,96
:61:080303C000000001000,00NTRF000000234279//180009
PAGO
:61:080303C000000001300,00NTRF000000234309//180009
PAGO
:61:080303C000000001150,00NTRF000000234319//180009
PAGO
:61:080303C000000003000,00NTRF000000234509//180009
PAGO
:61:080303C000000000266,00NTRF000000233752//180009
PAGO
:61:080303C000000000475,00NTRF000000233756//180009
PAGO
:61:080303C000000000040,00NTRF000000233759//180009
PAGO
:61:080303C000000001549,87NTRF000000234072//180009
PAGO
:61:080303C000000000490,40NTRF000000233400//180009
PAGO
:62M:C080303VEF000029324008,23
-}{5:{CHK:1143FB20924B}}{S:{COP:S}}${1:F21VZCRVECAAXXX5410610696}{4:{177:0404021720}{451:0}}{1:F01VZCRVECAAXXX5410610696}{2:09501717040402VZCRVECAAXXX40812675430404021720N}{3:{108:SCONNECT}}{4:
:20:MI080303
:25:2222222222
:28C:0323/149
:60M:C080303VEF000029324008,23
:61:080303C000000000312,29NTRF000000233404//180009
PAGO
:61:080303C000000000500,00NTRF000000233421//180009
PAGO
:61:080303C000000002000,00NTRF000000233439//180009
PAGO
:61:080303C000000003000,00NTRF000000233488//180009
PAGO
:61:080303C000000002000,00NTRF000000233535//180009
PAGO
:61:080303C000000001500,00NTRF000000233579//180009
PAGO
:61:080303C000000003500,00NTRF000000232986//180009
PAGO
:61:080303C000000000800,00NTRF000000233024//180009
PAGO
:61:080303C000000000100,00NTRF000000233091//180009
PAGO
:62M:C080303VEF000029337720,52
-}{5:{CHK:1143FB20924B}}{S:{COP:S}}${1:F21VZCRVECAAXXX5410610696}{4:{177:0404021720}{451:0}}{1:F01VZCRVECAAXXX5410610696}{2:09501717040402VZCRVECAAXXX40812675430404021720N}{3:{108:SCONNECT}}{4:
:20:MI080303
:25:2222222222
:28C:0323/150
:60M:C080303VEF000029337720,52
:61:080303C000000002100,00NTRF000000233157//180009
PAGO
:61:080303C000000000082,00NTRF000000233193//180009
PAGO
:61:080303C000000000200,00NTRF000000233197//180009
PAGO
:61:080303C000000000003,07NTRF000000233238//180009
PAGO
:61:080303C000000000205,00NTRF000000233250//180009
PAGO
:61:080303C000000000193,34NTRF000000232555//180009
PAGO
:61:080303C000000001350,00NTRF000000232565//180009
PAGO
:61:080303C000000001200,00NTRF000000232574//180009
PAGO
:61:080303C000000001845,00NTRF000000232735//180009
PAGO
:62M:C080303VEF000029344898,93
-}{5:{CHK:1143FB20924B}}{S:{COP:S}}${1:F21VZCRVECAAXXX5410610696}{4:{177:0404021720}{451:0}}{1:F01VZCRVECAAXXX5410610696}{2:09501717040402VZCRVECAAXXX40812675430404021720N}{3:{108:SCONNECT}}{4:
:20:MI080303
:25:2222222222
:28C:0323/151
:60M:C080303VEF000029344898,93
:61:080303C000000010000,00NTRF000000232739//180009
PAGO
:61:080303C000000003000,00NTRF000000232775//180009
PAGO
:61:080303C000000000010,00NTRF000000232077//180009
PAGO
:61:080303C000000002000,00NTRF000000232079//180009
PAGO
:61:080303C000000005500,00NTRF000000229767//180009
PAGO
:61:080303C000000000800,00NTRF000000229770//180009
PAGO
:61:080303C000000000120,00NTRF000000229817//180009
PAGO
:61:080303C000000001300,00NTRF000000229829//180009
PAGO
:61:080303C000000001300,00NTRF000000229138//180009
PAGO
:62M:C080303VEF000029368928,93
-}{5:{CHK:1143FB20924B}}{S:{COP:S}}${1:F21VZCRVECAAXXX5410610696}{4:{177:0404021720}{451:0}}{1:F01VZCRVECAAXXX5410610696}{2:09501717040402VZCRVECAAXXX40812675430404021720N}{3:{108:SCONNECT}}{4:
:20:MI080303
:25:2222222222
:28C:0323/152
:60M:C080303VEF000029368928,93
:61:080303C000000001011,00NTRF000000229214//180009
PAGO
:61:080303C000000000500,00NTRF000000229293//180009
PAGO
:61:080303C000000000090,00NTRF000000229308//180009
PAGO
:61:080303C000000002600,00NTRF000000229343//180009
PAGO
:61:080303C000000000254,00NTRF000000229357//180009
PAGO
:61:080303C000000002632,59NTRF000000229426//180009
PAGO
:61:080303C000000000550,00NTRF000000229452//180009
PAGO
:61:080303C000000002500,00NTRF000000229466//180009
PAGO
:61:080303C000000000140,00NTRF000000229486//180009
PAGO
:62M:C080303VEF000029379206,52
-}{5:{CHK:1143FB20924B}}{S:{COP:S}}${1:F21VZCRVECAAXXX5410610696}{4:{177:0404021720}{451:0}}{1:F01VZCRVECAAXXX5410610696}{2:09501717040402VZCRVECAAXXX40812675430404021720N}{3:{108:SCONNECT}}{4:
:20:MI080303
:25:2222222222
:28C:0323/153
:60M:C080303VEF000029379206,52
:61:080303C000000002000,00NTRF000000229521//180009
PAGO
:61:080303C000000000700,00NTRF000000229532//180009
PAGO
:61:080303C000000002000,00NTRF000000229538//180009
PAGO
:61:080303C000000000250,00NTRF000000228554//180009
PAGO
:61:080303C000000000300,00NTRF000000228564//180009
PAGO
:61:080303C000000000200,00NTRF000000228646//180009
PAGO
:61:080303C000000000700,00NTRF000000228654//180009
PAGO
:61:080303C000000003000,00NTRF000000228658//180009
PAGO
:61:080303C000000000800,00NTRF000000228697//180009
PAGO
:62M:C080303VEF000029389156,52
-}{5:{CHK:1143FB20924B}}{S:{COP:S}}${1:F21VZCRVECAAXXX5410610696}{4:{177:0404021720}{451:0}}{1:F01VZCRVECAAXXX5410610696}{2:09501717040402VZCRVECAAXXX40812675430404021720N}{3:{108:SCONNECT}}{4:
:20:MI080303
:25:2222222222
:28C:0323/154
:60M:C080303VEF000029389156,52
:61:080303C000000000310,00NTRF000000228779//180009
PAGO
:61:080303C000000002028,00NTRF000000228834//180009
PAGO
:61:080303C000000000500,00NTRF000000228902//180009
PAGO
:61:080303C000000001500,00NTRF000000228914//180009
PAGO
:61:080303C000000000250,00NTRF000000228923//180009
PAGO
:61:080303C000000002000,00NTRF000000228977//180009
PAGO
:61:080303C000000000180,00NTRF000000229083//180009
PAGO
:61:080303C000000000200,00NTRF000000227905//180009
PAGO
:61:080303C000000000110,00NTRF000000227929//180009
PAGO
:62M:C080303VEF000029396234,52
-}{5:{CHK:1143FB20924B}}{S:{COP:S}}${1:F21VZCRVECAAXXX5410610696}{4:{177:0404021720}{451:0}}{1:F01VZCRVECAAXXX5410610696}{2:09501717040402VZCRVECAAXXX40812675430404021720N}{3:{108:SCONNECT}}{4:
:20:MI080303
:25:2222222222
:28C:0323/155
:60M:C080303VEF000029396234,52
:61:080303C000000000500,00NTRF000000228020//180009
PAGO
:61:080303C000000000200,00NTRF000000228053//180009
PAGO
:61:080303C000000000500,00NTRF000000228080//180009
PAGO
:61:080303C000000008247,95NTRF000000228275//180009
PAGO
:61:080303C000000005000,00NTRF000000228423//180009
PAGO
:61:080303C000000000600,00NTRF000000228427//180009
PAGO
:61:080303C000000001200,00NTRF000000228433//180009
PAGO
:61:080303C000000000890,00NTRF000000228437//180009
PAGO
:61:080303C000000000270,00NTRF000000228447//180009
PAGO
:62M:C080303VEF000029413642,47
-}{5:{CHK:1143FB20924B}}{S:{COP:S}}${1:F21VZCRVECAAXXX5410610696}{4:{177:0404021720}{451:0}}{1:F01VZCRVECAAXXX5410610696}{2:09501717040402VZCRVECAAXXX40812675430404021720N}{3:{108:SCONNECT}}{4:
:20:MI080303
:25:2222222222
:28C:0323/156
:60M:C080303VEF000029413642,47
:61:080303C000000000614,79NTRF000000228485//180009
PAGO
:61:080303C000000005000,00NTRF000000228531//180009
PAGO
:61:080303C000000000240,00NTRF000000227571//180009
PAGO
:61:080303C000000000120,00NTRF000000227591//180009
PAGO
:61:080303C000000000250,00NTRF000000227611//180009
PAGO
:61:080303C000000001000,00NTRF000000227638//180009
PAGO
:61:080303C000000000154,50NTRF000000227686//180009
PAGO
:61:080303C000000000080,00NTRF000000227748//180009
PAGO
:61:080303C000000000686,00NTRF000052768026//180009
PAGO
:62M:C080303VEF000029421787,76
-}{5:{CHK:1143FB20924B}}{S:{COP:S}}${1:F21VZCRVECAAXXX5410610696}{4:{177:0404021720}{451:0}}{1:F01VZCRVECAAXXX5410610696}{2:09501717040402VZCRVECAAXXX40812675430404021720N}{3:{108:SCONNECT}}{4:
:20:MI080303
:25:2222222222
:28C:0323/157
:60M:C080303VEF000029421787,76
:61:080303C000000002000,00NTRF000052767945//180009
PAGO
:61:080303C000000001009,13NTRF000052773431//180009
PAGO
:61:080303C000000014110,50NTRF000052775590//180009
PAGO
:61:080303C000000004280,00NTRF000052776334//180009
PAGO
:61:080303C000000000078,56NTRF000052777491//180009
PAGO
:61:080303C000000001380,00NTRF000052777535//180009
PAGO
:61:080303C000000042779,30NTRF000052777583//180009
PAGO
:61:080303C000000005324,45NTRF000052777701//180009
PAGO
:61:080303C000000001343,35NTRF000052777852//180009
PAGO
:62M:C080303VEF000029494093,05
-}{5:{CHK:1143FB20924B}}{S:{COP:S}}${1:F21VZCRVECAAXXX5410610696}{4:{177:0404021720}{451:0}}{1:F01VZCRVECAAXXX5410610696}{2:09501717040402VZCRVECAAXXX40812675430404021720N}{3:{108:SCONNECT}}{4:
:20:MI080303
:25:2222222222
:28C:0323/158
:60M:C080303VEF000029494093,05
:61:080303C000000048220,31NTRF000052768225//180009
PAGO
:61:080303C000000026510,00NTRF000052768273//180009
PAGO
:61:080303C000000001395,20NTRF000052769010//180009
PAGO
:61:080303C000000000030,67NTRF000052769216//180009
PAGO
:61:080303C000000183315,41NTRF000052769334//180009
PAGO
:61:080303C000000000900,00NTRF000052769614//180009
PAGO
:61:080303C000000000290,30NTRF000052770270//180009
PAGO
:61:080303C000000006215,19NTRF000052776636//180009
PAGO
:61:080303C000000000096,00NTRF000052776054//180009
PAGO
:62M:C080303VEF000029761066,13
-}{5:{CHK:1143FB20924B}}{S:{COP:S}}${1:F21VZCRVECAAXXX5410610696}{4:{177:0404021720}{451:0}}{1:F01VZCRVECAAXXX5410610696}{2:09501717040402VZCRVECAAXXX40812675430404021720N}{3:{108:SCONNECT}}{4:
:20:MI080303
:25:2222222222
:28C:0323/159
:60M:C080303VEF000029761066,13
:61:080303C000000002411,30NTRF000052774433//180009
PAGO
:61:080303C000000000070,00NTRF000052767562//180009
PAGO
:61:080303C000000001500,00NTRF000052763771//180009
PAGO
:61:080303C000000000257,22NTRF000052763793//180009
PAGO
:61:080303C000000000600,00NTRF000052699813//180009
PAGO
:61:080303C000000000100,00NTRF000052723790//180009
PAGO
:61:080303C000000000620,00NTRF000052740203//180009
PAGO
:61:080303C000000000400,00NTRF000052741216//180009
PAGO
:61:080303C000000000184,60NTRF000052742373//180009
PAGO
:62M:C080303VEF000029767209,25
-}{5:{CHK:1143FB20924B}}{S:{COP:S}}${1:F21VZCRVECAAXXX5410610696}{4:{177:0404021720}{451:0}}{1:F01VZCRVECAAXXX5410610696}{2:09501717040402VZCRVECAAXXX40812675430404021720N}{3:{108:SCONNECT}}{4:
:20:MI080303
:25:2222222222
:28C:0323/160
:60M:C080303VEF000029767209,25
:61:080303C000000000100,00NTRF000052710346//180009
PAGO
:61:080303C000000000400,00NTRF000052710626//180009
PAGO
:61:080303C000000003000,00NTRF000052712096//180009
PAGO
:61:080303C000000002000,00NTRF000052712505//180009
PAGO
:61:080303C000000000600,00NTRF000052687574//180009
PAGO
:61:080303C000000000150,00NTRF000052749653//180009
PAGO
:61:080303C000000002500,00NTRF000052750191//180009
PAGO
:61:080303C000000000266,00NTRF000052751705//180009
PAGO
:61:080303C000000000040,00NTRF000052751786//180009
PAGO
:62M:C080303VEF000029776265,25
-}{5:{CHK:1143FB20924B}}{S:{COP:S}}${1:F21VZCRVECAAXXX5410610696}{4:{177:0404021720}{451:0}}{1:F01VZCRVECAAXXX5410610696}{2:09501717040402VZCRVECAAXXX40812675430404021720N}{3:{108:SCONNECT}}{4:
:20:MI080303
:25:2222222222
:28C:0323/161
:60M:C080303VEF000029776265,25
:61:080303C000000000300,00NTRF000052752173//180009
PAGO
:61:080303C000000000860,00NTRF000052752464//180009
PAGO
:61:080303C000000000500,00NTRF000052667020//180009
PAGO
:61:080303C000000110000,00NTRF000052727942//180009
PAGO
:61:080303C000000000250,00NTRF000052661173//180009
PAGO
:61:080303C000000002000,00NTRF000052662816//180009
PAGO
:61:080303C000000000500,00NTRF000052664172//180009
PAGO
:61:080303C000000000400,00NTRF000052715084//180009
PAGO
:61:080303C000000000100,00NTRF000052715246//180009
PAGO
:62M:C080303VEF000029891175,25
-}{5:{CHK:1143FB20924B}}{S:{COP:S}}${1:F21VZCRVECAAXXX5410610696}{4:{177:0404021720}{451:0}}{1:F01VZCRVECAAXXX5410610696}{2:09501717040402VZCRVECAAXXX40812675430404021720N}{3:{108:SCONNECT}}{4:
:20:MI080303
:25:2222222222
:28C:0323/162
:60M:C080303VEF000029891175,25
:61:080303C000000000210,00NTRF000052716112//180009
PAGO
:61:080303C000000002000,00NTRF000052716624//180009
PAGO
:61:080303C000000000300,00NTRF000052717663//180009
PAGO
:61:080303C000000000144,50NTRF000052717895//180009
PAGO
:61:080303C000000000100,00NTRF000052718002//180009
PAGO
:61:080303C000000002500,00NTRF000052718153//180009
PAGO
:61:080303C000000002000,00NTRF000052719365//180009
PAGO
:61:080303C000000000100,00NTRF000052719564//180009
PAGO
:61:080303C000000000300,00NTRF000052721826//180009
PAGO
:62M:C080303VEF000029898829,75
-}{5:{CHK:1143FB20924B}}{S:{COP:S}}${1:F21VZCRVECAAXXX5410610696}{4:{177:0404021720}{451:0}}{1:F01VZCRVECAAXXX5410610696}{2:09501717040402VZCRVECAAXXX40812675430404021720N}{3:{108:SCONNECT}}{4:
:20:MI080303
:25:2222222222
:28C:0323/163
:60M:C080303VEF000029898829,75
:61:080303C000000000200,00NTRF000052725886//180009
PAGO
:61:080303C000000001046,18NTRF000052727290//180009
PAGO
:61:080303C000000000555,00NTRF000052689000//180009
PAGO
:61:080303C000000000151,00NTRF000052690562//180009
PAGO
:61:080303C000000001367,24NTRF000052691656//180009
PAGO
:61:080303C000000000750,00NTRF000052691623//180009
PAGO
:61:080303C000000001400,00NTRF000052694773//180009
PAGO
:61:080303C000000000050,00NTRF000052695473//180009
PAGO
:61:080303C000000001344,00NTRF000052702613//180009
PAGO
:62M:C080303VEF000029905693,17
-}{5:{CHK:1143FB20924B}}{S:{COP:S}}${1:F21VZCRVECAAXXX5410610696}{4:{177:0404021720}{451:0}}{1:F01VZCRVECAAXXX5410610696}{2:09501717040402VZCRVECAAXXX40812675430404021720N}{3:{108:SCONNECT}}{4:
:20:MI080303
:25:2222222222
:28C:0323/164
:60M:C080303VEF000029905693,17
:61:080303C000000000140,00NTRF000052704702//180009
PAGO
:61:080303C000000000060,00NTRF000052708611//180009
PAGO
:61:080303C000000000200,00NTRF000052734275//180009
PAGO
:61:080303C000000001500,00NTRF000052736036//180009
PAGO
:61:080303C000000000155,00NTRF000052736784//180009
PAGO
:61:080303C000000002756,31NTRF000052737425//180009
PAGO
:61:080303C000000000500,00NTRF000052738125//180009
PAGO
:61:080303C000000002000,00NTRF000052742233//180009
PAGO
:61:080303C000000010000,00NTRF000052657765//180009
PAGO
:62M:C080303VEF000029923004,48
-}{5:{CHK:1143FB20924B}}{S:{COP:S}}${1:F21VZCRVECAAXXX5410610696}{4:{177:0404021720}{451:0}}{1:F01VZCRVECAAXXX5410610696}{2:09501717040402VZCRVECAAXXX40812675430404021720N}{3:{108:SCONNECT}}{4:
:20:MI080303
:25:2222222222
:28C:0323/165
:60M:C080303VEF000029923004,48
:61:080303C000000001000,00NTRF000052660366//180009
PAGO
:61:080303C000000001000,00NTRF000052660370//180009
PAGO
:61:080303C000000000070,00NTRF000052682313//180009
PAGO
:61:080303C000000002000,00NTRF000052682663//180009
PAGO
:61:080303C000000000800,00NTRF000052684122//180009
PAGO
:61:080303C000000002000,00NTRF000052664581//180009
PAGO
:61:080303C000000002200,00NTRF000052664684//180009
PAGO
:61:080303C000000001075,00NTRF000052744355//180009
PAGO
:61:080303C000000000400,00NTRF000052744786//180009
PAGO
:62M:C080303VEF000029933549,48
-}{5:{CHK:1143FB20924B}}{S:{COP:S}}${1:F21VZCRVECAAXXX5410610696}{4:{177:0404021720}{451:0}}{1:F01VZCRVECAAXXX5410610696}{2:09501717040402VZCRVECAAXXX40812675430404021720N}{3:{108:SCONNECT}}{4:
:20:MI080303
:25:2222222222
:28C:0323/166
:60M:C080303VEF000029933549,48
:61:080303C000000002248,58NTRF000052746934//180009
PAGO
:61:080303C000000002500,00NTRF000052747041//180009
PAGO
:61:080303C000000000170,00NTRF000052670354//180009
PAGO
:61:080303C000000000055,00NTRF000052670811//180009
PAGO
:61:080303C000000000250,00NTRF000052670984//180009
PAGO
:61:080303C000000001250,00NTRF000052672126//180009
PAGO
:61:080303C000000002900,00NTRF000052672675//180009
PAGO
:61:080303C000000000476,19NTRF000052672841//180009
PAGO
:61:080303C000000001700,00NTRF000052673633//180009
PAGO
:62M:C080303VEF000029945099,25
-}{5:{CHK:1143FB20924B}}{S:{COP:S}}${1:F21VZCRVECAAXXX5410610696}{4:{177:0404021720}{451:0}}{1:F01VZCRVECAAXXX5410610696}{2:09501717040402VZCRVECAAXXX40812675430404021720N}{3:{108:SCONNECT}}{4:
:20:MI080303
:25:2222222222
:28C:0323/167
:60M:C080303VEF000029945099,25
:61:080303C000000000085,00NTRF000052676131//180009
PAGO
:61:080303C000000000850,00NTRF000052676466//180009
PAGO
:61:080303C000000004500,00NTRF000052669886//180009
PAGO
:61:080303C000000000300,00NTRF000052741275//180009
PAGO
:61:080303C000000000150,00NTRF000052740472//180009
PAGO
:61:080303C000000030000,00NTRF000052739116//180009
PAGO
:61:080303C000000000230,00NTRF000052722961//180009
PAGO
:61:080303C000000000300,00NTRF000052760923//180009
PAGO
:61:080303C000000000500,00NTRF000052758366//180009
PAGO
:62M:C080303VEF000029982014,25
-}{5:{CHK:1143FB20924B}}{S:{COP:S}}${1:F21VZCRVECAAXXX5410610696}{4:{177:0404021720}{451:0}}{1:F01VZCRVECAAXXX5410610696}{2:09501717040402VZCRVECAAXXX40812675430404021720N}{3:{108:SCONNECT}}{4:
:20:MI080303
:25:2222222222
:28C:0323/168
:60M:C080303VEF000029982014,25
:61:080303C000000002000,00NTRF000052756303//180009
PAGO
:61:080303C000000000350,00NTRF000052756233//180009
PAGO
:61:080303C000000002175,66NTRF000052684004//180009
PAGO
:61:080303C000000000230,00NTRF000052703490//180009
PAGO
:61:080303C000000000100,00NTRF000052665642//180009
PAGO
:61:080303C000000000100,00NTRF000052741474//180009
PAGO
:61:080303C000000006763,49NTRF000052741404//180009
PAGO
:61:080303C000000000100,00NTRF000052737845//180009
PAGO
:61:080303C000000000600,00NTRF000052750504//180009
PAGO
:62M:C080303VEF000029994433,40
-}{5:{CHK:1143FB20924B}}{S:{COP:S}}${1:F21VZCRVECAAXXX5410610696}{4:{177:0404021720}{451:0}}{1:F01VZCRVECAAXXX5410610696}{2:09501717040402VZCRVECAAXXX40812675430404021720N}{3:{108:SCONNECT}}{4:
:20:MI080303
:25:2222222222
:28C:0323/169
:60M:C080303VEF000029994433,40
:61:080303C000000000350,00NTRF000029022008//180009
PAGO
:61:080303C000000000200,00NTRF000029022008//180009
PAGO
:61:080303C000000000250,00NTRF000029022008//180009
PAGO
:61:080303C000000000100,00NTRF000029022008//180009
PAGO
:61:080303C000000000125,00NTRF000029022008//180009
PAGO
:61:080303C000000000072,90NTRF000029022008//180009
PAGO
:61:080303C000000004318,00NTRF000029022008//180009
PAGO
:61:080303C000000000100,00NTRF000029022008//180009
PAGO
:61:080303C000000000150,00NTRF000029022008//180009
PAGO
:62M:C080303VEF000030000099,30
-}{5:{CHK:1143FB20924B}}{S:{COP:S}}${1:F21VZCRVECAAXXX5410610696}{4:{177:0404021720}{451:0}}{1:F01VZCRVECAAXXX5410610696}{2:09501717040402VZCRVECAAXXX40812675430404021720N}{3:{108:SCONNECT}}{4:
:20:MI080303
:25:2222222222
:28C:0323/170
:60M:C080303VEF000030000099,30
:61:080303C000000001000,00NTRF000029022008//180009
PAGO
:61:080303C000000000845,00NTRF000029022008//180009
PAGO
:61:080303C000000000300,00NTRF000029022008//180009
PAGO
:61:080303C000000000450,00NTRF000029022008//180009
PAGO
:61:080303C000000000070,00NTRF000029022008//180009
PAGO
:61:080303C000000001400,00NTRF000029022008//180009
PAGO
:61:080303C000000000110,00NTRF000029022008//180009
PAGO
:61:080303C000000000250,00NTRF000029022008//180009
PAGO
:61:080303C000000000400,00NTRF000029022008//180009
PAGO
:62M:C080303VEF000030004924,30
-}{5:{CHK:1143FB20924B}}{S:{COP:S}}${1:F21VZCRVECAAXXX5410610696}{4:{177:0404021720}{451:0}}{1:F01VZCRVECAAXXX5410610696}{2:09501717040402VZCRVECAAXXX40812675430404021720N}{3:{108:SCONNECT}}{4:
:20:MI080303
:25:2222222222
:28C:0323/171
:60M:C080303VEF000030004924,30
:61:080303C000000000300,00NTRF000029022008//180009
PAGO
:61:080303C000000000500,00NTRF000029022008//180009
PAGO
:61:080303C000000000200,00NTRF000029022008//180009
PAGO
:61:080303C000000000100,00NTRF000029022008//180009
PAGO
:61:080303C000000000100,00NTRF000029022008//180009
PAGO
:61:080303C000000001350,00NTRF000029022008//180009
PAGO
:61:080303C000000000094,46NTRF000029022008//180009
PAGO
:61:080303C000000001400,00NTRF000029022008//180009
PAGO
:61:080303C000000001000,00NTRF000029022008//180009
PAGO
:62M:C080303VEF000030009968,76
-}{5:{CHK:1143FB20924B}}{S:{COP:S}}${1:F21VZCRVECAAXXX5410610696}{4:{177:0404021720}{451:0}}{1:F01VZCRVECAAXXX5410610696}{2:09501717040402VZCRVECAAXXX40812675430404021720N}{3:{108:SCONNECT}}{4:
:20:MI080303
:25:2222222222
:28C:0323/172
:60M:C080303VEF000030009968,76
:61:080303C000000000100,00NTRF000029022008//180009
PAGO
:61:080303C000000000050,00NTRF000029022008//180009
PAGO
:61:080303C000000000300,00NTRF000029022008//180009
PAGO
:61:080303C000000003913,00NTRF000029022008//180009
PAGO
:61:080303C000000002900,00NTRF000029022008//180009
PAGO
:61:080303C000000000120,00NTRF000029022008//180009
PAGO
:61:080303C000000000300,00NTRF000029022008//180009
PAGO
:61:080303C000000002000,00NTRF000029022008//180009
PAGO
:61:080303C000000001500,00NTRF000029022008//180009
PAGO
:62M:C080303VEF000030021151,76
-}{5:{CHK:1143FB20924B}}{S:{COP:S}}${1:F21VZCRVECAAXXX5410610696}{4:{177:0404021720}{451:0}}{1:F01VZCRVECAAXXX5410610696}{2:09501717040402VZCRVECAAXXX40812675430404021720N}{3:{108:SCONNECT}}{4:
:20:MI080303
:25:2222222222
:28C:0323/173
:60M:C080303VEF000030021151,76
:61:080303C000000000150,00NTRF000029022008//180009
PAGO
:61:080303C000000000031,90NTRF000000223444//180009
PAGO
:61:080303C000000000300,00NTRF000000223549//180009
PAGO
:61:080303C000000005178,25NTRF000002311031//180009
PAGO
:61:080303C000000000215,81NTRF000002311054//180009
PAGO
:61:080303C000000000100,00NTRF000000224385//180009
PAGO
:61:080303C000000003000,00NTRF000000224421//180009
PAGO
:61:080303C000000000932,84NTRF000000224504//180009
PAGO
:61:080303C000000000030,00NTRF000000224524//180009
PAGO
:62M:C080303VEF000030031090,56
-}{5:{CHK:1143FB20924B}}{S:{COP:S}}${1:F21VZCRVECAAXXX5410610696}{4:{177:0404021720}{451:0}}{1:F01VZCRVECAAXXX5410610696}{2:09501717040402VZCRVECAAXXX40812675430404021720N}{3:{108:SCONNECT}}{4:
:20:MI080303
:25:2222222222
:28C:0323/174
:60M:C080303VEF000030031090,56
:61:080303C000000000500,00NTRF000000224582//180009
PAGO
:61:080303C000000001970,00NTRF000000224588//180009
PAGO
:61:080303C000000000250,00NTRF000000224627//180009
PAGO
:61:080303C000000002000,00NTRF000000224666//180009
PAGO
:61:080303C000000002058,00NTRF000003666387//180009
PAGO
:61:080303C000000000600,00NTRF000000224713//180009
PAGO
:61:080303C000000002000,00NTRF000000224722//180009
PAGO
:61:080303C000000000600,00NTRF000000224806//180009
PAGO
:61:080303C000000000615,75NTRF000000224835//180009
PAGO
:62M:C080303VEF000030041684,31
-}{5:{CHK:1143FB20924B}}{S:{COP:S}}${1:F21VZCRVECAAXXX5410610696}{4:{177:0404021720}{451:0}}{1:F01VZCRVECAAXXX5410610696}{2:09501717040402VZCRVECAAXXX40812675430404021720N}{3:{108:SCONNECT}}{4:
:20:MI080303
:25:2222222222
:28C:0323/175
:60M:C080303VEF000030041684,31
:61:080303C000000000082,70NTRF000000224849//180009
PAGO
:61:080303C000000000082,70NTRF000000224866//180009
PAGO
:61:080303C000000005225,00NTRF000000224915//180009
PAGO
:61:080303C000000001785,42NTRF000000224918//180009
PAGO
:61:080303C000000000900,00NTRF000000225040//180009
PAGO
:61:080303C000000015500,00NTRF000003666561//180009
PAGO
:61:080303C000000000830,44NTRF000003666573//180009
PAGO
:61:080303C000000005727,32NTRF000003666574//180009
PAGO
:61:080303C000000000325,00NTRF000000225175//180009
PAGO
:62M:C080303VEF000030072142,89
-}{5:{CHK:1143FB20924B}}{S:{COP:S}}${1:F21VZCRVECAAXXX5410610696}{4:{177:0404021720}{451:0}}{1:F01VZCRVECAAXXX5410610696}{2:09501717040402VZCRVECAAXXX40812675430404021720N}{3:{108:SCONNECT}}{4:
:20:MI080303
:25:2222222222
:28C:0323/176
:60M:C080303VEF000030072142,89
:61:080303C000000000266,00NTRF000000225177//180009
PAGO
:61:080303C000000001600,00NTRF000000225262//180009
PAGO
:61:080303C000000000200,00NTRF000000225305//180009
PAGO
:61:080303C000000000375,00NTRF000000225323//180009
PAGO
:61:080303C000000000125,00NTRF000000225351//180009
PAGO
:61:080303C000000000167,50NTRF000003666804//180009
PAGO
:61:080303C000000000167,50NTRF000003666805//180009
PAGO
:61:080303C000000000167,50NTRF000003666806//180009
PAGO
:61:080303C000000000090,00NTRF000003667585//180009
PAGO
:62M:C080303VEF000030075301,39
-}{5:{CHK:1143FB20924B}}{S:{COP:S}}${1:F21VZCRVECAAXXX5410610696}{4:{177:0404021720}{451:0}}{1:F01VZCRVECAAXXX5410610696}{2:09501717040402VZCRVECAAXXX40812675430404021720N}{3:{108:SCONNECT}}{4:
:20:MI080303
:25:2222222222
:28C:0323/177
:60M:C080303VEF000030075301,39
:61:080303C000000001476,27NTRF000003667692//180009
PAGO
:61:080303C000000066908,89NTRF000003667727//180009
PAGO
:61:080303C000000007933,65NTRF000003667763//180009
PAGO
:61:080303C000000000120,00NTRF000000225514//180009
PAGO
:61:080303C000000000183,00NTRF000000225560//180009
PAGO
:61:080303C000000000913,22NTRF000003667783//180009
PAGO
:61:080303C000000015750,00NTRF000003667788//180009
PAGO
:61:080303C000000001894,17NTRF000003667792//180009
PAGO
:61:080303C000000005513,75NTRF000003667812//180009
PAGO
:62M:C080303VEF000030175994,34
-}{5:{CHK:1143FB20924B}}{S:{COP:S}}${1:F21VZCRVECAAXXX5410610696}{4:{177:0404021720}{451:0}}{1:F01VZCRVECAAXXX5410610696}{2:09501717040402VZCRVECAAXXX40812675430404021720N}{3:{108:SCONNECT}}{4:
:20:MI080303
:25:2222222222
:28C:0323/178
:60M:C080303VEF000030175994,34
:61:080303C000000022037,00NTRF000003667814//180009
PAGO
:61:080303C000000025078,58NTRF000003667821//180009
PAGO
:61:080303C000000107604,60NTRF000003667826//180009
PAGO
:61:080303C000000043372,47NTRF000003667841//180009
PAGO
:61:080303C000000008000,00NTRF000000227243//180009
PAGO
:61:080303C000000069692,78NTRF000003667780//180009
PAGO
:61:080303C000000001000,00NTRF000000227435//180009
PAGO
:61:080303C000000000100,00NTRF000000227443//180009
PAGO
:61:080303C000000003300,00NTRF000000227515//180009
PAGO
:62M:C080303VEF000030456179,77
-}{5:{CHK:1143FB20924B}}{S:{COP:S}}${1:F21VZCRVECAAXXX5410610696}{4:{177:0404021720}{451:0}}{1:F01VZCRVECAAXXX5410610696}{2:09501717040402VZCRVECAAXXX40812675430404021720N}{3:{108:SCONNECT}}{4:
:20:MI080303
:25:2222222222
:28C:0323/179
:60M:C080303VEF000030456179,77
:61:080303C000000001500,00NTRF000000227453//180009
PAGO
:61:080303C000000000280,00NTRF000000227437//180009
PAGO
:61:080303C000000000400,00NTRF000000227400//180009
PAGO
:61:080303C000000000600,00NTRF000000227382//180009
PAGO
:61:080303C000000001200,00NTRF000000227381//180009
PAGO
:61:080303C000000016328,74NTRF000003667770//180009
PAGO
:61:080303C000000000200,00NTRF000000227342//180009
PAGO
:61:080303C000000001400,00NTRF000000227371//180009
PAGO
:61:080303C000000000590,30NTRF000003666581//180009
PAGO
:62M:C080303VEF000030478678,81
-}{5:{CHK:1143FB20924B}}{S:{COP:S}}${1:F21VZCRVECAAXXX5410610696}{4:{177:0404021720}{451:0}}{1:F01VZCRVECAAXXX5410610696}{2:09501717040402VZCRVECAAXXX40812675430404021720N}{3:{108:SCONNECT}}{4:
:20:MI080303
:25:2222222222
:28C:0323/180
:60M:C080303VEF000030478678,81
:61:080303C000000000380,92NTRF000003666708//180009
PAGO
:61:080303C000000000167,50NTRF000003666800//180009
PAGO
:61:080303C000000000167,50NTRF000003666801//180009
PAGO
:61:080303C000000000167,50NTRF000003666802//180009
PAGO
:61:080303C000000000167,50NTRF000003666803//180009
PAGO
:61:080303C000000000050,00NTRF000000225642//180009
PAGO
:61:080303C000000000342,00NTRF000000225729//180009
PAGO
:61:080303C000000010026,78NTRF000002311069//180009
PAGO
:61:080303C000000003569,10NTRF000002311071//180009
PAGO
:62M:C080303VEF000030493717,61
-}{5:{CHK:1143FB20924B}}{S:{COP:S}}${1:F21VZCRVECAAXXX5410610696}{4:{177:0404021720}{451:0}}{1:F01VZCRVECAAXXX5410610696}{2:09501717040402VZCRVECAAXXX40812675430404021720N}{3:{108:SCONNECT}}{4:
:20:MI080303
:25:2222222222
:28C:0323/181
:60M:C080303VEF000030493717,61
:61:080303C000000015207,20NTRF000002311086//180009
PAGO
:61:080303C000000204375,83NTRF000003666549//180009
PAGO
:61:080303C000000005000,00NTRF000003666553//180009
PAGO
:61:080303C000000009167,57NTRF000003666556//180009
PAGO
:61:080303C000000000109,00NTRF000000225352//180009
PAGO
:61:080303C000000001000,00NTRF000000225451//180009
PAGO
:61:080303C000000001000,00NTRF000000225457//180009
PAGO
:61:080303C000000001000,00NTRF000000225458//180009
PAGO
:61:080303C000000001000,00NTRF000000225463//180009
PAGO
:62M:C080303VEF000030731577,21
-}{5:{CHK:1143FB20924B}}{S:{COP:S}}${1:F21VZCRVECAAXXX5410610696}{4:{177:0404021720}{451:0}}{1:F01VZCRVECAAXXX5410610696}{2:09501717040402VZCRVECAAXXX40812675430404021720N}{3:{108:SCONNECT}}{4:
:20:MI080303
:25:2222222222
:28C:0323/182
:60M:C080303VEF000030731577,21
:61:080303C000000000500,00NTRF000000225493//180009
PAGO
:61:080303C000000001500,00NTRF000000225510//180009
PAGO
:61:080303C000000000200,00NTRF000000224673//180009
PAGO
:61:080303C000000000140,00NTRF000000225042//180009
PAGO
:61:080303C000000000080,58NTRF000000225082//180009
PAGO
:61:080303C000000000400,00NTRF000000225151//180009
PAGO
:61:080303C000000000400,00NTRF000000224196//180009
PAGO
:61:080303C000000000600,00NTRF000000224266//180009
PAGO
:61:080303C000000000070,50NTRF000000224283//180009
PAGO
:62M:C080303VEF000030735468,29
-}{5:{CHK:1143FB20924B}}{S:{COP:S}}${1:F21VZCRVECAAXXX5410610696}{4:{177:0404021720}{451:0}}{1:F01VZCRVECAAXXX5410610696}{2:09501717040402VZCRVECAAXXX40812675430404021720N}{3:{108:SCONNECT}}{4:
:20:MI080303
:25:2222222222
:28C:0323/183
:60M:C080303VEF000030735468,29
:61:080303C000000001449,70NTRF000000224335//180009
PAGO
:61:080303C000000001975,00NTRF000000224343//180009
PAGO
:61:080303C000000052054,76NTRF000003666388//180009
PAGO
:61:080303C000000005898,07NTRF000003666389//180009
PAGO
:61:080303C000000013660,86NTRF000003666392//180009
PAGO
:61:080303C000000000591,47NTRF000003666513//180009
PAGO
:61:080303C000000044451,32NTRF000003666532//180009
PAGO
:61:080303C000000001075,60NTRF000003666541//180009
PAGO
:61:080303C000000000110,00NTRF000000224053//180009
PAGO
:62M:C080303VEF000030856735,07
-}{5:{CHK:1143FB20924B}}{S:{COP:S}}${1:F21VZCRVECAAXXX5410610696}{4:{177:0404021720}{451:0}}{1:F01VZCRVECAAXXX5410610696}{2:09501717040402VZCRVECAAXXX40812675430404021720N}{3:{108:SCONNECT}}{4:
:20:MI080303
:25:2222222222
:28C:0323/184
:60M:C080303VEF000030856735,07
:61:080303C000000000300,00NTRF000000224057//180009
PAGO
:61:080303C000000000220,00NTRF000000223642//180009
PAGO
:61:080303C000000000050,00NTRF000000223707//180009
PAGO
:61:080303C000000000317,71NTRF000000223711//180009
PAGO
:61:080303C000000000500,00NTRF000000223712//180009
PAGO
:61:080303C000000000850,00NTRF000000223718//180009
PAGO
:61:080303C000000000299,35NTRF000000223733//180009
PAGO
:61:080303C000000000300,00NTRF000000223739//180009
PAGO
:61:080303C000000000500,00NTRF000000223792//180009
PAGO
:62M:C080303VEF000030860072,13
-}{5:{CHK:1143FB20924B}}{S:{COP:S}}${1:F21VZCRVECAAXXX5410610696}{4:{177:0404021720}{451:0}}{1:F01VZCRVECAAXXX5410610696}{2:09501717040402VZCRVECAAXXX40812675430404021720N}{3:{108:SCONNECT}}{4:
:20:MI080303
:25:2222222222
:28C:0323/185
:60M:C080303VEF000030860072,13
:61:080303C000000005000,00NTRF000000223139//180009
PAGO
:61:080303C000000000500,00NTRF000000223156//180009
PAGO
:61:080303C000000003000,00NTRF000000223224//180009
PAGO
:61:080303C000000000078,00NTRF000000223305//180009
PAGO
:61:080303C000000000060,00NTRF000000222521//180009
PAGO
:61:080303C000000001200,00NTRF000000222541//180009
PAGO
:61:080303C000000001500,00NTRF000000222590//180009
PAGO
:61:080303C000000000230,00NTRF000003666100//180009
PAGO
:61:080303C000000006579,00NTRF000000220491//180009
PAGO
:62M:C080303VEF000030878219,13
-}{5:{CHK:1143FB20924B}}{S:{COP:S}}${1:F21VZCRVECAAXXX5410610696}{4:{177:0404021720}{451:0}}{1:F01VZCRVECAAXXX5410610696}{2:09501717040402VZCRVECAAXXX40812675430404021720N}{3:{108:SCONNECT}}{4:
:20:MI080303
:25:2222222222
:28C:0323/186
:60M:C080303VEF000030878219,13
:61:080303C000000000200,00NTRF000000219430//180009
PAGO
:61:080303C000000000600,00NTRF000000219434//180009
PAGO
:61:080303C000000001600,00NTRF000000219437//180009
PAGO
:61:080303C000000010000,00NTRF000000219439//180009
PAGO
:61:080303C000000000150,00NTRF000000219459//180009
PAGO
:61:080303C000000000350,00NTRF000000219499//180009
PAGO
:61:080303C000000000257,18NTRF000000219512//180009
PAGO
:61:080303C000000000140,62NTRF000000219517//180009
PAGO
:61:080303C000000000302,00NTRF000000219581//180009
PAGO
:62M:C080303VEF000030891818,93
-}{5:{CHK:1143FB20924B}}{S:{COP:S}}${1:F21VZCRVECAAXXX5410610696}{4:{177:0404021720}{451:0}}{1:F01VZCRVECAAXXX5410610696}{2:09501717040402VZCRVECAAXXX40812675430404021720N}{3:{108:SCONNECT}}{4:
:20:MI080303
:25:2222222222
:28C:0323/187
:60M:C080303VEF000030891818,93
:61:080303C000000000646,00NTRF000000219640//180009
PAGO
:61:080303C000000000100,00NTRF000000219652//180009
PAGO
:61:080303C000000005000,00NTRF000000219809//180009
PAGO
:61:080303C000000001000,00NTRF000000219879//180009
PAGO
:61:080303C000000001384,03NTRF000000218804//180009
PAGO
:61:080303C000000001000,00NTRF000000218855//180009
PAGO
:61:080303C000000000506,00NTRF000000218884//180009
PAGO
:61:080303C000000000084,00NTRF000000218895//180009
PAGO
:61:080303C000000000050,00NTRF000000218972//180009
PAGO
:62M:C080303VEF000030901588,96
-}{5:{CHK:1143FB20924B}}{S:{COP:S}}${1:F21VZCRVECAAXXX5410610696}{4:{177:0404021720}{451:0}}{1:F01VZCRVECAAXXX5410610696}{2:09501717040402VZCRVECAAXXX40812675430404021720N}{3:{108:SCONNECT}}{4:
:20:MI080303
:25:2222222222
:28C:0323/188
:60M:C080303VEF000030901588,96
:61:080303C000000002100,00NTRF000000219158//180009
PAGO
:61:080303C000000001075,00NTRF000000219177//180009
PAGO
:61:080303C000000001500,00NTRF000000219247//180009
PAGO
:61:080303C000000003000,00NTRF000000219327//180009
PAGO
:61:080303C000000000165,25NTRF000000219349//180009
PAGO
:61:080303C000000000128,62NTRF000000219350//180009
PAGO
:61:080303C000000000200,00NTRF000000219409//180009
PAGO
:61:080303C000000000300,00NTRF000000219419//180009
PAGO
:61:080303C000000000100,00NTRF000000218488//180009
PAGO
:62M:C080303VEF000030910157,83
-}{5:{CHK:1143FB20924B}}{S:{COP:S}}${1:F21VZCRVECAAXXX5410610696}{4:{177:0404021720}{451:0}}{1:F01VZCRVECAAXXX5410610696}{2:09501717040402VZCRVECAAXXX40812675430404021720N}{3:{108:SCONNECT}}{4:
:20:MI080303
:25:2222222222
:28C:0323/189
:60M:C080303VEF000030910157,83
:61:080303C000000003000,00NTRF000000218496//180009
PAGO
:61:080303C000000001000,00NTRF000000218544//180009
PAGO
:61:080303C000000000442,00NTRF000000218545//180009
PAGO
:61:080303C000000000115,00NTRF000000218548//180009
PAGO
:61:080303C000000000500,00NTRF000000218555//180009
PAGO
:61:080303C000000004500,00NTRF000000218598//180009
PAGO
:61:080303C000000001600,00NTRF000000218603//180009
PAGO
:61:080303C000000000100,00NTRF000000218621//180009
PAGO
:61:080303C000000001000,00NTRF000000218662//180009
PAGO
:62M:C080303VEF000030922414,83
-}{5:{CHK:1143FB20924B}}{S:{COP:S}}${1:F21VZCRVECAAXXX5410610696}{4:{177:0404021720}{451:0}}{1:F01VZCRVECAAXXX5410610696}{2:09501717040402VZCRVECAAXXX40812675430404021720N}{3:{108:SCONNECT}}{4:
:20:MI080303
:25:2222222222
:28C:0323/190
:60M:C080303VEF000030922414,83
:61:080303C000000000380,00NTRF000000218710//180009
PAGO
:61:080303C000000000700,00NTRF000000218715//180009
PAGO
:61:080303C000000000100,00NTRF000000218803//180009
PAGO
:61:080303C000000001000,00NTRF000000218001//180009
PAGO
:61:080303C000000001500,00NTRF000000218040//180009
PAGO
:61:080303C000000000200,00NTRF000000218107//180009
PAGO
:61:080303C000000002200,00NTRF000000218162//180009
PAGO
:61:080303C000000000800,00NTRF000000218164//180009
PAGO
:61:080303C000000001400,00NTRF000000218230//180009
PAGO
:62M:C080303VEF000030930694,83
-}{5:{CHK:1143FB20924B}}{S:{COP:S}}${1:F21VZCRVECAAXXX5410610696}{4:{177:0404021720}{451:0}}{1:F01VZCRVECAAXXX5410610696}{2:09501717040402VZCRVECAAXXX40812675430404021720N}{3:{108:SCONNECT}}{4:
:20:MI080303
:25:2222222222
:28C:0323/191
:60M:C080303VEF000030930694,83
:61:080303C000000000030,00NTRF000000218247//180009
PAGO
:61:080303C000000001000,00NTRF000000218258//180009
PAGO
:61:080303C000000000890,00NTRF000000218263//180009
PAGO
:61:080303C000000000050,23NTRF000000218408//180009
PAGO
:61:080303C000000000200,00NTRF000000218444//180009
PAGO
:61:080303C000000003000,00NTRF000000218453//180009
PAGO
:61:080303C000000003000,00NTRF000000218472//180009
PAGO
:61:080303C000000000200,00NTRF000000218481//180009
PAGO
:61:080303C000000000100,00NTRF000000217344//180009
PAGO
:62M:C080303VEF000030939165,06
-}{5:{CHK:1143FB20924B}}{S:{COP:S}}${1:F21VZCRVECAAXXX5410610696}{4:{177:0404021720}{451:0}}{1:F01VZCRVECAAXXX5410610696}{2:09501717040402VZCRVECAAXXX40812675430404021720N}{3:{108:SCONNECT}}{4:
:20:MI080303
:25:2222222222
:28C:0323/192
:60M:C080303VEF000030939165,06
:61:080303C000000000100,00NTRF000000217345//180009
PAGO
:61:080303C000000003000,00NTRF000000217359//180009
PAGO
:61:080303C000000001591,81NTRF000000217462//180009
PAGO
:61:080303C000000000035,00NTRF000000217500//180009
PAGO
:61:080303C000000000050,00NTRF000000217503//180009
PAGO
:61:080303C000000000150,00NTRF000000217504//180009
PAGO
:61:080303C000000000900,00NTRF000000217536//180009
PAGO
:61:080303C000000000300,00NTRF000000217705//180009
PAGO
:61:080303C000000000248,80NTRF000000217728//180009
PAGO
:62M:C080303VEF000030945540,67
-}{5:{CHK:1143FB20924B}}{S:{COP:S}}${1:F21VZCRVECAAXXX5410610696}{4:{177:0404021720}{451:0}}{1:F01VZCRVECAAXXX5410610696}{2:09501717040402VZCRVECAAXXX40812675430404021720N}{3:{108:SCONNECT}}{4:
:20:MI080303
:25:2222222222
:28C:0323/193
:60M:C080303VEF000030945540,67
:61:080303C000000000420,00NTRF000000217794//180009
PAGO
:61:080303C000000000250,00NTRF000000217940//180009
PAGO
:61:080303C000000006400,00NTRF000000217948//180009
PAGO
:61:080303C000000000200,00NTRF000000217326//180009
PAGO
:61:080303C000000003509,64NTRF000003666114//180009
PAGO
:61:080303C000000002879,19NTRF000003666124//180009
PAGO
:61:080303C000000002340,00NTRF000003666139//180009
PAGO
:61:080303C000000211250,75NTRF000003666269//180009
PAGO
:61:080303C000000082181,35NTRF000003666277//180009
PAGO
:62M:C080303VEF000031254971,60
-}{5:{CHK:1143FB20924B}}{S:{COP:S}}${1:F21VZCRVECAAXXX5410610696}{4:{177:0404021720}{451:0}}{1:F01VZCRVECAAXXX5410610696}{2:09501717040402VZCRVECAAXXX40812675430404021720N}{3:{108:SCONNECT}}{4:
:20:MI080303
:25:2222222222
:28C:0323/194
:60M:C080303VEF000031254971,60
:61:080303C000000021229,72NTRF000003666295//180009
PAGO
:61:080303C000000005955,00NTRF000003666303//180009
PAGO
:61:080303C000000001075,60NTRF000003666318//180009
PAGO
:61:080303C000000028123,76NTRF000003666344//180009
PAGO
:61:080303C000000000500,00NTRF000000221865//180009
PAGO
:61:080303C000000000015,00NTRF000000221877//180009
PAGO
:61:080303C000000000085,00NTRF000000221890//180009
PAGO
:61:080303C000000001000,00NTRF000000221921//180009
PAGO
:61:080303C000000000591,00NTRF000000221944//180009
PAGO
:62M:C080303VEF000031313546,68
-}{5:{CHK:1143FB20924B}}{S:{COP:S}}${1:F21VZCRVECAAXXX5410610696}{4:{177:0404021720}{451:0}}{1:F01VZCRVECAAXXX5410610696}{2:09501717040402VZCRVECAAXXX40812675430404021720N}{3:{108:SCONNECT}}{4:
:20:MI080303
:25:2222222222
:28C:0323/195
:60M:C080303VEF000031313546,68
:61:080303C000000023903,70NTRF000000222108//180009
PAGO
:61:080303C000000001000,00NTRF000000222131//180009
PAGO
:61:080303C000000001000,00NTRF000000222182//180009
PAGO
:61:080303C000000001000,00NTRF000000222190//180009
PAGO
:61:080303C000000001000,00NTRF000000222199//180009
PAGO
:61:080303C000000000250,00NTRF000000222240//180009
PAGO
:61:080303C000000003500,00NTRF000002310935//180009
PAGO
:61:080303C000000001148,00NTRF000002310945//180009
PAGO
:61:080303C000000000231,03NTRF000000221544//180009
PAGO
:62M:C080303VEF000031346579,41
-}{5:{CHK:1143FB20924B}}{S:{COP:S}}${1:F21VZCRVECAAXXX5410610696}{4:{177:0404021720}{451:0}}{1:F01VZCRVECAAXXX5410610696}{2:09501717040402VZCRVECAAXXX40812675430404021720N}{3:{108:SCONNECT}}{4:
:20:MI080303
:25:2222222222
:28C:0323/196
:60M:C080303VEF000031346579,41
:61:080303C000000000500,00NTRF000000221557//180009
PAGO
:61:080303D000031347079,41NTRF000020080303//180009
N/D
:62F:C080303VEF000000000000,00
-}{5:{CHK:96FA6004455F}}{S:{COP:S}}
