{1:F21CONSVECAAXXX5136905616}{4:{177:0806110701}{451:0}}{1:F01CONSVECAAXXX5136905616}{2:O9500702080611BPROVECAAXXX63217269180806110703N}{4:
:20:EC95005020080610
:25:01080090150500000806
:28C:08162/00001
:60F:D080610VEF11499253,22
:61:0806110610CB1130,00NLDP000076828//000076828
DEP. CHEQUE O/B 1 DIARAS          
:61:0806100610CB117542,68NMSC000076829//000076829
CORRESP N/D 20575081 280508       
:61:0806100610DB500,00NCHG000076830//000076830
CORRESP . N/C 10515110743 0906    
:62F:D080610VEF11381080,54
:64:D080610VEF11382210,54
-}{5:{CHK:1A8AB26D4C9F}}{S:{COP:S}}
