{1:F21VZCRVECAAXXX5410610696}{4:{177:0404021720}{451:0}}{1:F01VZCRVECAAXXX5410610696}{2:09501717040402VZCRVECAAXXX40812675430404021720N}{3:{108:SCONNECT}}{4:
:20:MI080310
:25:2222222222
:28C:0328/001
:60F:C080310VEF000000000000,00
:61:080310C000000000360,00NTRF000000000737//180006
PAGO
:61:080310C000000000282,72NTRF000000000442//180006
PAGO
:61:080310C000000000115,34NTRF000000000158//180006
PAGO
:62M:C080310VEF000000000758,06
-}{5:{CHK:1143FB20924B}}{S:{COP:S}}${1:F21VZCRVECAAXXX5410610696}{4:{177:0404021720}{451:0}}{1:F01VZCRVECAAXXX5410610696}{2:09501717040402VZCRVECAAXXX40812675430404021720N}{3:{108:SCONNECT}}{4:
:20:MI080310
:25:2222222222
:28C:0328/002
:60M:C080310VEF000000000758,06
:61:080310C000000009006,16NTRF000000000007//180006
PAGO
:61:080310C000000000200,00NTRF000018043059//180006
PAGO
:61:080310C000000000166,00NTRF000018039371//180006
PAGO
:61:080310C000000009690,00NTRF000018041337//180006
PAGO
:61:080310C000000000200,00NTRF000018039344//180006
PAGO
:61:080310C000000006100,00NTRF000018040771//180006
PAGO
:61:080310C000000000150,42NTRF000018039261//180006
PAGO
:61:080310C000000000340,00NTRF000018039333//180006
PAGO
:61:080310C000000004250,00NTRF000018055620//180006
PAGO
:62M:C080310VEF000000030860,64
-}{5:{CHK:1143FB20924B}}{S:{COP:S}}${1:F21VZCRVECAAXXX5410610696}{4:{177:0404021720}{451:0}}{1:F01VZCRVECAAXXX5410610696}{2:09501717040402VZCRVECAAXXX40812675430404021720N}{3:{108:SCONNECT}}{4:
:20:MI080310
:25:2222222222
:28C:0328/003
:60M:C080310VEF000000030860,64
:61:080310C000000010000,00NTRF000018055218//180006
PAGO
:61:080310C000000001400,00NTRF000018053809//180006
PAGO
:61:080310C000000001940,00NTRF000018052406//180006
PAGO
:61:080310C000000000500,00NTRF000018040823//180006
PAGO
:61:080310C000000000300,00NTRF000018042186//180006
PAGO
:61:080310C000000000050,00NTRF000018049354//180006
PAGO
:61:080310C000000000255,00NTRF000018049562//180006
PAGO
:61:080310C000000000100,00NTRF000018049954//180006
PAGO
:61:080310C000000000600,00NTRF000018050888//180006
PAGO
:62M:C080310VEF000000046005,64
-}{5:{CHK:1143FB20924B}}{S:{COP:S}}${1:F21VZCRVECAAXXX5410610696}{4:{177:0404021720}{451:0}}{1:F01VZCRVECAAXXX5410610696}{2:09501717040402VZCRVECAAXXX40812675430404021720N}{3:{108:SCONNECT}}{4:
:20:MI080310
:25:2222222222
:28C:0328/004
:60M:C080310VEF000000046005,64
:61:080310C000000013914,70NTRF000000000879//180006
PAGO
:61:080310C000000002614,19NTRF000000000276//180006
PAGO
:61:080310C000000034614,45NTRF000000000279//180006
PAGO
:61:080310C000000002517,44NTRF000000000280//180006
PAGO
:61:080310C000000008115,48NTRF000000000270//180006
PAGO
:61:080310C000000121912,31NTRF000000000273//180006
PAGO
:61:080310C000000000200,00NTRF000000000274//180006
PAGO
:61:080310C000000003437,20NTRF000000000111//180006
PAGO
:61:080310C000000000245,40NTRF000000000112//180006
PAGO
:62M:C080310VEF000000233576,81
-}{5:{CHK:1143FB20924B}}{S:{COP:S}}${1:F21VZCRVECAAXXX5410610696}{4:{177:0404021720}{451:0}}{1:F01VZCRVECAAXXX5410610696}{2:09501717040402VZCRVECAAXXX40812675430404021720N}{3:{108:SCONNECT}}{4:
:20:MI080310
:25:2222222222
:28C:0328/005
:60M:C080310VEF000000233576,81
:61:080310C000000000473,74NTRF000000000098//180006
PAGO
:61:080310C000000000353,20NTRF000000000100//180006
PAGO
:61:080310C000000031381,70NTRF000000000085//180006
PAGO
:61:080310C000000004430,88NTRF000000000086//180006
PAGO
:61:080310C000000006363,63NTRF000000000087//180006
PAGO
:61:080310C000000074284,97NTRF000000000089//180006
PAGO
:61:080310C000000000290,00NTRF000000287410//180006
PAGO
:61:080310C000000000135,00NTRF000000287450//180006
PAGO
:61:080310C000000021353,55NTRF000000287454//180006
PAGO
:62M:C080310VEF000000372643,48
-}{5:{CHK:1143FB20924B}}{S:{COP:S}}${1:F21VZCRVECAAXXX5410610696}{4:{177:0404021720}{451:0}}{1:F01VZCRVECAAXXX5410610696}{2:09501717040402VZCRVECAAXXX40812675430404021720N}{3:{108:SCONNECT}}{4:
:20:MI080310
:25:2222222222
:28C:0328/006
:60M:C080310VEF000000372643,48
:61:080310C000000000050,00NTRF000000287566//180006
PAGO
:61:080310C000000001700,00NTRF000000287631//180006
PAGO
:61:080310C000000002000,00NTRF000000287673//180006
PAGO
:61:080310C000000001500,00NTRF000000287719//180006
PAGO
:61:080310C000000003500,00NTRF000000287736//180006
PAGO
:61:080310C000000001000,00NTRF000000287749//180006
PAGO
:61:080310C000000000047,00NTRF000000286639//180006
PAGO
:61:080310C000000000060,00NTRF000000286715//180006
PAGO
:61:080310C000000004700,00NTRF000000286833//180006
PAGO
:62M:C080310VEF000000387200,48
-}{5:{CHK:1143FB20924B}}{S:{COP:S}}${1:F21VZCRVECAAXXX5410610696}{4:{177:0404021720}{451:0}}{1:F01VZCRVECAAXXX5410610696}{2:09501717040402VZCRVECAAXXX40812675430404021720N}{3:{108:SCONNECT}}{4:
:20:MI080310
:25:2222222222
:28C:0328/007
:60M:C080310VEF000000387200,48
:61:080310C000000000200,00NTRF000000286886//180006
PAGO
:61:080310C000000000250,00NTRF000000286894//180006
PAGO
:61:080310C000000000900,00NTRF000000286948//180006
PAGO
:61:080310C000000000151,00NTRF000000286949//180006
PAGO
:61:080310C000000000510,00NTRF000003680448//180006
PAGO
:61:080310C000000000134,65NTRF000003680450//180006
PAGO
:61:080310C000000000069,92NTRF000003680451//180006
PAGO
:61:080310C000000000659,56NTRF000003680452//180006
PAGO
:61:080310C000000000201,80NTRF000003680454//180006
PAGO
:62M:C080310VEF000000390277,41
-}{5:{CHK:1143FB20924B}}{S:{COP:S}}${1:F21VZCRVECAAXXX5410610696}{4:{177:0404021720}{451:0}}{1:F01VZCRVECAAXXX5410610696}{2:09501717040402VZCRVECAAXXX40812675430404021720N}{3:{108:SCONNECT}}{4:
:20:MI080310
:25:2222222222
:28C:0328/008
:60M:C080310VEF000000390277,41
:61:080310C000000002000,00NTRF000000289752//180006
PAGO
:61:080310C000000001000,00NTRF000000289764//180006
PAGO
:61:080310C000000000610,00NTRF000000289767//180006
PAGO
:61:080310C000000000010,00NTRF000000289773//180006
PAGO
:61:080310C000000000925,87NTRF000003680461//180006
PAGO
:61:080310C000000000131,10NTRF000003680464//180006
PAGO
:61:080310C000000000730,00NTRF000003680465//180006
PAGO
:61:080310C000000000373,00NTRF000003680466//180006
PAGO
:61:080310C000000000671,35NTRF000003680469//180006
PAGO
:62M:C080310VEF000000396728,73
-}{5:{CHK:1143FB20924B}}{S:{COP:S}}${1:F21VZCRVECAAXXX5410610696}{4:{177:0404021720}{451:0}}{1:F01VZCRVECAAXXX5410610696}{2:09501717040402VZCRVECAAXXX40812675430404021720N}{3:{108:SCONNECT}}{4:
:20:MI080310
:25:2222222222
:28C:0328/009
:60M:C080310VEF000000396728,73
:61:080310C000000000826,57NTRF000003680470//180006
PAGO
:61:080310C000000000549,20NTRF000003680471//180006
PAGO
:61:080310C000000000615,00NTRF000003680475//180006
PAGO
:61:080310C000000000221,17NTRF000003680476//180006
PAGO
:61:080310C000000000242,59NTRF000003680477//180006
PAGO
:61:080310C000000000059,50NTRF000003680479//180006
PAGO
:61:080310C000000000540,00NTRF000003680481//180006
PAGO
:61:080310C000000000504,80NTRF000003680482//180006
PAGO
:61:080310C000000000211,60NTRF000003680483//180006
PAGO
:62M:C080310VEF000000400499,16
-}{5:{CHK:1143FB20924B}}{S:{COP:S}}${1:F21VZCRVECAAXXX5410610696}{4:{177:0404021720}{451:0}}{1:F01VZCRVECAAXXX5410610696}{2:09501717040402VZCRVECAAXXX40812675430404021720N}{3:{108:SCONNECT}}{4:
:20:MI080310
:25:2222222222
:28C:0328/010
:60M:C080310VEF000000400499,16
:61:080310C000000001094,23NTRF000003680484//180006
PAGO
:61:080310C000000000217,05NTRF000003680485//180006
PAGO
:61:080310C000000000359,20NTRF000003680486//180006
PAGO
:61:080310C000000000309,03NTRF000003680487//180006
PAGO
:61:080310C000000005466,00NTRF000002313997//180006
PAGO
:61:080310C000000019326,00NTRF000002313998//180006
PAGO
:61:080310C000000009924,75NTRF000003680715//180006
PAGO
:61:080310C000000000185,75NTRF000003680754//180006
PAGO
:61:080310C000000000220,00NTRF000000290653//180006
PAGO
:62M:C080310VEF000000437601,17
-}{5:{CHK:1143FB20924B}}{S:{COP:S}}${1:F21VZCRVECAAXXX5410610696}{4:{177:0404021720}{451:0}}{1:F01VZCRVECAAXXX5410610696}{2:09501717040402VZCRVECAAXXX40812675430404021720N}{3:{108:SCONNECT}}{4:
:20:MI080310
:25:2222222222
:28C:0328/011
:60M:C080310VEF000000437601,17
:61:080310C000000000400,00NTRF000000290655//180006
PAGO
:61:080310C000000001465,19NTRF000000290661//180006
PAGO
:61:080310C000000000015,00NTRF000000290682//180006
PAGO
:61:080310C000000000500,00NTRF000000290698//180006
PAGO
:61:080310C000000000252,85NTRF000003680760//180006
PAGO
:61:080310C000000000544,60NTRF000003680761//180006
PAGO
:61:080310C000000000333,57NTRF000003680762//180006
PAGO
:61:080310C000000000409,42NTRF000003680763//180006
PAGO
:61:080310C000000000252,85NTRF000003680764//180006
PAGO
:62M:C080310VEF000000441774,65
-}{5:{CHK:1143FB20924B}}{S:{COP:S}}${1:F21VZCRVECAAXXX5410610696}{4:{177:0404021720}{451:0}}{1:F01VZCRVECAAXXX5410610696}{2:09501717040402VZCRVECAAXXX40812675430404021720N}{3:{108:SCONNECT}}{4:
:20:MI080310
:25:2222222222
:28C:0328/012
:60M:C080310VEF000000441774,65
:61:080310C000000000536,82NTRF000003680765//180006
PAGO
:61:080310C000000000444,43NTRF000003680773//180006
PAGO
:61:080310C000000000493,06NTRF000003680774//180006
PAGO
:61:080310C000000005000,00NTRF000000291190//180006
PAGO
:61:080310C000000000329,10NTRF000003680776//180006
PAGO
:61:080310C000000000150,00NTRF000018045276//180006
PAGO
:61:080310C000000000500,00NTRF000018044883//180006
PAGO
:61:080310C000000004632,67NTRF000000020016//180006
PAGO
:61:080310C000000288354,71NTRF000000019960//180006
PAGO
:62M:C080310VEF000000742215,44
-}{5:{CHK:1143FB20924B}}{S:{COP:S}}${1:F21VZCRVECAAXXX5410610696}{4:{177:0404021720}{451:0}}{1:F01VZCRVECAAXXX5410610696}{2:09501717040402VZCRVECAAXXX40812675430404021720N}{3:{108:SCONNECT}}{4:
:20:MI080310
:25:2222222222
:28C:0328/013
:60M:C080310VEF000000742215,44
:61:080310C000000030233,06NTRF000000019973//180006
PAGO
:61:080310C000000000221,00NTRF000000019804//180006
PAGO
:61:080310C000000000300,00NTRF000000019594//180006
PAGO
:61:080310C000000000266,00NTRF000000013080//180006
PAGO
:61:080310C000000000128,10NTRF000000013082//180006
PAGO
:61:080310C000000003500,00NTRF000000013097//180006
PAGO
:61:080310C000000001600,00NTRF000000015925//180006
PAGO
:61:080310C000000001000,00NTRF000000015690//180006
PAGO
:61:080310C000000000290,00NTRF000000015675//180006
PAGO
:62M:C080310VEF000000779753,60
-}{5:{CHK:1143FB20924B}}{S:{COP:S}}${1:F21VZCRVECAAXXX5410610696}{4:{177:0404021720}{451:0}}{1:F01VZCRVECAAXXX5410610696}{2:09501717040402VZCRVECAAXXX40812675430404021720N}{3:{108:SCONNECT}}{4:
:20:MI080310
:25:2222222222
:28C:0328/014
:60M:C080310VEF000000779753,60
:61:080310C000000000156,00NTRF000000015551//180006
PAGO
:61:080310C000000001000,00NTRF000000016845//180006
PAGO
:61:080310C000000000864,00NTRF000000016687//180006
PAGO
:61:080310C000000001622,00NTRF000000016881//180006
PAGO
:61:080310C000000010000,00NTRF000000016797//180006
PAGO
:61:080310C000000002000,00NTRF000000016709//180006
PAGO
:61:080310C000000002620,72NTRF000000009963//180006
PAGO
:61:080310C000000000750,00NTRF000000011069//180006
PAGO
:61:080310C000000000250,00NTRF000000010947//180006
PAGO
:62M:C080310VEF000000799016,32
-}{5:{CHK:1143FB20924B}}{S:{COP:S}}${1:F21VZCRVECAAXXX5410610696}{4:{177:0404021720}{451:0}}{1:F01VZCRVECAAXXX5410610696}{2:09501717040402VZCRVECAAXXX40812675430404021720N}{3:{108:SCONNECT}}{4:
:20:MI080310
:25:2222222222
:28C:0328/015
:60M:C080310VEF000000799016,32
:61:080310C000000000700,00NTRF000000010393//180006
PAGO
:61:080310C000000000300,00NTRF000000010286//180006
PAGO
:61:080310C000000001303,60NTRF000000010102//180006
PAGO
:61:080310C000000000200,00NTRF000000017744//180006
PAGO
:61:080310C000000994785,44NTRF000000020012//180006
PAGO
:61:080310C000000035770,70NTRF000000020014//180006
PAGO
:61:080310C000000000500,00NTRF000097941838//180006
PAGO
:61:080310C000000001329,08NTRF000001049861//180006
PAGO
:61:080310C000000010764,08NTRF000000000877//180006
PAGO
:62M:C080310VEF000001844669,22
-}{5:{CHK:1143FB20924B}}{S:{COP:S}}${1:F21VZCRVECAAXXX5410610696}{4:{177:0404021720}{451:0}}{1:F01VZCRVECAAXXX5410610696}{2:09501717040402VZCRVECAAXXX40812675430404021720N}{3:{108:SCONNECT}}{4:
:20:MI080310
:25:2222222222
:28C:0328/016
:60M:C080310VEF000001844669,22
:61:080310C000000084928,41NTRF000000000824//180006
PAGO
:61:080310C000000005248,43NTRF000000000843//180006
PAGO
:61:080310C000000003500,00NTRF000000014145//180006
PAGO
:61:080310C000000008117,52NTRF000000014156//180006
PAGO
:61:080310C000000000620,98NTRF000001049863//180006
PAGO
:61:080310C000000000695,25NTRF000001049824//180006
PAGO
:61:080310C000000000041,62NTRF000001049826//180006
PAGO
:61:080310C000000006095,00NTRF000001049827//180006
PAGO
:61:080310C000000000650,96NTRF000001049860//180006
PAGO
:62M:C080310VEF000001954567,39
-}{5:{CHK:1143FB20924B}}{S:{COP:S}}${1:F21VZCRVECAAXXX5410610696}{4:{177:0404021720}{451:0}}{1:F01VZCRVECAAXXX5410610696}{2:09501717040402VZCRVECAAXXX40812675430404021720N}{3:{108:SCONNECT}}{4:
:20:MI080310
:25:2222222222
:28C:0328/017
:60M:C080310VEF000001954567,39
:61:080310C000000001941,11NTRF000000000753//180006
PAGO
:61:080310C000000005293,20NTRF000071400000//180006
PAGO
:61:080310C000000000276,00NTRF000000102394//180006
PAGO
:61:080310C000000003500,00NTRF000000014195//180006
PAGO
:61:080310C000000063224,19NTRF000000034050//180006
PAGO
:61:080310C000000000360,69NTRF000001049859//180006
PAGO
:61:080310C000000000137,93NTRF000001049865//180006
PAGO
:61:080310C000000001000,00NTRF000000014183//180006
PAGO
:61:080310C000000000430,00NTRF000001049828//180006
PAGO
:62M:C080310VEF000002030730,51
-}{5:{CHK:1143FB20924B}}{S:{COP:S}}${1:F21VZCRVECAAXXX5410610696}{4:{177:0404021720}{451:0}}{1:F01VZCRVECAAXXX5410610696}{2:09501717040402VZCRVECAAXXX40812675430404021720N}{3:{108:SCONNECT}}{4:
:20:MI080310
:25:2222222222
:28C:0328/018
:60M:C080310VEF000002030730,51
:61:080310C000000000983,00NTRF000001049831//180006
PAGO
:61:080310C000000002300,00NTRF000000014160//180006
PAGO
:61:080310C000000000641,85NTRF000000668066//180006
PAGO
:61:080310C000000002040,00NTRF000000000543//180006
PAGO
:61:080310C000000009975,00NTRF000020012075//180006
PAGO
:61:080310C000000000649,73NTRF000001049829//180006
PAGO
:61:080310C000000003225,01NTRF000001049832//180006
PAGO
:61:080310C000000000923,54NTRF000001049850//180006
PAGO
:61:080310C000000001029,00NTRF000001049857//180006
PAGO
:62M:C080310VEF000002052497,64
-}{5:{CHK:1143FB20924B}}{S:{COP:S}}${1:F21VZCRVECAAXXX5410610696}{4:{177:0404021720}{451:0}}{1:F01VZCRVECAAXXX5410610696}{2:09501717040402VZCRVECAAXXX40812675430404021720N}{3:{108:SCONNECT}}{4:
:20:MI080310
:25:2222222222
:28C:0328/019
:60M:C080310VEF000002052497,64
:61:080310C000000000311,80NTRF000001049866//180006
PAGO
:61:080310C000000000400,00NTRF000000678064//180006
PAGO
:61:080310C000000034320,66NTRF000000838495//180006
PAGO
:61:080310C000000001156,00NTRF000000102396//180006
PAGO
:61:080310C000000003898,02NTRF000000014205//180006
PAGO
:61:080310C000000002290,90NTRF000001141764//180006
PAGO
:61:080310C000000000240,00NTRF000000000000//180006
PAGO
:61:080310C000000001000,00NTRF000000000000//180006
PAGO
:61:080310C000000000100,00NTRF000000000000//180006
PAGO
:62M:C080310VEF000002096215,02
-}{5:{CHK:1143FB20924B}}{S:{COP:S}}${1:F21VZCRVECAAXXX5410610696}{4:{177:0404021720}{451:0}}{1:F01VZCRVECAAXXX5410610696}{2:09501717040402VZCRVECAAXXX40812675430404021720N}{3:{108:SCONNECT}}{4:
:20:MI080310
:25:2222222222
:28C:0328/020
:60M:C080310VEF000002096215,02
:61:080310C000000000240,00NTRF000000000000//180006
PAGO
:61:080310C000000000200,00NTRF000000000000//180006
PAGO
:61:080310C000000001000,00NTRF000000000123//180006
PAGO
:61:080310C000000000760,00NTRF000000000000//180006
PAGO
:61:080310C000000000500,00NTRF000000000000//180006
PAGO
:61:080310C000000000500,00NTRF000000000000//180006
PAGO
:61:080310C000000000150,00NTRF000000000000//180006
PAGO
:61:080310C000000000068,00NTRF000000000000//180006
PAGO
:61:080310C000000000200,00NTRF000000000000//180006
PAGO
:62M:C080310VEF000002099833,02
-}{5:{CHK:1143FB20924B}}{S:{COP:S}}${1:F21VZCRVECAAXXX5410610696}{4:{177:0404021720}{451:0}}{1:F01VZCRVECAAXXX5410610696}{2:09501717040402VZCRVECAAXXX40812675430404021720N}{3:{108:SCONNECT}}{4:
:20:MI080310
:25:2222222222
:28C:0328/021
:60M:C080310VEF000002099833,02
:61:080310C000000000090,00NTRF000000000001//180006
PAGO
:61:080310C000000000100,00NTRF000011466104//180006
PAGO
:61:080310C000000000100,00NTRF000010807962//180006
PAGO
:61:080310C000000001000,00NTRF000010800822//180006
PAGO
:61:080310C000000006687,92NTRF000010779271//180006
PAGO
:61:080310C000000000050,00NTRF000010714677//180006
PAGO
:61:080310C000000010000,00NTRF000010670657//180006
PAGO
:61:080310C000000002000,00NTRF000011486121//180006
PAGO
:61:080310C000000001000,00NTRF000010685987//180006
PAGO
:62M:C080310VEF000002120860,94
-}{5:{CHK:1143FB20924B}}{S:{COP:S}}${1:F21VZCRVECAAXXX5410610696}{4:{177:0404021720}{451:0}}{1:F01VZCRVECAAXXX5410610696}{2:09501717040402VZCRVECAAXXX40812675430404021720N}{3:{108:SCONNECT}}{4:
:20:MI080310
:25:2222222222
:28C:0328/022
:60M:C080310VEF000002120860,94
:61:080310C000000001000,00NTRF000010733202//180006
PAGO
:61:080310C000000000130,00NTRF000010784586//180006
PAGO
:61:080310C000000003000,00NTRF000010807562//180006
PAGO
:61:080310C000000000200,00NTRF000011450638//180006
PAGO
:61:080310C000000007700,00NTRF000011458132//180006
PAGO
:61:080310C000000001000,00NTRF000011488230//180006
PAGO
:61:080310C000000000090,00NTRF000045413259//180006
PAGO
:61:080310C000000003000,00NTRF000068485604//180006
PAGO
:61:080310C000000002000,00NTRF000098111298//180006
PAGO
:62M:C080310VEF000002138980,94
-}{5:{CHK:1143FB20924B}}{S:{COP:S}}${1:F21VZCRVECAAXXX5410610696}{4:{177:0404021720}{451:0}}{1:F01VZCRVECAAXXX5410610696}{2:09501717040402VZCRVECAAXXX40812675430404021720N}{3:{108:SCONNECT}}{4:
:20:MI080310
:25:2222222222
:28C:0328/023
:60M:C080310VEF000002138980,94
:61:080310C000000002500,00NTRF000046364713//180006
PAGO
:61:080310C000000000120,00NTRF000010032008//180006
PAGO
:61:080310C000000003500,00NTRF000010032008//180006
PAGO
:61:080310C000000001000,00NTRF000010032008//180006
PAGO
:61:080310C000000000185,00NTRF000010032008//180006
PAGO
:61:080310C000000000180,00NTRF000010032008//180006
PAGO
:61:080310C000000000200,00NTRF000010032008//180006
PAGO
:61:080310C000000000350,00NTRF000010032008//180006
PAGO
:61:080310C000000000550,00NTRF000010032008//180006
PAGO
:62M:C080310VEF000002147565,94
-}{5:{CHK:1143FB20924B}}{S:{COP:S}}${1:F21VZCRVECAAXXX5410610696}{4:{177:0404021720}{451:0}}{1:F01VZCRVECAAXXX5410610696}{2:09501717040402VZCRVECAAXXX40812675430404021720N}{3:{108:SCONNECT}}{4:
:20:MI080310
:25:2222222222
:28C:0328/024
:60M:C080310VEF000002147565,94
:61:080310C000000000800,00NTRF000010032008//180006
PAGO
:61:080310C000000000280,00NTRF000010032008//180006
PAGO
:61:080310C000000000600,00NTRF000010032008//180006
PAGO
:61:080310C000000000110,00NTRF000010032008//180006
PAGO
:61:080310C000000000261,00NTRF000010032008//180006
PAGO
:61:080310C000000000500,00NTRF000010032008//180006
PAGO
:61:080310C000000001000,00NTRF000010032008//180006
PAGO
:61:080310C000000000020,00NTRF000010032008//180006
PAGO
:61:080310C000000000200,00NTRF000010032008//180006
PAGO
:62M:C080310VEF000002151336,94
-}{5:{CHK:1143FB20924B}}{S:{COP:S}}${1:F21VZCRVECAAXXX5410610696}{4:{177:0404021720}{451:0}}{1:F01VZCRVECAAXXX5410610696}{2:09501717040402VZCRVECAAXXX40812675430404021720N}{3:{108:SCONNECT}}{4:
:20:MI080310
:25:2222222222
:28C:0328/025
:60M:C080310VEF000002151336,94
:61:080310C000000003000,00NTRF000010032008//180006
PAGO
:61:080310C000000000200,00NTRF000010032008//180006
PAGO
:61:080310C000000004000,00NTRF000010032008//180006
PAGO
:61:080310C000000000200,00NTRF000010032008//180006
PAGO
:61:080310C000000001500,00NTRF000010032008//180006
PAGO
:61:080310C000000000500,00NTRF000010032008//180006
PAGO
:61:080310C000000000700,00NTRF000010032008//180006
PAGO
:61:080310C000000000115,00NTRF000010032008//180006
PAGO
:61:080310C000000000200,00NTRF000010032008//180006
PAGO
:62M:C080310VEF000002161751,94
-}{5:{CHK:1143FB20924B}}{S:{COP:S}}${1:F21VZCRVECAAXXX5410610696}{4:{177:0404021720}{451:0}}{1:F01VZCRVECAAXXX5410610696}{2:09501717040402VZCRVECAAXXX40812675430404021720N}{3:{108:SCONNECT}}{4:
:20:MI080310
:25:2222222222
:28C:0328/026
:60M:C080310VEF000002161751,94
:61:080310C000000000509,00NTRF000000298257//180006
PAGO
:61:080310C000000001280,08NTRF000003681786//180006
PAGO
:61:080310C000000002091,22NTRF000003682110//180006
PAGO
:61:080310C000000008851,27NTRF000003682169//180006
PAGO
:61:080310C000000002048,81NTRF000003682092//180006
PAGO
:61:080310C000000000087,59NTRF000003681978//180006
PAGO
:61:080310C000000000047,07NTRF000003681876//180006
PAGO
:61:080310C000000003032,60NTRF000003681695//180006
PAGO
:61:080310C000000004601,25NTRF000003681706//180006
PAGO
:62M:C080310VEF000002184300,83
-}{5:{CHK:1143FB20924B}}{S:{COP:S}}${1:F21VZCRVECAAXXX5410610696}{4:{177:0404021720}{451:0}}{1:F01VZCRVECAAXXX5410610696}{2:09501717040402VZCRVECAAXXX40812675430404021720N}{3:{108:SCONNECT}}{4:
:20:MI080310
:25:2222222222
:28C:0328/027
:60M:C080310VEF000002184300,83
:61:080310C000000000550,00NTRF000000296769//180006
PAGO
:61:080310C000000000150,00NTRF000000296798//180006
PAGO
:61:080310C000000001000,00NTRF000000296830//180006
PAGO
:61:080310C000000000000,01NTRF000002314085//180006
PAGO
:61:080310C000000002187,35NTRF000002314086//180006
PAGO
:61:080310C000000003039,48NTRF000003681504//180006
PAGO
:61:080310C000000001012,69NTRF000003681508//180006
PAGO
:61:080310C000000001050,30NTRF000003681551//180006
PAGO
:61:080310C000000000564,05NTRF000003681554//180006
PAGO
:62M:C080310VEF000002193854,71
-}{5:{CHK:1143FB20924B}}{S:{COP:S}}${1:F21VZCRVECAAXXX5410610696}{4:{177:0404021720}{451:0}}{1:F01VZCRVECAAXXX5410610696}{2:09501717040402VZCRVECAAXXX40812675430404021720N}{3:{108:SCONNECT}}{4:
:20:MI080310
:25:2222222222
:28C:0328/028
:60M:C080310VEF000002193854,71
:61:080310C000000002087,18NTRF000003681613//180006
PAGO
:61:080310C000000000449,91NTRF000003681617//180006
PAGO
:61:080310C000000047763,80NTRF000003681622//180006
PAGO
:61:080310C000000249559,53NTRF000003681645//180006
PAGO
:61:080310C000000002045,00NTRF000003681648//180006
PAGO
:61:080310C000000000802,00NTRF000003681651//180006
PAGO
:61:080310C000000019423,96NTRF000003681655//180006
PAGO
:61:080310C000000008202,32NTRF000003682313//180006
PAGO
:61:080310C000000001010,95NTRF000003682368//180006
PAGO
:62M:C080310VEF000002525199,36
-}{5:{CHK:1143FB20924B}}{S:{COP:S}}${1:F21VZCRVECAAXXX5410610696}{4:{177:0404021720}{451:0}}{1:F01VZCRVECAAXXX5410610696}{2:09501717040402VZCRVECAAXXX40812675430404021720N}{3:{108:SCONNECT}}{4:
:20:MI080310
:25:2222222222
:28C:0328/029
:60M:C080310VEF000002525199,36
:61:080310C000000016443,21NTRF000003682405//180006
PAGO
:61:080310C000000001112,38NTRF000003682594//180006
PAGO
:61:080310C000000001225,00NTRF000000298139//180006
PAGO
:61:080310C000000000460,00NTRF000000298144//180006
PAGO
:61:080310C000000000120,00NTRF000000298185//180006
PAGO
:61:080310C000000000900,00NTRF000003681546//180006
PAGO
:61:080310C000000000653,63NTRF000003681547//180006
PAGO
:61:080310C000000000196,82NTRF000003681513//180006
PAGO
:61:080310C000000000140,04NTRF000003681519//180006
PAGO
:62M:C080310VEF000002546450,44
-}{5:{CHK:1143FB20924B}}{S:{COP:S}}${1:F21VZCRVECAAXXX5410610696}{4:{177:0404021720}{451:0}}{1:F01VZCRVECAAXXX5410610696}{2:09501717040402VZCRVECAAXXX40812675430404021720N}{3:{108:SCONNECT}}{4:
:20:MI080310
:25:2222222222
:28C:0328/030
:60M:C080310VEF000002546450,44
:61:080310C000000012030,00NTRF000003681521//180006
PAGO
:61:080310C000000002711,91NTRF000003681535//180006
PAGO
:61:080310C000000000220,55NTRF000003681542//180006
PAGO
:61:080310C000000000170,00NTRF000003681544//180006
PAGO
:61:080310C000000000310,00NTRF000000296267//180006
PAGO
:61:080310C000000000500,00NTRF000000296670//180006
PAGO
:61:080310C000000000500,00NTRF000000296672//180006
PAGO
:61:080310C000000002000,00NTRF000000296688//180006
PAGO
:61:080310C000000007000,00NTRF000000295734//180006
PAGO
:62M:C080310VEF000002571892,90
-}{5:{CHK:1143FB20924B}}{S:{COP:S}}${1:F21VZCRVECAAXXX5410610696}{4:{177:0404021720}{451:0}}{1:F01VZCRVECAAXXX5410610696}{2:09501717040402VZCRVECAAXXX40812675430404021720N}{3:{108:SCONNECT}}{4:
:20:MI080310
:25:2222222222
:28C:0328/031
:60M:C080310VEF000002571892,90
:61:080310C000000002050,00NTRF000000295812//180006
PAGO
:61:080310C000000005000,00NTRF000000295813//180006
PAGO
:61:080310C000000001000,00NTRF000000295919//180006
PAGO
:61:080310C000000000050,00NTRF000000295998//180006
PAGO
:61:080310C000000001000,00NTRF000000295187//180006
PAGO
:61:080310C000000001000,00NTRF000000295198//180006
PAGO
:61:080310C000000010000,00NTRF000000295202//180006
PAGO
:61:080310C000000000550,00NTRF000000295273//180006
PAGO
:61:080310C000000000559,00NTRF000000295343//180006
PAGO
:62M:C080310VEF000002593101,90
-}{5:{CHK:1143FB20924B}}{S:{COP:S}}${1:F21VZCRVECAAXXX5410610696}{4:{177:0404021720}{451:0}}{1:F01VZCRVECAAXXX5410610696}{2:09501717040402VZCRVECAAXXX40812675430404021720N}{3:{108:SCONNECT}}{4:
:20:MI080310
:25:2222222222
:28C:0328/032
:60M:C080310VEF000002593101,90
:61:080310C000000004788,00NTRF000000295396//180006
PAGO
:61:080310C000000004500,00NTRF000000295450//180006
PAGO
:61:080310C000000002000,00NTRF000000295470//180006
PAGO
:61:080310C000000001500,00NTRF000000295522//180006
PAGO
:61:080310C000000000025,00NTRF000000295569//180006
PAGO
:61:080310C000000003000,00NTRF000000295584//180006
PAGO
:61:080310C000000001800,00NTRF000000295594//180006
PAGO
:61:080310C000000001000,00NTRF000000294744//180006
PAGO
:61:080310C000000001000,00NTRF000000294745//180006
PAGO
:62M:C080310VEF000002612714,90
-}{5:{CHK:1143FB20924B}}{S:{COP:S}}${1:F21VZCRVECAAXXX5410610696}{4:{177:0404021720}{451:0}}{1:F01VZCRVECAAXXX5410610696}{2:09501717040402VZCRVECAAXXX40812675430404021720N}{3:{108:SCONNECT}}{4:
:20:MI080310
:25:2222222222
:28C:0328/033
:60M:C080310VEF000002612714,90
:61:080310C000000007000,00NTRF000000294746//180006
PAGO
:61:080310C000000001000,00NTRF000000294749//180006
PAGO
:61:080310C000000000200,00NTRF000000294752//180006
PAGO
:61:080310C000000000160,00NTRF000000294773//180006
PAGO
:61:080310C000000000800,00NTRF000000294801//180006
PAGO
:61:080310C000000003000,00NTRF000000294850//180006
PAGO
:61:080310C000000001630,00NTRF000000294856//180006
PAGO
:61:080310C000000000090,00NTRF000000295016//180006
PAGO
:61:080310C000000002100,00NTRF000000295060//180006
PAGO
:62M:C080310VEF000002628694,90
-}{5:{CHK:1143FB20924B}}{S:{COP:S}}${1:F21VZCRVECAAXXX5410610696}{4:{177:0404021720}{451:0}}{1:F01VZCRVECAAXXX5410610696}{2:09501717040402VZCRVECAAXXX40812675430404021720N}{3:{108:SCONNECT}}{4:
:20:MI080310
:25:2222222222
:28C:0328/034
:60M:C080310VEF000002628694,90
:61:080310C000000000075,00NTRF000000295106//180006
PAGO
:61:080310C000000003344,00NTRF000000295145//180006
PAGO
:61:080310C000000002000,00NTRF000000294506//180006
PAGO
:61:080310C000000000280,00NTRF000000294507//180006
PAGO
:61:080310C000000010000,00NTRF000000294520//180006
PAGO
:61:080310C000000000107,00NTRF000000294598//180006
PAGO
:61:080310C000000001300,00NTRF000000294606//180006
PAGO
:61:080310C000000000200,00NTRF000000294650//180006
PAGO
:61:080310C000000000300,00NTRF000000294657//180006
PAGO
:62M:C080310VEF000002646300,90
-}{5:{CHK:1143FB20924B}}{S:{COP:S}}${1:F21VZCRVECAAXXX5410610696}{4:{177:0404021720}{451:0}}{1:F01VZCRVECAAXXX5410610696}{2:09501717040402VZCRVECAAXXX40812675430404021720N}{3:{108:SCONNECT}}{4:
:20:MI080310
:25:2222222222
:28C:0328/035
:60M:C080310VEF000002646300,90
:61:080310C000000002000,00NTRF000000294677//180006
PAGO
:61:080310C000000003000,00NTRF000000294678//180006
PAGO
:61:080310C000000000250,00NTRF000000294700//180006
PAGO
:61:080310C000000000250,00NTRF000000294716//180006
PAGO
:61:080310C000000000100,00NTRF000000294727//180006
PAGO
:61:080310C000000001000,00NTRF000000294743//180006
PAGO
:61:080310C000000000380,00NTRF000000294170//180006
PAGO
:61:080310C000000001000,00NTRF000000294204//180006
PAGO
:61:080310C000000000100,00NTRF000000294244//180006
PAGO
:62M:C080310VEF000002654380,90
-}{5:{CHK:1143FB20924B}}{S:{COP:S}}${1:F21VZCRVECAAXXX5410610696}{4:{177:0404021720}{451:0}}{1:F01VZCRVECAAXXX5410610696}{2:09501717040402VZCRVECAAXXX40812675430404021720N}{3:{108:SCONNECT}}{4:
:20:MI080310
:25:2222222222
:28C:0328/036
:60M:C080310VEF000002654380,90
:61:080310C000000000200,00NTRF000000294254//180006
PAGO
:61:080310C000000003000,00NTRF000000294321//180006
PAGO
:61:080310C000000001700,00NTRF000000294350//180006
PAGO
:61:080310C000000000300,00NTRF000000294356//180006
PAGO
:61:080310C000000000100,00NTRF000000294415//180006
PAGO
:61:080310C000000000001,91NTRF000000294459//180006
PAGO
:61:080310C000000001000,00NTRF000000294464//180006
PAGO
:61:080310C000000004800,00NTRF000000294473//180006
PAGO
:61:080310C000000000487,03NTRF000000294495//180006
PAGO
:62M:C080310VEF000002665969,84
-}{5:{CHK:1143FB20924B}}{S:{COP:S}}${1:F21VZCRVECAAXXX5410610696}{4:{177:0404021720}{451:0}}{1:F01VZCRVECAAXXX5410610696}{2:09501717040402VZCRVECAAXXX40812675430404021720N}{3:{108:SCONNECT}}{4:
:20:MI080310
:25:2222222222
:28C:0328/037
:60M:C080310VEF000002665969,84
:61:080310C000000000085,40NTRF000000294498//180006
PAGO
:61:080310C000000000440,00NTRF000000293498//180006
PAGO
:61:080310C000000000120,00NTRF000000293519//180006
PAGO
:61:080310C000000002581,30NTRF000000293534//180006
PAGO
:61:080310C000000000100,00NTRF000000293543//180006
PAGO
:61:080310C000000001200,00NTRF000000293568//180006
PAGO
:61:080310C000000017000,00NTRF000000293623//180006
PAGO
:61:080310C000000000500,00NTRF000000293721//180006
PAGO
:61:080310C000000000400,00NTRF000000293763//180006
PAGO
:62M:C080310VEF000002688396,54
-}{5:{CHK:1143FB20924B}}{S:{COP:S}}${1:F21VZCRVECAAXXX5410610696}{4:{177:0404021720}{451:0}}{1:F01VZCRVECAAXXX5410610696}{2:09501717040402VZCRVECAAXXX40812675430404021720N}{3:{108:SCONNECT}}{4:
:20:MI080310
:25:2222222222
:28C:0328/038
:60M:C080310VEF000002688396,54
:61:080310C000000000420,00NTRF000000293795//180006
PAGO
:61:080310C000000000210,00NTRF000000293818//180006
PAGO
:61:080310C000000002000,00NTRF000000293874//180006
PAGO
:61:080310C000000001800,00NTRF000000293919//180006
PAGO
:61:080310C000000000500,00NTRF000000294054//180006
PAGO
:61:080310C000000000010,00NTRF000000292935//180006
PAGO
:61:080310C000000000500,00NTRF000000292938//180006
PAGO
:61:080310C000000001000,00NTRF000000292965//180006
PAGO
:61:080310C000000000500,00NTRF000000293049//180006
PAGO
:62M:C080310VEF000002695336,54
-}{5:{CHK:1143FB20924B}}{S:{COP:S}}${1:F21VZCRVECAAXXX5410610696}{4:{177:0404021720}{451:0}}{1:F01VZCRVECAAXXX5410610696}{2:09501717040402VZCRVECAAXXX40812675430404021720N}{3:{108:SCONNECT}}{4:
:20:MI080310
:25:2222222222
:28C:0328/039
:60M:C080310VEF000002695336,54
:61:080310C000000000100,00NTRF000000293092//180006
PAGO
:61:080310C000000000100,00NTRF000000293226//180006
PAGO
:61:080310C000000000087,10NTRF000000293334//180006
PAGO
:61:080310C000000000300,00NTRF000000293397//180006
PAGO
:61:080310C000000000587,00NTRF000000293417//180006
PAGO
:61:080310C000000004111,15NTRF000000293428//180006
PAGO
:61:080310C000000010000,00NTRF000000293454//180006
PAGO
:61:080310C000000000100,00NTRF000000293492//180006
PAGO
:61:080310C000000000400,00NTRF000000293493//180006
PAGO
:62M:C080310VEF000002711121,79
-}{5:{CHK:1143FB20924B}}{S:{COP:S}}${1:F21VZCRVECAAXXX5410610696}{4:{177:0404021720}{451:0}}{1:F01VZCRVECAAXXX5410610696}{2:09501717040402VZCRVECAAXXX40812675430404021720N}{3:{108:SCONNECT}}{4:
:20:MI080310
:25:2222222222
:28C:0328/040
:60M:C080310VEF000002711121,79
:61:080310C000000002000,00NTRF000000292746//180006
PAGO
:61:080310C000000001800,00NTRF000000292761//180006
PAGO
:61:080310C000000001764,00NTRF000000292882//180006
PAGO
:61:080310C000000000550,00NTRF000000292933//180006
PAGO
:61:080310C000000008800,00NTRF000000296054//180006
PAGO
:61:080310C000000000500,00NTRF000000296097//180006
PAGO
:61:080310C000000001000,00NTRF000000296142//180006
PAGO
:61:080310C000000000337,50NTRF000000296226//180006
PAGO
:61:080310C000000001750,00NTRF000000296252//180006
PAGO
:62M:C080310VEF000002729623,29
-}{5:{CHK:1143FB20924B}}{S:{COP:S}}${1:F21VZCRVECAAXXX5410610696}{4:{177:0404021720}{451:0}}{1:F01VZCRVECAAXXX5410610696}{2:09501717040402VZCRVECAAXXX40812675430404021720N}{3:{108:SCONNECT}}{4:
:20:MI080310
:25:2222222222
:28C:0328/041
:60M:C080310VEF000002729623,29
:61:080310C000000002000,00NTRF000000296254//180006
PAGO
:61:080310C000000000323,40NTRF000000296258//180006
PAGO
:61:080310C000000000064,68NTRF000000296262//180006
PAGO
:61:080310C000000000096,00NTRF000000295165//180006
PAGO
:61:080310C000000001400,00NTRF000000296276//180006
PAGO
:61:080310C000000005000,00NTRF000000296354//180006
PAGO
:61:080310C000000000700,00NTRF000000296372//180006
PAGO
:61:080310C000000001000,00NTRF000000296373//180006
PAGO
:61:080310C000000000300,00NTRF000000296388//180006
PAGO
:62M:C080310VEF000002740507,37
-}{5:{CHK:1143FB20924B}}{S:{COP:S}}${1:F21VZCRVECAAXXX5410610696}{4:{177:0404021720}{451:0}}{1:F01VZCRVECAAXXX5410610696}{2:09501717040402VZCRVECAAXXX40812675430404021720N}{3:{108:SCONNECT}}{4:
:20:MI080310
:25:2222222222
:28C:0328/042
:60M:C080310VEF000002740507,37
:61:080310C000000000500,00NTRF000000296454//180006
PAGO
:61:080310C000000000500,00NTRF000000296536//180006
PAGO
:61:080310C000000003380,00NTRF000000296641//180006
PAGO
:61:080310C000000000500,00NTRF000000296669//180006
PAGO
:61:080310C000000000120,00NTRF000000298243//180006
PAGO
:61:080310C000000000166,29NTRF000053365454//180006
PAGO
:61:080310C000000000701,75NTRF000053381543//180006
PAGO
:61:080310C000000000192,50NTRF000053371242//180006
PAGO
:61:080310C000000001261,00NTRF000053371581//180006
PAGO
:62M:C080310VEF000002747828,91
-}{5:{CHK:1143FB20924B}}{S:{COP:S}}${1:F21VZCRVECAAXXX5410610696}{4:{177:0404021720}{451:0}}{1:F01VZCRVECAAXXX5410610696}{2:09501717040402VZCRVECAAXXX40812675430404021720N}{3:{108:SCONNECT}}{4:
:20:MI080310
:25:2222222222
:28C:0328/043
:60M:C080310VEF000002747828,91
:61:080310C000000009787,48NTRF000053383912//180006
PAGO
:61:080310C000000048906,18NTRF000053381764//180006
PAGO
:61:080310C000000000560,46NTRF000053382840//180006
PAGO
:61:080310C000000001352,31NTRF000053383256//180006
PAGO
:61:080310C000000004087,96NTRF000053382265//180006
PAGO
:61:080310C000000006206,03NTRF000053383245//180006
PAGO
:61:080310C000000000322,00NTRF000053373165//180006
PAGO
:61:080310C000000001036,00NTRF000053373143//180006
PAGO
:61:080310C000000000923,50NTRF000053372325//180006
PAGO
:62M:C080310VEF000002821010,83
-}{5:{CHK:1143FB20924B}}{S:{COP:S}}${1:F21VZCRVECAAXXX5410610696}{4:{177:0404021720}{451:0}}{1:F01VZCRVECAAXXX5410610696}{2:09501717040402VZCRVECAAXXX40812675430404021720N}{3:{108:SCONNECT}}{4:
:20:MI080310
:25:2222222222
:28C:0328/044
:60M:C080310VEF000002821010,83
:61:080310C000000002620,00NTRF000053372060//180006
PAGO
:61:080310C000000042620,86NTRF000053376186//180006
PAGO
:61:080310C000000010025,00NTRF000053376260//180006
PAGO
:61:080310C000000001030,00NTRF000053372045//180006
PAGO
:61:080310C000000000245,92NTRF000053377940//180006
PAGO
:61:080310C000000000984,10NTRF000053377623//180006
PAGO
:61:080310C000000002596,90NTRF000053366202//180006
PAGO
:61:080310C000000011970,44NTRF000053382081//180006
PAGO
:61:080310C000000004812,00NTRF000053383853//180006
PAGO
:62M:C080310VEF000002897916,05
-}{5:{CHK:1143FB20924B}}{S:{COP:S}}${1:F21VZCRVECAAXXX5410610696}{4:{177:0404021720}{451:0}}{1:F01VZCRVECAAXXX5410610696}{2:09501717040402VZCRVECAAXXX40812675430404021720N}{3:{108:SCONNECT}}{4:
:20:MI080310
:25:2222222222
:28C:0328/045
:60M:C080310VEF000002897916,05
:61:080310C000000001834,47NTRF000053376945//180006
PAGO
:61:080310C000000012690,05NTRF000053366644//180006
PAGO
:61:080310C000000001333,03NTRF000053381565//180006
PAGO
:61:080310C000000000080,00NTRF000053371220//180006
PAGO
:61:080310C000000002742,16NTRF000053365605//180006
PAGO
:61:080310C000000005772,20NTRF000053378146//180006
PAGO
:61:080310C000000002000,00NTRF000053371603//180006
PAGO
:61:080310C000000001500,00NTRF000053364566//180006
PAGO
:61:080310C000000000160,00NTRF000053325156//180006
PAGO
:62M:C080310VEF000002926027,96
-}{5:{CHK:1143FB20924B}}{S:{COP:S}}${1:F21VZCRVECAAXXX5410610696}{4:{177:0404021720}{451:0}}{1:F01VZCRVECAAXXX5410610696}{2:09501717040402VZCRVECAAXXX40812675430404021720N}{3:{108:SCONNECT}}{4:
:20:MI080310
:25:2222222222
:28C:0328/046
:60M:C080310VEF000002926027,96
:61:080310C000000000120,00NTRF000053328446//180006
PAGO
:61:080310C000000000125,00NTRF000053343861//180006
PAGO
:61:080310C000000000450,00NTRF000053354302//180006
PAGO
:61:080310C000000002000,00NTRF000053354792//180006
PAGO
:61:080310C000000002000,00NTRF000053358944//180006
PAGO
:61:080310C000000000800,00NTRF000053359880//180006
PAGO
:61:080310C000000000350,00NTRF000053351421//180006
PAGO
:61:080310C000000000150,00NTRF000053351653//180006
PAGO
:61:080310C000000002250,00NTRF000053353672//180006
PAGO
:62M:C080310VEF000002934272,96
-}{5:{CHK:1143FB20924B}}{S:{COP:S}}${1:F21VZCRVECAAXXX5410610696}{4:{177:0404021720}{451:0}}{1:F01VZCRVECAAXXX5410610696}{2:09501717040402VZCRVECAAXXX40812675430404021720N}{3:{108:SCONNECT}}{4:
:20:MI080310
:25:2222222222
:28C:0328/047
:60M:C080310VEF000002934272,96
:61:080310C000000000800,00NTRF000053330056//180006
PAGO
:61:080310C000000000210,00NTRF000053331390//180006
PAGO
:61:080310C000000002000,00NTRF000053332580//180006
PAGO
:61:080310C000000001000,00NTRF000053339226//180006
PAGO
:61:080310C000000002000,00NTRF000053339366//180006
PAGO
:61:080310C000000000008,24NTRF000053339506//180006
PAGO
:61:080310C000000002200,00NTRF000053339823//180006
PAGO
:61:080310C000000000150,00NTRF000053340162//180006
PAGO
:61:080310C000000002200,00NTRF000053341035//180006
PAGO
:62M:C080310VEF000002944841,20
-}{5:{CHK:1143FB20924B}}{S:{COP:S}}${1:F21VZCRVECAAXXX5410610696}{4:{177:0404021720}{451:0}}{1:F01VZCRVECAAXXX5410610696}{2:09501717040402VZCRVECAAXXX40812675430404021720N}{3:{108:SCONNECT}}{4:
:20:MI080310
:25:2222222222
:28C:0328/048
:60M:C080310VEF000002944841,20
:61:080310C000000000971,50NTRF000053342166//180006
PAGO
:61:080310C000000000230,00NTRF000053344281//180006
PAGO
:61:080310C000000000500,00NTRF000053350710//180006
PAGO
:61:080310C000000000150,00NTRF000053361615//180006
PAGO
:61:080310C000000001250,00NTRF000053363251//180006
PAGO
:61:080310C000000003479,00NTRF000053363601//180006
PAGO
:61:080310C000000000230,00NTRF000053315780//180006
PAGO
:61:080310C000000000871,00NTRF000053317832//180006
PAGO
:61:080310C000000000400,00NTRF000053317935//180006
PAGO
:62M:C080310VEF000002952922,70
-}{5:{CHK:1143FB20924B}}{S:{COP:S}}${1:F21VZCRVECAAXXX5410610696}{4:{177:0404021720}{451:0}}{1:F01VZCRVECAAXXX5410610696}{2:09501717040402VZCRVECAAXXX40812675430404021720N}{3:{108:SCONNECT}}{4:
:20:MI080310
:25:2222222222
:28C:0328/049
:60M:C080310VEF000002952922,70
:61:080310C000000000300,00NTRF000053319766//180006
PAGO
:61:080310C000000002500,00NTRF000053321564//180006
PAGO
:61:080310C000000002500,00NTRF000053335446//180006
PAGO
:61:080310C000000000100,00NTRF000053361442//180006
PAGO
:61:080310C000000000607,20NTRF000053359106//180006
PAGO
:61:080310C000000002100,00NTRF000053358760//180006
PAGO
:61:080310C000000000513,84NTRF000053354501//180006
PAGO
:61:080310C000000000400,00NTRF000053343942//180006
PAGO
:61:080310C000000400000,00NTRF000053324530//180006
PAGO
:62M:C080310VEF000003361943,74
-}{5:{CHK:1143FB20924B}}{S:{COP:S}}${1:F21VZCRVECAAXXX5410610696}{4:{177:0404021720}{451:0}}{1:F01VZCRVECAAXXX5410610696}{2:09501717040402VZCRVECAAXXX40812675430404021720N}{3:{108:SCONNECT}}{4:
:20:MI080310
:25:2222222222
:28C:0328/050
:60M:C080310VEF000003361943,74
:61:080310C000000001000,00NTRF000053324073//180006
PAGO
:61:080310C000000000229,00NTRF000053323130//180006
PAGO
:61:080310C000000000100,00NTRF000053321870//180006
PAGO
:61:080310C000000000200,00NTRF000053350651//180006
PAGO
:61:080310C000000001000,00NTRF000053322533//180006
PAGO
:61:080310C000000001000,00NTRF000053350231//180006
PAGO
:61:080310C000000000800,00NTRF000007032008//180006
PAGO
:61:080310C000000001150,00NTRF000007032008//180006
PAGO
:61:080310C000000001800,00NTRF000007032008//180006
PAGO
:62M:C080310VEF000003369222,74
-}{5:{CHK:1143FB20924B}}{S:{COP:S}}${1:F21VZCRVECAAXXX5410610696}{4:{177:0404021720}{451:0}}{1:F01VZCRVECAAXXX5410610696}{2:09501717040402VZCRVECAAXXX40812675430404021720N}{3:{108:SCONNECT}}{4:
:20:MI080310
:25:2222222222
:28C:0328/051
:60M:C080310VEF000003369222,74
:61:080310C000000000300,00NTRF000007032008//180006
PAGO
:61:080310C000000002900,00NTRF000007032008//180006
PAGO
:61:080310C000000001000,00NTRF000007032008//180006
PAGO
:61:080310C000000000325,00NTRF000007032008//180006
PAGO
:61:080310C000000000150,00NTRF000007032008//180006
PAGO
:61:080310C000000000500,00NTRF000007032008//180006
PAGO
:61:080310C000000000300,00NTRF000007032008//180006
PAGO
:61:080310C000000000200,00NTRF000007032008//180006
PAGO
:61:080310C000000004791,00NTRF000007032008//180006
PAGO
:62M:C080310VEF000003379688,74
-}{5:{CHK:1143FB20924B}}{S:{COP:S}}${1:F21VZCRVECAAXXX5410610696}{4:{177:0404021720}{451:0}}{1:F01VZCRVECAAXXX5410610696}{2:09501717040402VZCRVECAAXXX40812675430404021720N}{3:{108:SCONNECT}}{4:
:20:MI080310
:25:2222222222
:28C:0328/052
:60M:C080310VEF000003379688,74
:61:080310C000000024707,98NTRF000007032008//180006
PAGO
:61:080310C000000000150,00NTRF000007032008//180006
PAGO
:61:080310C000000000500,00NTRF000007032008//180006
PAGO
:61:080310C000000000200,00NTRF000007032008//180006
PAGO
:61:080310C000000000115,67NTRF000007032008//180006
PAGO
:61:080310C000000000456,10NTRF000003680777//180006
PAGO
:61:080310C000000000177,00NTRF000003680778//180006
PAGO
:61:080310C000000000510,56NTRF000003680779//180006
PAGO
:61:080310C000000000988,06NTRF000003680780//180006
PAGO
:62M:C080310VEF000003407494,11
-}{5:{CHK:1143FB20924B}}{S:{COP:S}}${1:F21VZCRVECAAXXX5410610696}{4:{177:0404021720}{451:0}}{1:F01VZCRVECAAXXX5410610696}{2:09501717040402VZCRVECAAXXX40812675430404021720N}{3:{108:SCONNECT}}{4:
:20:MI080310
:25:2222222222
:28C:0328/053
:60M:C080310VEF000003407494,11
:61:080310C000000000318,98NTRF000003680781//180006
PAGO
:61:080310C000000000177,00NTRF000003680782//180006
PAGO
:61:080310C000000000760,50NTRF000003680783//180006
PAGO
:61:080310C000000000313,15NTRF000003680784//180006
PAGO
:61:080310C000000005241,78NTRF000003681157//180006
PAGO
:61:080310C000000050120,68NTRF000003681165//180006
PAGO
:61:080310C000000052604,83NTRF000003681223//180006
PAGO
:61:080310C000000000723,66NTRF000003681262//180006
PAGO
:61:080310C000000000245,92NTRF000003681439//180006
PAGO
:62M:C080310VEF000003518000,61
-}{5:{CHK:1143FB20924B}}{S:{COP:S}}${1:F21VZCRVECAAXXX5410610696}{4:{177:0404021720}{451:0}}{1:F01VZCRVECAAXXX5410610696}{2:09501717040402VZCRVECAAXXX40812675430404021720N}{3:{108:SCONNECT}}{4:
:20:MI080310
:25:2222222222
:28C:0328/054
:60M:C080310VEF000003518000,61
:61:080310C000000000234,52NTRF000003681440//180006
PAGO
:61:080310C000000001994,97NTRF000003681461//180006
PAGO
:61:080310C000000019406,39NTRF000003681479//180006
PAGO
:61:080310C000000000193,53NTRF000003680775//180006
PAGO
:61:080310C000000000250,00NTRF000000292617//180006
PAGO
:61:080310C000000025000,00NTRF000000292567//180006
PAGO
:61:080310C000000000300,00NTRF000000292481//180006
PAGO
:61:080310C000000008000,00NTRF000000292504//180006
PAGO
:61:080310C000000000557,00NTRF000000292535//180006
PAGO
:62M:C080310VEF000003573937,02
-}{5:{CHK:1143FB20924B}}{S:{COP:S}}${1:F21VZCRVECAAXXX5410610696}{4:{177:0404021720}{451:0}}{1:F01VZCRVECAAXXX5410610696}{2:09501717040402VZCRVECAAXXX40812675430404021720N}{3:{108:SCONNECT}}{4:
:20:MI080310
:25:2222222222
:28C:0328/055
:60M:C080310VEF000003573937,02
:61:080310C000000000760,00NTRF000000292518//180006
PAGO
:61:080310C000000208204,93NTRF000003681503//180006
PAGO
:61:080310C000000000900,00NTRF000003681502//180006
PAGO
:61:080310C000000032184,04NTRF000003681496//180006
PAGO
:61:080310C000000000500,00NTRF000000292608//180006
PAGO
:61:080310C000000000185,75NTRF000003680797//180006
PAGO
:61:080310C000000000335,38NTRF000003680798//180006
PAGO
:61:080310C000000000155,60NTRF000003680814//180006
PAGO
:61:080310C000000000418,18NTRF000003680840//180006
PAGO
:62M:C080310VEF000003817580,90
-}{5:{CHK:1143FB20924B}}{S:{COP:S}}${1:F21VZCRVECAAXXX5410610696}{4:{177:0404021720}{451:0}}{1:F01VZCRVECAAXXX5410610696}{2:09501717040402VZCRVECAAXXX40812675430404021720N}{3:{108:SCONNECT}}{4:
:20:MI080310
:25:2222222222
:28C:0328/056
:60M:C080310VEF000003817580,90
:61:080310C000000022912,10NTRF000003681148//180006
PAGO
:61:080310C000000000079,75NTRF000003680794//180006
PAGO
:61:080310C000000000618,51NTRF000003680795//180006
PAGO
:61:080310C000000000280,08NTRF000003680796//180006
PAGO
:61:080310C000000000193,53NTRF000003680755//180006
PAGO
:61:080310C000000000429,85NTRF000003680756//180006
PAGO
:61:080310C000000000443,46NTRF000003680757//180006
PAGO
:61:080310C000000000559,19NTRF000003680758//180006
PAGO
:61:080310C000000000852,88NTRF000003680759//180006
PAGO
:62M:C080310VEF000003843950,25
-}{5:{CHK:1143FB20924B}}{S:{COP:S}}${1:F21VZCRVECAAXXX5410610696}{4:{177:0404021720}{451:0}}{1:F01VZCRVECAAXXX5410610696}{2:09501717040402VZCRVECAAXXX40812675430404021720N}{3:{108:SCONNECT}}{4:
:20:MI080310
:25:2222222222
:28C:0328/057
:60M:C080310VEF000003843950,25
:61:080310C000000000110,00NTRF000000291222//180006
PAGO
:61:080310C000000001000,00NTRF000000291227//180006
PAGO
:61:080310C000000001000,00NTRF000000291230//180006
PAGO
:61:080310C000000004600,00NTRF000000291262//180006
PAGO
:61:080310C000000000042,00NTRF000000291283//180006
PAGO
:61:080310C000000000480,00NTRF000000291306//180006
PAGO
:61:080310C000000002000,00NTRF000000291341//180006
PAGO
:61:080310C000000000665,00NTRF000002313977//180006
PAGO
:61:080310C000000001000,00NTRF000000290737//180006
PAGO
:62M:C080310VEF000003854847,25
-}{5:{CHK:1143FB20924B}}{S:{COP:S}}${1:F21VZCRVECAAXXX5410610696}{4:{177:0404021720}{451:0}}{1:F01VZCRVECAAXXX5410610696}{2:09501717040402VZCRVECAAXXX40812675430404021720N}{3:{108:SCONNECT}}{4:
:20:MI080310
:25:2222222222
:28C:0328/058
:60M:C080310VEF000003854847,25
:61:080310C000000000650,00NTRF000000290739//180006
PAGO
:61:080310C000000001100,00NTRF000000290755//180006
PAGO
:61:080310C000000005000,00NTRF000000290787//180006
PAGO
:61:080310C000000000080,00NTRF000000290912//180006
PAGO
:61:080310C000000001350,00NTRF000000291103//180006
PAGO
:61:080310C000000008000,00NTRF000000291158//180006
PAGO
:61:080310C000000000029,44NTRF000003680498//180006
PAGO
:61:080310C000000001106,51NTRF000003680499//180006
PAGO
:61:080310C000000001825,00NTRF000000290633//180006
PAGO
:62M:C080310VEF000003873988,20
-}{5:{CHK:1143FB20924B}}{S:{COP:S}}${1:F21VZCRVECAAXXX5410610696}{4:{177:0404021720}{451:0}}{1:F01VZCRVECAAXXX5410610696}{2:09501717040402VZCRVECAAXXX40812675430404021720N}{3:{108:SCONNECT}}{4:
:20:MI080310
:25:2222222222
:28C:0328/059
:60M:C080310VEF000003873988,20
:61:080310C000000007500,00NTRF000000290641//180006
PAGO
:61:080310C000000000151,92NTRF000003680455//180006
PAGO
:61:080310C000000000173,46NTRF000003680456//180006
PAGO
:61:080310C000000000476,56NTRF000003680458//180006
PAGO
:61:080310C000000000171,02NTRF000003680459//180006
PAGO
:61:080310C000000000500,00NTRF000000290221//180006
PAGO
:61:080310C000000009000,00NTRF000000290231//180006
PAGO
:61:080310C000000001670,00NTRF000003680382//180006
PAGO
:61:080310C000000000490,80NTRF000003680437//180006
PAGO
:62M:C080310VEF000003894121,96
-}{5:{CHK:1143FB20924B}}{S:{COP:S}}${1:F21VZCRVECAAXXX5410610696}{4:{177:0404021720}{451:0}}{1:F01VZCRVECAAXXX5410610696}{2:09501717040402VZCRVECAAXXX40812675430404021720N}{3:{108:SCONNECT}}{4:
:20:MI080310
:25:2222222222
:28C:0328/060
:60M:C080310VEF000003894121,96
:61:080310C000000000074,02NTRF000003680443//180006
PAGO
:61:080310C000000000120,00NTRF000003680445//180006
PAGO
:61:080310C000000000650,27NTRF000003680446//180006
PAGO
:61:080310C000000000328,82NTRF000003680447//180006
PAGO
:61:080310C000000000203,00NTRF000000289837//180006
PAGO
:61:080310C000000000915,00NTRF000000289853//180006
PAGO
:61:080310C000000001400,00NTRF000000289894//180006
PAGO
:61:080310C000000000495,00NTRF000000289915//180006
PAGO
:61:080310C000000001200,00NTRF000000289944//180006
PAGO
:62M:C080310VEF000003899508,07
-}{5:{CHK:1143FB20924B}}{S:{COP:S}}${1:F21VZCRVECAAXXX5410610696}{4:{177:0404021720}{451:0}}{1:F01VZCRVECAAXXX5410610696}{2:09501717040402VZCRVECAAXXX40812675430404021720N}{3:{108:SCONNECT}}{4:
:20:MI080310
:25:2222222222
:28C:0328/061
:60M:C080310VEF000003899508,07
:61:080310C000000007000,00NTRF000000289971//180006
PAGO
:61:080310C000000000300,00NTRF000000290022//180006
PAGO
:61:080310C000000002778,07NTRF000002313903//180006
PAGO
:61:080310C000000000210,00NTRF000000287013//180006
PAGO
:61:080310C000000001966,98NTRF000000287042//180006
PAGO
:61:080310C000000000140,00NTRF000000287105//180006
PAGO
:61:080310C000000002000,00NTRF000000287172//180006
PAGO
:61:080310C000000001500,00NTRF000000287234//180006
PAGO
:61:080310C000000000150,00NTRF000000287284//180006
PAGO
:62M:C080310VEF000003915553,12
-}{5:{CHK:1143FB20924B}}{S:{COP:S}}${1:F21VZCRVECAAXXX5410610696}{4:{177:0404021720}{451:0}}{1:F01VZCRVECAAXXX5410610696}{2:09501717040402VZCRVECAAXXX40812675430404021720N}{3:{108:SCONNECT}}{4:
:20:MI080310
:25:2222222222
:28C:0328/062
:60M:C080310VEF000003915553,12
:61:080310C000000001400,00NTRF000000286093//180006
PAGO
:61:080310C000000000050,00NTRF000000286100//180006
PAGO
:61:080310C000000000900,00NTRF000000286106//180006
PAGO
:61:080310C000000000750,00NTRF000000286149//180006
PAGO
:61:080310C000000000108,00NTRF000000286182//180006
PAGO
:61:080310C000000001000,00NTRF000000286365//180006
PAGO
:61:080310C000000007831,10NTRF000003679408//180006
PAGO
:61:080310C000000001116,56NTRF000003679440//180006
PAGO
:61:080310C000000035930,60NTRF000003679448//180006
PAGO
:62M:C080310VEF000003964639,38
-}{5:{CHK:1143FB20924B}}{S:{COP:S}}${1:F21VZCRVECAAXXX5410610696}{4:{177:0404021720}{451:0}}{1:F01VZCRVECAAXXX5410610696}{2:09501717040402VZCRVECAAXXX40812675430404021720N}{3:{108:SCONNECT}}{4:
:20:MI080310
:25:2222222222
:28C:0328/063
:60M:C080310VEF000003964639,38
:61:080310C000000190818,70NTRF000003679449//180006
PAGO
:61:080310C000000002974,37NTRF000003679477//180006
PAGO
:61:080310C000000001200,00NTRF000000286558//180006
PAGO
:61:080310C000000000600,00NTRF000000286631//180006
PAGO
:61:080310C000000000297,50NTRF000000290192//180006
PAGO
:61:080310C000000000035,00NTRF000003679828//180006
PAGO
:61:080310C000000000035,00NTRF000003679829//180006
PAGO
:61:080310C000000000035,00NTRF000003679833//180006
PAGO
:61:080310C000000000035,00NTRF000003679836//180006
PAGO
:62M:C080310VEF000004160669,95
-}{5:{CHK:1143FB20924B}}{S:{COP:S}}${1:F21VZCRVECAAXXX5410610696}{4:{177:0404021720}{451:0}}{1:F01VZCRVECAAXXX5410610696}{2:09501717040402VZCRVECAAXXX40812675430404021720N}{3:{108:SCONNECT}}{4:
:20:MI080310
:25:2222222222
:28C:0328/064
:60M:C080310VEF000004160669,95
:61:080310C000000000035,00NTRF000003679838//180006
PAGO
:61:080310C000000099184,14NTRF000003680345//180006
PAGO
:61:080310C000000003297,56NTRF000003680367//180006
PAGO
:61:080310C000000001093,50NTRF000000289522//180006
PAGO
:61:080310C000000000123,00NTRF000000289541//180006
PAGO
:61:080310C000000002000,00NTRF000000289545//180006
PAGO
:61:080310C000000000300,00NTRF000000289576//180006
PAGO
:61:080310C000000001000,00NTRF000000289600//180006
PAGO
:61:080310C000000000344,00NTRF000000288595//180006
PAGO
:62M:C080310VEF000004268047,15
-}{5:{CHK:1143FB20924B}}{S:{COP:S}}${1:F21VZCRVECAAXXX5410610696}{4:{177:0404021720}{451:0}}{1:F01VZCRVECAAXXX5410610696}{2:09501717040402VZCRVECAAXXX40812675430404021720N}{3:{108:SCONNECT}}{4:
:20:MI080310
:25:2222222222
:28C:0328/065
:60M:C080310VEF000004268047,15
:61:080310C000000000906,52NTRF000003679504//180006
PAGO
:61:080310C000000008651,51NTRF000003679572//180006
PAGO
:61:080310C000000002560,00NTRF000003679576//180006
PAGO
:61:080310C000000000245,00NTRF000003679793//180006
PAGO
:61:080310C000000000035,00NTRF000003679799//180006
PAGO
:61:080310C000000000035,00NTRF000003679802//180006
PAGO
:61:080310C000000000035,00NTRF000003679807//180006
PAGO
:61:080310C000000000115,00NTRF000003679809//180006
PAGO
:61:080310C000000000035,00NTRF000003679821//180006
PAGO
:62M:C080310VEF000004280665,18
-}{5:{CHK:1143FB20924B}}{S:{COP:S}}${1:F21VZCRVECAAXXX5410610696}{4:{177:0404021720}{451:0}}{1:F01VZCRVECAAXXX5410610696}{2:09501717040402VZCRVECAAXXX40812675430404021720N}{3:{108:SCONNECT}}{4:
:20:MI080310
:25:2222222222
:28C:0328/066
:60M:C080310VEF000004280665,18
:61:080310C000000000035,00NTRF000003679822//180006
PAGO
:61:080310C000000000035,00NTRF000003679825//180006
PAGO
:61:080310C000000000035,00NTRF000003679826//180006
PAGO
:61:080310C000000001000,00NTRF000000288039//180006
PAGO
:61:080310C000000000450,00NTRF000000288053//180006
PAGO
:61:080310C000000001000,00NTRF000000288194//180006
PAGO
:61:080310C000000002500,00NTRF000000288206//180006
PAGO
:61:080310C000000000054,02NTRF000002313818//180006
PAGO
:61:080310C000000006240,00NTRF000002313819//180006
PAGO
:62M:C080310VEF000004292014,20
-}{5:{CHK:1143FB20924B}}{S:{COP:S}}${1:F21VZCRVECAAXXX5410610696}{4:{177:0404021720}{451:0}}{1:F01VZCRVECAAXXX5410610696}{2:09501717040402VZCRVECAAXXX40812675430404021720N}{3:{108:SCONNECT}}{4:
:20:MI080310
:25:2222222222
:28C:0328/067
:60M:C080310VEF000004292014,20
:61:080310C000000000713,66NTRF000002313820//180006
PAGO
:61:080310C000000003896,98NTRF000002313834//180006
PAGO
:61:080310C000000003375,60NTRF000002313867//180006
PAGO
:61:080310C000000003705,88NTRF000002313868//180006
PAGO
:61:080310C000000004708,00NTRF000002313869//180006
PAGO
:61:080310C000000000364,00NTRF000002313870//180006
PAGO
:61:080310C000000000547,86NTRF000002313871//180006
PAGO
:61:080310C000000001000,00NTRF000000287765//180006
PAGO
:61:080310C000000001000,00NTRF000000287786//180006
PAGO
:62M:C080310VEF000004311326,18
-}{5:{CHK:1143FB20924B}}{S:{COP:S}}${1:F21VZCRVECAAXXX5410610696}{4:{177:0404021720}{451:0}}{1:F01VZCRVECAAXXX5410610696}{2:09501717040402VZCRVECAAXXX40812675430404021720N}{3:{108:SCONNECT}}{4:
:20:MI080310
:25:2222222222
:28C:0328/068
:60M:C080310VEF000004311326,18
:61:080310C000000001000,00NTRF000000287793//180006
PAGO
:61:080310C000000001000,00NTRF000000287800//180006
PAGO
:61:080310C000000001000,00NTRF000000287806//180006
PAGO
:61:080310C000000001000,00NTRF000000287812//180006
PAGO
:61:080310C000000000175,00NTRF000000287923//180006
PAGO
:61:080310C000000011280,00NTRF000000287951//180006
PAGO
:61:080310C000000002500,00NTRF000000287955//180006
PAGO
:61:080310C000000000500,00NTRF000000287967//180006
PAGO
:61:080310C000000000750,00NTRF000000287989//180006
PAGO
:62M:C080310VEF000004330531,18
-}{5:{CHK:1143FB20924B}}{S:{COP:S}}${1:F21VZCRVECAAXXX5410610696}{4:{177:0404021720}{451:0}}{1:F01VZCRVECAAXXX5410610696}{2:09501717040402VZCRVECAAXXX40812675430404021720N}{3:{108:SCONNECT}}{4:
:20:MI080310
:25:2222222222
:28C:0328/069
:60M:C080310VEF000004330531,18
:61:080310C000000001000,00NTRF000000288000//180006
PAGO
:61:080310C000000010000,00NTRF000000288024//180006
PAGO
:61:080310C000000000250,00NTRF000000287304//180006
PAGO
:61:080310C000000001700,00NTRF000000287310//180006
PAGO
:61:080310C000000000030,00NTRF000000287345//180006
PAGO
:61:080310C000000000450,00NTRF000000287353//180006
PAGO
:61:080310C000000001500,00NTRF000000579978//180006
PAGO
:61:080310C000000001000,00NTRF000000579784//180006
PAGO
:61:080310C000000000300,00NTRF000000590967//180006
PAGO
:62M:C080310VEF000004346761,18
-}{5:{CHK:1143FB20924B}}{S:{COP:S}}${1:F21VZCRVECAAXXX5410610696}{4:{177:0404021720}{451:0}}{1:F01VZCRVECAAXXX5410610696}{2:09501717040402VZCRVECAAXXX40812675430404021720N}{3:{108:SCONNECT}}{4:
:20:MI080310
:25:2222222222
:28C:0328/070
:60M:C080310VEF000004346761,18
:61:080310C000000000358,80NTRF000048523031//180006
PAGO
:61:080310C000000000060,00NTRF000053428675//180006
PAGO
:61:080310C000000000500,00NTRF000053428712//180006
PAGO
:61:080310C000000000500,00NTRF000053435502//180006
PAGO
:61:080310C000000000500,00NTRF000053436375//180006
PAGO
:61:080310C000000000210,00NTRF000053440030//180006
PAGO
:61:080310C000000002000,00NTRF000053393631//180006
PAGO
:61:080310C000000002000,00NTRF000053394180//180006
PAGO
:61:080310C000000000350,00NTRF000053422530//180006
PAGO
:62M:C080310VEF000004353239,98
-}{5:{CHK:1143FB20924B}}{S:{COP:S}}${1:F21VZCRVECAAXXX5410610696}{4:{177:0404021720}{451:0}}{1:F01VZCRVECAAXXX5410610696}{2:09501717040402VZCRVECAAXXX40812675430404021720N}{3:{108:SCONNECT}}{4:
:20:MI080310
:25:2222222222
:28C:0328/071
:60M:C080310VEF000004353239,98
:61:080310C000000002500,00NTRF000053422611//180006
PAGO
:61:080310C000000004000,00NTRF000053422902//180006
PAGO
:61:080310C000000000045,00NTRF000053399301//180006
PAGO
:61:080310C000000002000,00NTRF000053399371//180006
PAGO
:61:080310C000000000120,00NTRF000053403943//180006
PAGO
:61:080310C000000000900,00NTRF000053404842//180006
PAGO
:61:080310C000000000153,00NTRF000053405730//180006
PAGO
:61:080310C000000000500,00NTRF000053405763//180006
PAGO
:61:080310C000000001250,00NTRF000053405973//180006
PAGO
:62M:C080310VEF000004364707,98
-}{5:{CHK:1143FB20924B}}{S:{COP:S}}${1:F21VZCRVECAAXXX5410610696}{4:{177:0404021720}{451:0}}{1:F01VZCRVECAAXXX5410610696}{2:09501717040402VZCRVECAAXXX40812675430404021720N}{3:{108:SCONNECT}}{4:
:20:MI080310
:25:2222222222
:28C:0328/072
:60M:C080310VEF000004364707,98
:61:080310C000000001080,00NTRF000053407384//180006
PAGO
:61:080310C000000001000,00NTRF000053408762//180006
PAGO
:61:080310C000000001000,00NTRF000053413500//180006
PAGO
:61:080310C000000000100,00NTRF000053414502//180006
PAGO
:61:080310C000000002500,00NTRF000053414782//180006
PAGO
:61:080310C000000000088,00NTRF000053415353//180006
PAGO
:61:080310C000000000400,00NTRF000053385312//180006
PAGO
:61:080310C000000000050,00NTRF000053387633//180006
PAGO
:61:080310C000000000150,00NTRF000053387751//180006
PAGO
:62M:C080310VEF000004371075,98
-}{5:{CHK:1143FB20924B}}{S:{COP:S}}${1:F21VZCRVECAAXXX5410610696}{4:{177:0404021720}{451:0}}{1:F01VZCRVECAAXXX5410610696}{2:09501717040402VZCRVECAAXXX40812675430404021720N}{3:{108:SCONNECT}}{4:
:20:MI080310
:25:2222222222
:28C:0328/073
:60M:C080310VEF000004371075,98
:61:080310C000000000682,00NTRF000053388462//180006
PAGO
:61:080310C000000002500,00NTRF000053389630//180006
PAGO
:61:080310C000000000150,00NTRF000053389954//180006
PAGO
:61:080310C000000000110,00NTRF000053390444//180006
PAGO
:61:080310C000000000250,00NTRF000053390595//180006
PAGO
:61:080310C000000000500,00NTRF000053390772//180006
PAGO
:61:080310C000000000100,00NTRF000053398251//180006
PAGO
:61:080310C000000001500,00NTRF000053398354//180006
PAGO
:61:080310C000000001000,00NTRF000053415854//180006
PAGO
:62M:C080310VEF000004377867,98
-}{5:{CHK:1143FB20924B}}{S:{COP:S}}${1:F21VZCRVECAAXXX5410610696}{4:{177:0404021720}{451:0}}{1:F01VZCRVECAAXXX5410610696}{2:09501717040402VZCRVECAAXXX40812675430404021720N}{3:{108:SCONNECT}}{4:
:20:MI080310
:25:2222222222
:28C:0328/074
:60M:C080310VEF000004377867,98
:61:080310C000000001167,25NTRF000053416462//180006
PAGO
:61:080310C000000000050,00NTRF000053416716//180006
PAGO
:61:080310C000000002500,00NTRF000053417346//180006
PAGO
:61:080310C000000000300,00NTRF000053417626//180006
PAGO
:61:080310C000000002000,00NTRF000053417711//180006
PAGO
:61:080310C000000002500,00NTRF000053419273//180006
PAGO
:61:080310C000000001000,00NTRF000053419446//180006
PAGO
:61:080310C000000002205,00NTRF000053419811//180006
PAGO
:61:080310C000000002000,00NTRF000053428373//180006
PAGO
:62M:C080310VEF000004391590,23
-}{5:{CHK:1143FB20924B}}{S:{COP:S}}${1:F21VZCRVECAAXXX5410610696}{4:{177:0404021720}{451:0}}{1:F01VZCRVECAAXXX5410610696}{2:09501717040402VZCRVECAAXXX40812675430404021720N}{3:{108:SCONNECT}}{4:
:20:MI080310
:25:2222222222
:28C:0328/075
:60M:C080310VEF000004391590,23
:61:080310C000000000048,00NTRF000053429552//180006
PAGO
:61:080310C000000002000,00NTRF000053430252//180006
PAGO
:61:080310C000000000650,00NTRF000053431125//180006
PAGO
:61:080310C000000000500,00NTRF000053431420//180006
PAGO
:61:080310C000000005000,00NTRF000053432190//180006
PAGO
:61:080310C000000000200,00NTRF000053434544//180006
PAGO
:61:080310C000000390000,00NTRF000053435255//180006
PAGO
:61:080310C000000000040,00NTRF000053415611//180006
PAGO
:61:080310C000000001500,00NTRF000053394961//180006
PAGO
:62M:C080310VEF000004791528,23
-}{5:{CHK:1143FB20924B}}{S:{COP:S}}${1:F21VZCRVECAAXXX5410610696}{4:{177:0404021720}{451:0}}{1:F01VZCRVECAAXXX5410610696}{2:09501717040402VZCRVECAAXXX40812675430404021720N}{3:{108:SCONNECT}}{4:
:20:MI080310
:25:2222222222
:28C:0328/076
:60M:C080310VEF000004791528,23
:61:080310C000000000500,00NTRF000053394950//180006
PAGO
:61:080310C000000000600,00NTRF000053395403//180006
PAGO
:61:080310C000000000850,00NTRF000053423731//180006
PAGO
:61:080310C000000000200,00NTRF000053424022//180006
PAGO
:61:080310C000000001600,00NTRF000053425223//180006
PAGO
:61:080310C000000000300,00NTRF000053426170//180006
PAGO
:61:080310C000000001000,00NTRF000053427360//180006
PAGO
:61:080310C000000000500,00NTRF000053428196//180006
PAGO
:61:080310C000000000320,00NTRF000053394854//180006
PAGO
:62M:C080310VEF000004797398,23
-}{5:{CHK:1143FB20924B}}{S:{COP:S}}${1:F21VZCRVECAAXXX5410610696}{4:{177:0404021720}{451:0}}{1:F01VZCRVECAAXXX5410610696}{2:09501717040402VZCRVECAAXXX40812675430404021720N}{3:{108:SCONNECT}}{4:
:20:MI080310
:25:2222222222
:28C:0328/077
:60M:C080310VEF000004797398,23
:61:080310C000000000748,00NTRF000053394062//180006
PAGO
:61:080310C000000000500,00NTRF000053440376//180006
PAGO
:61:080310C000000000600,00NTRF000053437510//180006
PAGO
:61:080310C000000000030,00NTRF000053435535//180006
PAGO
:61:080310C000000000085,40NTRF000053402775//180006
PAGO
:61:080310C000000000278,30NTRF000053402753//180006
PAGO
:61:080310C000000000278,30NTRF000053402731//180006
PAGO
:61:080310C000000002500,00NTRF000053395801//180006
PAGO
:61:080310C000000000200,00NTRF000053388226//180006
PAGO
:62M:C080310VEF000004802618,23
-}{5:{CHK:1143FB20924B}}{S:{COP:S}}${1:F21VZCRVECAAXXX5410610696}{4:{177:0404021720}{451:0}}{1:F01VZCRVECAAXXX5410610696}{2:09501717040402VZCRVECAAXXX40812675430404021720N}{3:{108:SCONNECT}}{4:
:20:MI080310
:25:2222222222
:28C:0328/078
:60M:C080310VEF000004802618,23
:61:080310C000000000150,00NTRF000053392441//180006
PAGO
:61:080310C000000001800,00NTRF000053399113//180006
PAGO
:61:080310C000000000100,00NTRF000053405516//180006
PAGO
:61:080310C000000000443,36NTRF000053409602//180006
PAGO
:61:080310C000000000014,00NTRF000053423226//180006
PAGO
:61:080310C000000000041,00NTRF000053435933//180006
PAGO
:61:080310C000000000069,00NTRF000053421686//180006
PAGO
:61:080310C000000000069,91NTRF000053406216//180006
PAGO
:61:080310C000000001500,00NTRF000053404853//180006
PAGO
:62M:C080310VEF000004806805,50
-}{5:{CHK:1143FB20924B}}{S:{COP:S}}${1:F21VZCRVECAAXXX5410610696}{4:{177:0404021720}{451:0}}{1:F01VZCRVECAAXXX5410610696}{2:09501717040402VZCRVECAAXXX40812675430404021720N}{3:{108:SCONNECT}}{4:
:20:MI080310
:25:2222222222
:28C:0328/079
:60M:C080310VEF000004806805,50
:61:080310C000000001000,00NTRF000053438383//180006
PAGO
:61:080310C000000001500,00NTRF000000001305//180006
PAGO
:61:080310C000000000277,10NTRF000000001299//180006
PAGO
:61:080310C000000000280,70NTRF000000001300//180006
PAGO
:61:080310C000000001500,00NTRF000000001163//180006
PAGO
:61:080310C000000000400,00NTRF000000001048//180006
PAGO
:61:080310C000000000250,00NTRF000000001403//180006
PAGO
:61:080310C000000001750,00NTRF000000191019//180006
PAGO
:61:080310C000000000070,00NTRF000000190886//180006
PAGO
:62M:C080310VEF000004813833,30
-}{5:{CHK:1143FB20924B}}{S:{COP:S}}${1:F21VZCRVECAAXXX5410610696}{4:{177:0404021720}{451:0}}{1:F01VZCRVECAAXXX5410610696}{2:09501717040402VZCRVECAAXXX40812675430404021720N}{3:{108:SCONNECT}}{4:
:20:MI080310
:25:2222222222
:28C:0328/080
:60M:C080310VEF000004813833,30
:61:080310C000000001000,00NTRF000000190879//180006
PAGO
:61:080310C000000000825,00NTRF000000190681//180006
PAGO
:61:080310C000000000650,00NTRF000000190389//180006
PAGO
:61:080310C000000001750,00NTRF000000191017//180006
PAGO
:61:080310C000000000100,00NTRF000000000000//180006
PAGO
:61:080310C000000000985,00NTRF000000000000//180006
PAGO
:61:080310C000000017800,00NTRF000000000000//180006
PAGO
:61:080310C000000000185,28NTRF000000000000//180006
PAGO
:61:080310C000000002500,00NTRF000000000000//180006
PAGO
:62M:C080310VEF000004839628,58
-}{5:{CHK:1143FB20924B}}{S:{COP:S}}${1:F21VZCRVECAAXXX5410610696}{4:{177:0404021720}{451:0}}{1:F01VZCRVECAAXXX5410610696}{2:09501717040402VZCRVECAAXXX40812675430404021720N}{3:{108:SCONNECT}}{4:
:20:MI080310
:25:2222222222
:28C:0328/081
:60M:C080310VEF000004839628,58
:61:080310C000000000194,00NTRF000000043475//180006
PAGO
:61:080310C000000100000,00NTRF000000060771//180006
PAGO
:61:080310C000001000000,00NTRF000000060764//180006
PAGO
:61:080310C000000001000,00NTRF000000060826//180006
PAGO
:61:080310C000000000100,00NTRF000000060839//180006
PAGO
:61:080310C000000002000,00NTRF000000060629//180006
PAGO
:61:080310C000000002000,00NTRF000000060555//180006
PAGO
:61:080310C000000010000,00NTRF000000060460//180006
PAGO
:61:080310C000000001100,00NTRF000000060375//180006
PAGO
:62M:C080310VEF000005956022,58
-}{5:{CHK:1143FB20924B}}{S:{COP:S}}${1:F21VZCRVECAAXXX5410610696}{4:{177:0404021720}{451:0}}{1:F01VZCRVECAAXXX5410610696}{2:09501717040402VZCRVECAAXXX40812675430404021720N}{3:{108:SCONNECT}}{4:
:20:MI080310
:25:2222222222
:28C:0328/082
:60M:C080310VEF000005956022,58
:61:080310C000000012620,00NTRF000000060324//180006
PAGO
:61:080310C000000001000,00NTRF000000060277//180006
PAGO
:61:080310C000000007560,03NTRF000000060166//180006
PAGO
:61:080310C000000005662,32NTRF000000060167//180006
PAGO
:61:080310C000000001504,80NTRF000000060158//180006
PAGO
:61:080310C000000001550,00NTRF000000060076//180006
PAGO
:61:080310C000000000600,00NTRF000000060026//180006
PAGO
:61:080310C000000000462,50NTRF000000060508//180006
PAGO
:61:080310C000000005000,00NTRF000000060591//180006
PAGO
:62M:C080310VEF000005991982,23
-}{5:{CHK:1143FB20924B}}{S:{COP:S}}${1:F21VZCRVECAAXXX5410610696}{4:{177:0404021720}{451:0}}{1:F01VZCRVECAAXXX5410610696}{2:09501717040402VZCRVECAAXXX40812675430404021720N}{3:{108:SCONNECT}}{4:
:20:MI080310
:25:2222222222
:28C:0328/083
:60M:C080310VEF000005991982,23
:61:080310C000000001400,00NTRF000000043542//180006
PAGO
:61:080310C000000000550,00NTRF000000059360//180006
PAGO
:61:080310C000000001000,00NTRF000000059846//180006
PAGO
:61:080310C000000000500,00NTRF000000059801//180006
PAGO
:61:080310C000000000060,00NTRF000000059810//180006
PAGO
:61:080310C000000000363,63NTRF000000059785//180006
PAGO
:61:080310C000000000500,00NTRF000000059757//180006
PAGO
:61:080310C000000008575,47NTRF000000059662//180006
PAGO
:61:080310C000000005000,00NTRF000000059586//180006
PAGO
:62M:C080310VEF000006009931,33
-}{5:{CHK:1143FB20924B}}{S:{COP:S}}${1:F21VZCRVECAAXXX5410610696}{4:{177:0404021720}{451:0}}{1:F01VZCRVECAAXXX5410610696}{2:09501717040402VZCRVECAAXXX40812675430404021720N}{3:{108:SCONNECT}}{4:
:20:MI080310
:25:2222222222
:28C:0328/084
:60M:C080310VEF000006009931,33
:61:080310C000000002475,00NTRF000000059588//180006
PAGO
:61:080310C000000000112,90NTRF000000059555//180006
PAGO
:61:080310C000000001174,96NTRF000000059820//180006
PAGO
:61:080310C000000000150,00NTRF000000059992//180006
PAGO
:61:080310C000000002370,00NTRF000000023753//180006
PAGO
:61:080310C000000001495,00NTRF000000023797//180006
PAGO
:61:080310C000000001000,00NTRF000000023726//180006
PAGO
:61:080310C000000000100,00NTRF000000025481//180006
PAGO
:61:080310C000000000400,00NTRF000000025434//180006
PAGO
:62M:C080310VEF000006019209,19
-}{5:{CHK:1143FB20924B}}{S:{COP:S}}${1:F21VZCRVECAAXXX5410610696}{4:{177:0404021720}{451:0}}{1:F01VZCRVECAAXXX5410610696}{2:09501717040402VZCRVECAAXXX40812675430404021720N}{3:{108:SCONNECT}}{4:
:20:MI080310
:25:2222222222
:28C:0328/085
:60M:C080310VEF000006019209,19
:61:080310C000000000100,00NTRF000000025436//180006
PAGO
:61:080310C000000000200,00NTRF000000025062//180006
PAGO
:61:080310C000000000945,93NTRF000000025023//180006
PAGO
:61:080310C000000002600,00NTRF000000025000//180006
PAGO
:61:080310C000000001000,00NTRF000000024869//180006
PAGO
:61:080310C000000001865,62NTRF000000024863//180006
PAGO
:61:080310C000000006540,00NTRF000000024729//180006
PAGO
:61:080310C000000000400,00NTRF000000024338//180006
PAGO
:61:080310C000000002800,00NTRF000000024298//180006
PAGO
:62M:C080310VEF000006035660,74
-}{5:{CHK:1143FB20924B}}{S:{COP:S}}${1:F21VZCRVECAAXXX5410610696}{4:{177:0404021720}{451:0}}{1:F01VZCRVECAAXXX5410610696}{2:09501717040402VZCRVECAAXXX40812675430404021720N}{3:{108:SCONNECT}}{4:
:20:MI080310
:25:2222222222
:28C:0328/086
:60M:C080310VEF000006035660,74
:61:080310C000000010000,00NTRF000000024115//180006
PAGO
:61:080310C000000000362,00NTRF000000024053//180006
PAGO
:61:080310C000000000480,00NTRF000000023716//180006
PAGO
:61:080310C000000000760,00NTRF000000026101//180006
PAGO
:61:080310C000000001000,00NTRF000000025804//180006
PAGO
:61:080310C000000006000,00NTRF000000025721//180006
PAGO
:61:080310C000000001500,00NTRF000000025722//180006
PAGO
:61:080310C000000013139,00NTRF000000025674//180006
PAGO
:61:080310C000000000100,00NTRF000000025570//180006
PAGO
:62M:C080310VEF000006069001,74
-}{5:{CHK:1143FB20924B}}{S:{COP:S}}${1:F21VZCRVECAAXXX5410610696}{4:{177:0404021720}{451:0}}{1:F01VZCRVECAAXXX5410610696}{2:09501717040402VZCRVECAAXXX40812675430404021720N}{3:{108:SCONNECT}}{4:
:20:MI080310
:25:2222222222
:28C:0328/087
:60M:C080310VEF000006069001,74
:61:080310C000000000900,00NTRF000000025571//180006
PAGO
:61:080310C000000000629,14NTRF000000025502//180006
PAGO
:61:080310C000000001500,00NTRF000000025362//180006
PAGO
:61:080310C000000003000,00NTRF000000025273//180006
PAGO
:61:080310C000000001000,00NTRF000000025208//180006
PAGO
:61:080310C000000000082,00NTRF000000023842//180006
PAGO
:61:080310C000000000052,71NTRF000029401720//180006
PAGO
:61:080310C000000001150,00NTRF000029416783//180006
PAGO
:61:080310C000000000204,68NTRF000029401794//180006
PAGO
:62M:C080310VEF000006077520,27
-}{5:{CHK:1143FB20924B}}{S:{COP:S}}${1:F21VZCRVECAAXXX5410610696}{4:{177:0404021720}{451:0}}{1:F01VZCRVECAAXXX5410610696}{2:09501717040402VZCRVECAAXXX40812675430404021720N}{3:{108:SCONNECT}}{4:
:20:MI080310
:25:2222222222
:28C:0328/088
:60M:C080310VEF000006077520,27
:61:080310C000000000839,90NTRF000029394894//180006
PAGO
:61:080310C000000001700,00NTRF000029360033//180006
PAGO
:61:080310C000000000500,00NTRF000029344144//180006
PAGO
:61:080310C000000001470,00NTRF000029327560//180006
PAGO
:61:080310C000000001000,00NTRF000029391864//180006
PAGO
:61:080310C000000000590,00NTRF000029355660//180006
PAGO
:61:080310C000000001200,00NTRF000029311918//180006
PAGO
:61:080310C000000000128,10NTRF000029395035//180006
PAGO
:61:080310C000000000331,60NTRF000029431811//180006
PAGO
:62M:C080310VEF000006085279,87
-}{5:{CHK:1143FB20924B}}{S:{COP:S}}${1:F21VZCRVECAAXXX5410610696}{4:{177:0404021720}{451:0}}{1:F01VZCRVECAAXXX5410610696}{2:09501717040402VZCRVECAAXXX40812675430404021720N}{3:{108:SCONNECT}}{4:
:20:MI080310
:25:2222222222
:28C:0328/089
:60M:C080310VEF000006085279,87
:61:080310C000000000300,00NTRF000000000365//180006
PAGO
:61:080310C000000000150,00NTRF000000000393//180006
PAGO
:61:080310C000000000550,00NTRF000018100505//180006
PAGO
:61:080310C000000000550,00NTRF000001253247//180006
PAGO
:61:080310C000000384470,82NTRF000000000834//180006
PAGO
:61:080310C000000005000,00NTRF000011542319//180006
PAGO
:61:080310C000000005350,69NTRF000011111101//180006
PAGO
:61:080310C000000001000,00NTRF000000000000//180006
PAGO
:61:080310C000000002856,90NTRF000000580221//180006
PAGO
:62M:C080310VEF000006485508,28
-}{5:{CHK:1143FB20924B}}{S:{COP:S}}${1:F21VZCRVECAAXXX5410610696}{4:{177:0404021720}{451:0}}{1:F01VZCRVECAAXXX5410610696}{2:09501717040402VZCRVECAAXXX40812675430404021720N}{3:{108:SCONNECT}}{4:
:20:MI080310
:25:2222222222
:28C:0328/090
:60M:C080310VEF000006485508,28
:61:080310C000000050259,77NTRF000000580069//180006
PAGO
:61:080310C000000012200,00NTRF000018097678//180006
PAGO
:61:080310C000000002500,00NTRF000018098528//180006
PAGO
:61:080310C000000000064,50NTRF000018098103//180006
PAGO
:61:080310C000000001108,00NTRF000000299585//180006
PAGO
:61:080310C000000000330,00NTRF000000299618//180006
PAGO
:61:080310C000000000100,00NTRF000000299678//180006
PAGO
:61:080310C000000002500,00NTRF000000299725//180006
PAGO
:61:080310C000000001500,00NTRF000000299829//180006
PAGO
:62M:C080310VEF000006556070,55
-}{5:{CHK:1143FB20924B}}{S:{COP:S}}${1:F21VZCRVECAAXXX5410610696}{4:{177:0404021720}{451:0}}{1:F01VZCRVECAAXXX5410610696}{2:09501717040402VZCRVECAAXXX40812675430404021720N}{3:{108:SCONNECT}}{4:
:20:MI080310
:25:2222222222
:28C:0328/091
:60M:C080310VEF000006556070,55
:61:080310C000000000700,00NTRF000000299394//180006
PAGO
:61:080310C000000003300,00NTRF000000299468//180006
PAGO
:61:080310C000000000800,00NTRF000000299479//180006
PAGO
:61:080310C000000050000,00NTRF000000299505//180006
PAGO
:61:080310C000000005000,00NTRF000000298315//180006
PAGO
:61:080310C000000000360,00NTRF000000298317//180006
PAGO
:61:080310C000000010000,00NTRF000000298345//180006
PAGO
:61:080310C000000001000,00NTRF000000298406//180006
PAGO
:61:080310C000000000100,00NTRF000000299041//180006
PAGO
:62M:C080310VEF000006627330,55
-}{5:{CHK:1143FB20924B}}{S:{COP:S}}${1:F21VZCRVECAAXXX5410610696}{4:{177:0404021720}{451:0}}{1:F01VZCRVECAAXXX5410610696}{2:09501717040402VZCRVECAAXXX40812675430404021720N}{3:{108:SCONNECT}}{4:
:20:MI080310
:25:2222222222
:28C:0328/092
:60M:C080310VEF000006627330,55
:61:080310C000000003547,57NTRF000000285968//180006
PAGO
:61:080310C000000003000,00NTRF000000290037//180006
PAGO
:61:080310C000000005092,42NTRF000000290215//180006
PAGO
:61:080310C000000800000,00NTRF000000290566//180006
PAGO
:61:080310C000000081742,30NTRF000000290829//180006
PAGO
:61:080310C000000053661,54NTRF000000290839//180006
PAGO
:61:080310C000000121917,88NTRF000000290862//180006
PAGO
:61:080310C000002000000,00NTRF000000290911//180006
PAGO
:61:080310C000000348218,41NTRF000000290929//180006
PAGO
:62M:C080310VEF000010044510,67
-}{5:{CHK:1143FB20924B}}{S:{COP:S}}${1:F21VZCRVECAAXXX5410610696}{4:{177:0404021720}{451:0}}{1:F01VZCRVECAAXXX5410610696}{2:09501717040402VZCRVECAAXXX40812675430404021720N}{3:{108:SCONNECT}}{4:
:20:MI080310
:25:2222222222
:28C:0328/093
:60M:C080310VEF000010044510,67
:61:080310C000000005000,00NTRF000000298311//180006
PAGO
:61:080310C000000000680,00NTRF000000298558//180006
PAGO
:61:080310C000000000050,00NTRF000000298565//180006
PAGO
:61:080310C000000002000,00NTRF000000298573//180006
PAGO
:61:080310C000000000020,00NTRF000000298592//180006
PAGO
:61:080310C000000000700,00NTRF000000298633//180006
PAGO
:61:080310C000000014000,00NTRF000000298705//180006
PAGO
:61:080310C000000001000,00NTRF000000298737//180006
PAGO
:61:080310C000000001000,00NTRF000000298753//180006
PAGO
:62M:C080310VEF000010068960,67
-}{5:{CHK:1143FB20924B}}{S:{COP:S}}${1:F21VZCRVECAAXXX5410610696}{4:{177:0404021720}{451:0}}{1:F01VZCRVECAAXXX5410610696}{2:09501717040402VZCRVECAAXXX40812675430404021720N}{3:{108:SCONNECT}}{4:
:20:MI080310
:25:2222222222
:28C:0328/094
:60M:C080310VEF000010068960,67
:61:080310C000000003500,00NTRF000000298984//180006
PAGO
:61:080310C000000000300,00NTRF000000299045//180006
PAGO
:61:080310C000000000650,00NTRF000000299061//180006
PAGO
:61:080310C000000000100,00NTRF000000299084//180006
PAGO
:61:080310C000000010000,00NTRF000000299140//180006
PAGO
:61:080310C000000000060,00NTRF000000299224//180006
PAGO
:61:080310C000000001000,00NTRF000000299233//180006
PAGO
:61:080310C000000000130,00NTRF000000299286//180006
PAGO
:61:080310C000000000500,00NTRF000000299297//180006
PAGO
:62M:C080310VEF000010085200,67
-}{5:{CHK:1143FB20924B}}{S:{COP:S}}${1:F21VZCRVECAAXXX5410610696}{4:{177:0404021720}{451:0}}{1:F01VZCRVECAAXXX5410610696}{2:09501717040402VZCRVECAAXXX40812675430404021720N}{3:{108:SCONNECT}}{4:
:20:MI080310
:25:2222222222
:28C:0328/095
:60M:C080310VEF000010085200,67
:61:080310C000000000001,00NTRF000000299339//180006
PAGO
:61:080310C000000000200,00NTRF000000299869//180006
PAGO
:61:080310C000000001000,00NTRF000000299817//180006
PAGO
:61:080310C000000015000,00NTRF000000299715//180006
PAGO
:61:080310C000000001000,00NTRF000000299625//180006
PAGO
:61:080310C000000000386,36NTRF000000299589//180006
PAGO
:61:080310C000000005000,00NTRF000000299571//180006
PAGO
:61:080310C000000001000,00NTRF000000299563//180006
PAGO
:61:080310C000000000150,00NTRF000000299527//180006
PAGO
:62M:C080310VEF000010108938,03
-}{5:{CHK:1143FB20924B}}{S:{COP:S}}${1:F21VZCRVECAAXXX5410610696}{4:{177:0404021720}{451:0}}{1:F01VZCRVECAAXXX5410610696}{2:09501717040402VZCRVECAAXXX40812675430404021720N}{3:{108:SCONNECT}}{4:
:20:MI080310
:25:2222222222
:28C:0328/096
:60M:C080310VEF000010108938,03
:61:080310C000000025000,00NTRF000000299887//180006
PAGO
:61:080310C000000000700,00NTRF000000574331//180006
PAGO
:61:080310C000000000200,00NTRF000010032008//180006
PAGO
:61:080310C000000000418,00NTRF000010032008//180006
PAGO
:61:080310C000000000750,00NTRF000010032008//180006
PAGO
:61:080310C000000002000,00NTRF000010032008//180006
PAGO
:61:080310C000000000500,00NTRF000010032008//180006
PAGO
:61:080310C000000003000,00NTRF000010032008//180006
PAGO
:61:080310C000000000200,00NTRF000010032008//180006
PAGO
:62M:C080310VEF000010141706,03
-}{5:{CHK:1143FB20924B}}{S:{COP:S}}${1:F21VZCRVECAAXXX5410610696}{4:{177:0404021720}{451:0}}{1:F01VZCRVECAAXXX5410610696}{2:09501717040402VZCRVECAAXXX40812675430404021720N}{3:{108:SCONNECT}}{4:
:20:MI080310
:25:2222222222
:28C:0328/097
:60M:C080310VEF000010141706,03
:61:080310C000000003000,00NTRF000058476717//180006
PAGO
:61:080310C000000026340,80NTRF000000000000//180006
PAGO
:61:080310C000000011143,50NTRF000007833923//180006
PAGO
:61:080310C000000005000,00NTRF000018095715//180006
PAGO
:61:080310C000000000700,00NTRF000018096537//180006
PAGO
:61:080310C000000000100,00NTRF000018097048//180006
PAGO
:61:080310C000000009984,00NTRF000018095551//180006
PAGO
:61:080310C000000000339,90NTRF000018095377//180006
PAGO
:61:080310C000000000302,00NTRF000000377673//180006
PAGO
:62M:C080310VEF000010198616,23
-}{5:{CHK:1143FB20924B}}{S:{COP:S}}${1:F21VZCRVECAAXXX5410610696}{4:{177:0404021720}{451:0}}{1:F01VZCRVECAAXXX5410610696}{2:09501717040402VZCRVECAAXXX40812675430404021720N}{3:{108:SCONNECT}}{4:
:20:MI080310
:25:2222222222
:28C:0328/098
:60M:C080310VEF000010198616,23
:61:080310C000000009200,00NTRF000000371608//180006
PAGO
:61:080310C000000000122,00NTRF000000558850//180006
PAGO
:61:080310C000000010000,00NTRF000000458124//180006
PAGO
:61:080310C000000000150,00NTRF000000375236//180006
PAGO
:61:080310C000000001150,00NTRF000000511400//180006
PAGO
:61:080310C000000007370,00NTRF000000531789//180006
PAGO
:61:080310C000000000996,67NTRF000000521931//180006
PAGO
:61:080310C000000005000,00NTRF000000516695//180006
PAGO
:61:080310C000000004577,00NTRF000000179133//180006
PAGO
:62M:C080310VEF000010237181,90
-}{5:{CHK:1143FB20924B}}{S:{COP:S}}${1:F21VZCRVECAAXXX5410610696}{4:{177:0404021720}{451:0}}{1:F01VZCRVECAAXXX5410610696}{2:09501717040402VZCRVECAAXXX40812675430404021720N}{3:{108:SCONNECT}}{4:
:20:MI080310
:25:2222222222
:28C:0328/099
:60M:C080310VEF000010237181,90
:61:080310C000000002340,72NTRF000000179260//180006
PAGO
:61:080310C000000015000,00NTRF000018035831//180006
PAGO
:61:080310C000000001800,00NTRF000018034449//180006
PAGO
:61:080310C000000025661,41NTRF000000028361//180006
PAGO
:61:080310C000000017801,39NTRF000000006411//180006
PAGO
:61:080310C000000001500,00NTRF000018090616//180006
PAGO
:61:080310C000000001635,00NTRF000018035306//180006
PAGO
:61:080310C000000000195,00NTRF000018092718//180006
PAGO
:61:080310C000000000245,92NTRF000000000566//180006
PAGO
:62M:C080310VEF000010303361,34
-}{5:{CHK:1143FB20924B}}{S:{COP:S}}${1:F21VZCRVECAAXXX5410610696}{4:{177:0404021720}{451:0}}{1:F01VZCRVECAAXXX5410610696}{2:09501717040402VZCRVECAAXXX40812675430404021720N}{3:{108:SCONNECT}}{4:
:20:MI080310
:25:2222222222
:28C:0328/100
:60M:C080310VEF000010303361,34
:61:080310C000000011808,56NTRF000018075480//180006
PAGO
:61:080310C000000010320,07NTRF000000000743//180006
PAGO
:61:080310C000000012490,65NTRF000099316800//180006
PAGO
:61:080310C000000000160,40NTRF000099317154//180006
PAGO
:61:080310C000000003007,50NTRF000099317074//180006
PAGO
:61:080310C000000008430,66NTRF000099316808//180006
PAGO
:61:080310C000000008000,00NTRF000018047942//180006
PAGO
:61:080310C000000000300,00NTRF000018091791//180006
PAGO
:61:080310C000000000336,96NTRF000018050052//180006
PAGO
:62M:C080310VEF000010358216,14
-}{5:{CHK:1143FB20924B}}{S:{COP:S}}${1:F21VZCRVECAAXXX5410610696}{4:{177:0404021720}{451:0}}{1:F01VZCRVECAAXXX5410610696}{2:09501717040402VZCRVECAAXXX40812675430404021720N}{3:{108:SCONNECT}}{4:
:20:MI080310
:25:2222222222
:28C:0328/101
:60M:C080310VEF000010358216,14
:61:080310C000000012202,51NTRF000018017545//180006
PAGO
:61:080310C000000002473,51NTRF000018017078//180006
PAGO
:61:080310C000000007363,41NTRF000018042355//180006
PAGO
:61:080310C000000007512,74NTRF000018042106//180006
PAGO
:61:080310C000000000185,00NTRF000018041846//180006
PAGO
:61:080310C000000003139,60NTRF000018054575//180006
PAGO
:61:080310C000000001600,00NTRF000018086920//180006
PAGO
:61:080310C000000010000,00NTRF000018086987//180006
PAGO
:61:080310C000000000250,00NTRF000018087136//180006
PAGO
:62M:C080310VEF000010402942,91
-}{5:{CHK:1143FB20924B}}{S:{COP:S}}${1:F21VZCRVECAAXXX5410610696}{4:{177:0404021720}{451:0}}{1:F01VZCRVECAAXXX5410610696}{2:09501717040402VZCRVECAAXXX40812675430404021720N}{3:{108:SCONNECT}}{4:
:20:MI080310
:25:2222222222
:28C:0328/102
:60M:C080310VEF000010402942,91
:61:080310C000000000200,00NTRF000018065876//180006
PAGO
:61:080310C000000000250,00NTRF000018066422//180006
PAGO
:61:080310C000000000100,00NTRF000018073258//180006
PAGO
:61:080310C000000000400,00NTRF000018073658//180006
PAGO
:61:080310C000000001500,00NTRF000018075341//180006
PAGO
:61:080310C000000000252,20NTRF000018075795//180006
PAGO
:61:080310C000000001100,00NTRF000018078050//180006
PAGO
:61:080310C000000000350,00NTRF000018079552//180006
PAGO
:61:080310C000000000100,00NTRF000018056904//180006
PAGO
:62M:C080310VEF000010407195,11
-}{5:{CHK:1143FB20924B}}{S:{COP:S}}${1:F21VZCRVECAAXXX5410610696}{4:{177:0404021720}{451:0}}{1:F01VZCRVECAAXXX5410610696}{2:09501717040402VZCRVECAAXXX40812675430404021720N}{3:{108:SCONNECT}}{4:
:20:MI080310
:25:2222222222
:28C:0328/103
:60M:C080310VEF000010407195,11
:61:080310C000000000100,00NTRF000018056951//180006
PAGO
:61:080310C000000000028,00NTRF000018065070//180006
PAGO
:61:080310C000000007000,00NTRF000018089575//180006
PAGO
:61:080310C000000000200,00NTRF000018080237//180006
PAGO
:61:080310C000000000480,00NTRF000018089376//180006
PAGO
:61:080310C000000000080,00NTRF000018062065//180006
PAGO
:61:080310C000000004000,00NTRF000018057418//180006
PAGO
:61:080310C000000000500,00NTRF000018063366//180006
PAGO
:61:080310C000000000290,80NTRF000018057039//180006
PAGO
:62M:C080310VEF000010419873,91
-}{5:{CHK:1143FB20924B}}{S:{COP:S}}${1:F21VZCRVECAAXXX5410610696}{4:{177:0404021720}{451:0}}{1:F01VZCRVECAAXXX5410610696}{2:09501717040402VZCRVECAAXXX40812675430404021720N}{3:{108:SCONNECT}}{4:
:20:MI080310
:25:2222222222
:28C:0328/104
:60M:C080310VEF000010419873,91
:61:080310C000000000107,00NTRF000018080948//180006
PAGO
:61:080310C000000000030,00NTRF000018083895//180006
PAGO
:61:080310C000000000500,00NTRF000018086349//180006
PAGO
:61:080310C000000000100,00NTRF000000027888//180006
PAGO
:61:080310C000000000200,00NTRF000000027035//180006
PAGO
:61:080310C000000000270,00NTRF000000027943//180006
PAGO
:61:080310C000000000215,00NTRF000000010188//180006
PAGO
:61:080310C000000001213,60NTRF000000010100//180006
PAGO
:61:080310C000000000360,00NTRF000000010112//180006
PAGO
:62M:C080310VEF000010422869,51
-}{5:{CHK:1143FB20924B}}{S:{COP:S}}${1:F21VZCRVECAAXXX5410610696}{4:{177:0404021720}{451:0}}{1:F01VZCRVECAAXXX5410610696}{2:09501717040402VZCRVECAAXXX40812675430404021720N}{3:{108:SCONNECT}}{4:
:20:MI080310
:25:2222222222
:28C:0328/105
:60M:C080310VEF000010422869,51
:61:080310C000000001000,00NTRF000000010303//180006
PAGO
:61:080310C000000001227,20NTRF000000010101//180006
PAGO
:61:080310C000000001420,00NTRF000000010077//180006
PAGO
:61:080310C000000004400,00NTRF000000009906//180006
PAGO
:61:080310C000000000649,90NTRF000000009397//180006
PAGO
:61:080310C000000000261,95NTRF000000009405//180006
PAGO
:61:080310C000000035088,61NTRF000000009385//180006
PAGO
:61:080310C000000001049,58NTRF000000009386//180006
PAGO
:61:080310C000000002930,94NTRF000000009389//180006
PAGO
:62M:C080310VEF000010470897,69
-}{5:{CHK:1143FB20924B}}{S:{COP:S}}${1:F21VZCRVECAAXXX5410610696}{4:{177:0404021720}{451:0}}{1:F01VZCRVECAAXXX5410610696}{2:09501717040402VZCRVECAAXXX40812675430404021720N}{3:{108:SCONNECT}}{4:
:20:MI080310
:25:2222222222
:28C:0328/106
:60M:C080310VEF000010470897,69
:61:080310C000000000253,33NTRF000000009239//180006
PAGO
:61:080310C000000000135,98NTRF000000009244//180006
PAGO
:61:080310C000000000556,28NTRF000000009250//180006
PAGO
:61:080310C000000000055,35NTRF000000009251//180006
PAGO
:61:080310C000000000200,00NTRF000000009765//180006
PAGO
:61:080310C000000005000,00NTRF000000009659//180006
PAGO
:61:080310C000000001500,00NTRF000000009631//180006
PAGO
:61:080310C000000002300,00NTRF000000009615//180006
PAGO
:61:080310C000000001350,00NTRF000000009602//180006
PAGO
:62M:C080310VEF000010482248,63
-}{5:{CHK:1143FB20924B}}{S:{COP:S}}${1:F21VZCRVECAAXXX5410610696}{4:{177:0404021720}{451:0}}{1:F01VZCRVECAAXXX5410610696}{2:09501717040402VZCRVECAAXXX40812675430404021720N}{3:{108:SCONNECT}}{4:
:20:MI080310
:25:2222222222
:28C:0328/107
:60M:C080310VEF000010482248,63
:61:080310C000000004000,00NTRF000000009457//180006
PAGO
:61:080310C000000012307,43NTRF000000009425//180006
PAGO
:61:080310C000000006081,97NTRF000000009427//180006
PAGO
:61:080310C000000003064,73NTRF000000008685//180006
PAGO
:61:080310C000000001531,35NTRF000000008686//180006
PAGO
:61:080310C000000322772,54NTRF000000008687//180006
PAGO
:61:080310C000000057568,22NTRF000000008688//180006
PAGO
:61:080310C000000019015,75NTRF000000008689//180006
PAGO
:61:080310C000000001432,18NTRF000000008690//180006
PAGO
:62M:C080310VEF000010910022,80
-}{5:{CHK:1143FB20924B}}{S:{COP:S}}${1:F21VZCRVECAAXXX5410610696}{4:{177:0404021720}{451:0}}{1:F01VZCRVECAAXXX5410610696}{2:09501717040402VZCRVECAAXXX40812675430404021720N}{3:{108:SCONNECT}}{4:
:20:MI080310
:25:2222222222
:28C:0328/108
:60M:C080310VEF000010910022,80
:61:080310C000000002073,17NTRF000000008691//180006
PAGO
:61:080310C000000069045,97NTRF000000008692//180006
PAGO
:61:080310C000000494407,93NTRF000000008679//180006
PAGO
:61:080310C000000001441,55NTRF000000008693//180006
PAGO
:61:080310C000000010650,71NTRF000000008694//180006
PAGO
:61:080310C000000219347,62NTRF000000008704//180006
PAGO
:61:080310C000000023276,02NTRF000000008705//180006
PAGO
:61:080310C000000016209,17NTRF000000008680//180006
PAGO
:61:080310C000000001920,53NTRF000000008681//180006
PAGO
:62M:C080310VEF000011748395,47
-}{5:{CHK:1143FB20924B}}{S:{COP:S}}${1:F21VZCRVECAAXXX5410610696}{4:{177:0404021720}{451:0}}{1:F01VZCRVECAAXXX5410610696}{2:09501717040402VZCRVECAAXXX40812675430404021720N}{3:{108:SCONNECT}}{4:
:20:MI080310
:25:2222222222
:28C:0328/109
:60M:C080310VEF000011748395,47
:61:080310C000000033824,97NTRF000000008682//180006
PAGO
:61:080310C000000015151,55NTRF000000008683//180006
PAGO
:61:080310C000000004317,87NTRF000000008684//180006
PAGO
:61:080310C000000006095,12NTRF000000009429//180006
PAGO
:61:080310C000000394701,17NTRF000000009430//180006
PAGO
:61:080310C000000003209,25NTRF000000009431//180006
PAGO
:61:080310C000000035528,21NTRF000000009432//180006
PAGO
:61:080310C000000019349,60NTRF000000009194//180006
PAGO
:61:080310C000000002160,51NTRF000000009199//180006
PAGO
:62M:C080310VEF000012262733,72
-}{5:{CHK:1143FB20924B}}{S:{COP:S}}${1:F21VZCRVECAAXXX5410610696}{4:{177:0404021720}{451:0}}{1:F01VZCRVECAAXXX5410610696}{2:09501717040402VZCRVECAAXXX40812675430404021720N}{3:{108:SCONNECT}}{4:
:20:MI080310
:25:2222222222
:28C:0328/110
:60M:C080310VEF000012262733,72
:61:080310C000000020734,10NTRF000000009204//180006
PAGO
:61:080310C000000906648,01NTRF000000009207//180006
PAGO
:61:080310C000000141875,88NTRF000000009186//180006
PAGO
:61:080310C000000000350,00NTRF000000009832//180006
PAGO
:61:080310C000000000320,00NTRF000000009903//180006
PAGO
:61:080310C000000001313,60NTRF000000010103//180006
PAGO
:61:080310C000000000236,68NTRF000000010386//180006
PAGO
:61:080310C000000000558,21NTRF000000019993//180006
PAGO
:61:080310C000000092795,16NTRF000000019994//180006
PAGO
:62M:C080310VEF000013427565,36
-}{5:{CHK:1143FB20924B}}{S:{COP:S}}${1:F21VZCRVECAAXXX5410610696}{4:{177:0404021720}{451:0}}{1:F01VZCRVECAAXXX5410610696}{2:09501717040402VZCRVECAAXXX40812675430404021720N}{3:{108:SCONNECT}}{4:
:20:MI080310
:25:2222222222
:28C:0328/111
:60M:C080310VEF000013427565,36
:61:080310C000000002353,63NTRF000000019995//180006
PAGO
:61:080310C000000048327,56NTRF000000019996//180006
PAGO
:61:080310C000000035038,05NTRF000000019997//180006
PAGO
:61:080310C000000027390,12NTRF000000019998//180006
PAGO
:61:080310C000000035085,06NTRF000000019999//180006
PAGO
:61:080310C000000006783,16NTRF000000020001//180006
PAGO
:61:080310C000000000390,00NTRF000000020009//180006
PAGO
:61:080310C000000706686,16NTRF000000019976//180006
PAGO
:61:080310C000000014089,37NTRF000000019978//180006
PAGO
:62M:C080310VEF000014303708,47
-}{5:{CHK:1143FB20924B}}{S:{COP:S}}${1:F21VZCRVECAAXXX5410610696}{4:{177:0404021720}{451:0}}{1:F01VZCRVECAAXXX5410610696}{2:09501717040402VZCRVECAAXXX40812675430404021720N}{3:{108:SCONNECT}}{4:
:20:MI080310
:25:2222222222
:28C:0328/112
:60M:C080310VEF000014303708,47
:61:080310C000000062215,82NTRF000000019979//180006
PAGO
:61:080310C000002451910,59NTRF000000019981//180006
PAGO
:61:080310C000000000700,56NTRF000000019982//180006
PAGO
:61:080310C000000156423,87NTRF000000019984//180006
PAGO
:61:080310C000000000285,24NTRF000000019992//180006
PAGO
:61:080310C000000006975,36NTRF000000019962//180006
PAGO
:61:080310C000000217054,09NTRF000000019963//180006
PAGO
:61:080310C000000014265,31NTRF000000019964//180006
PAGO
:61:080310C000000869352,74NTRF000000019965//180006
PAGO
:62M:C080310VEF000018082892,05
-}{5:{CHK:1143FB20924B}}{S:{COP:S}}${1:F21VZCRVECAAXXX5410610696}{4:{177:0404021720}{451:0}}{1:F01VZCRVECAAXXX5410610696}{2:09501717040402VZCRVECAAXXX40812675430404021720N}{3:{108:SCONNECT}}{4:
:20:MI080310
:25:2222222222
:28C:0328/113
:60M:C080310VEF000018082892,05
:61:080310C000000006110,92NTRF000000019967//180006
PAGO
:61:080310C000000159199,12NTRF000000019968//180006
PAGO
:61:080310C000000000065,00NTRF000000019889//180006
PAGO
:61:080310C000000000261,00NTRF000000019870//180006
PAGO
:61:080310C000000000050,00NTRF000000019826//180006
PAGO
:61:080310C000000001000,00NTRF000000019737//180006
PAGO
:61:080310C000000010000,00NTRF000000019103//180006
PAGO
:61:080310C000000000050,00NTRF000000018723//180006
PAGO
:61:080310C000000002500,00NTRF000000018711//180006
PAGO
:62M:C080310VEF000018262128,09
-}{5:{CHK:1143FB20924B}}{S:{COP:S}}${1:F21VZCRVECAAXXX5410610696}{4:{177:0404021720}{451:0}}{1:F01VZCRVECAAXXX5410610696}{2:09501717040402VZCRVECAAXXX40812675430404021720N}{3:{108:SCONNECT}}{4:
:20:MI080310
:25:2222222222
:28C:0328/114
:60M:C080310VEF000018262128,09
:61:080310C000000000200,00NTRF000000018631//180006
PAGO
:61:080310C000000001500,00NTRF000000018399//180006
PAGO
:61:080310C000000000300,00NTRF000000018229//180006
PAGO
:61:080310C000000005000,00NTRF000000018108//180006
PAGO
:61:080310C000000000700,00NTRF000000018001//180006
PAGO
:61:080310C000000003800,00NTRF000000017947//180006
PAGO
:61:080310C000000000500,00NTRF000000017803//180006
PAGO
:61:080310C000000000100,00NTRF000000017783//180006
PAGO
:61:080310C000000000400,00NTRF000000017754//180006
PAGO
:62M:C080310VEF000018274628,09
-}{5:{CHK:1143FB20924B}}{S:{COP:S}}${1:F21VZCRVECAAXXX5410610696}{4:{177:0404021720}{451:0}}{1:F01VZCRVECAAXXX5410610696}{2:09501717040402VZCRVECAAXXX40812675430404021720N}{3:{108:SCONNECT}}{4:
:20:MI080310
:25:2222222222
:28C:0328/115
:60M:C080310VEF000018274628,09
:61:080310C000000000400,00NTRF000000017757//180006
PAGO
:61:080310C000000003240,00NTRF000000017672//180006
PAGO
:61:080310C000000000180,00NTRF000000017561//180006
PAGO
:61:080310C000000308323,53NTRF000000020002//180006
PAGO
:61:080310C000000002130,00NTRF000000020004//180006
PAGO
:61:080310C000000000410,00NTRF000000018455//180006
PAGO
:61:080310C000000000200,00NTRF000000017779//180006
PAGO
:61:080310C000000000150,00NTRF000000017745//180006
PAGO
:61:080310C000000003000,00NTRF000000017670//180006
PAGO
:62M:C080310VEF000018592661,62
-}{5:{CHK:1143FB20924B}}{S:{COP:S}}${1:F21VZCRVECAAXXX5410610696}{4:{177:0404021720}{451:0}}{1:F01VZCRVECAAXXX5410610696}{2:09501717040402VZCRVECAAXXX40812675430404021720N}{3:{108:SCONNECT}}{4:
:20:MI080310
:25:2222222222
:28C:0328/116
:60M:C080310VEF000018592661,62
:61:080310C000000000800,00NTRF000000017700//180006
PAGO
:61:080310C000000001481,00NTRF000000017415//180006
PAGO
:61:080310C000000000795,00NTRF000000016932//180006
PAGO
:61:080310C000000000050,00NTRF000000009610//180006
PAGO
:61:080310C000000004601,30NTRF000000009426//180006
PAGO
:61:080310C000000005262,32NTRF000000009428//180006
PAGO
:61:080310C000000004995,00NTRF000000009193//180006
PAGO
:61:080310C000000008678,03NTRF000000009195//180006
PAGO
:61:080310C000000000122,49NTRF000000009242//180006
PAGO
:62M:C080310VEF000018619446,76
-}{5:{CHK:1143FB20924B}}{S:{COP:S}}${1:F21VZCRVECAAXXX5410610696}{4:{177:0404021720}{451:0}}{1:F01VZCRVECAAXXX5410610696}{2:09501717040402VZCRVECAAXXX40812675430404021720N}{3:{108:SCONNECT}}{4:
:20:MI080310
:25:2222222222
:28C:0328/117
:60M:C080310VEF000018619446,76
:61:080310C000000003290,00NTRF000000010609//180006
PAGO
:61:080310C000000130521,73NTRF000000020000//180006
PAGO
:61:080310C000000001632,92NTRF000000020006//180006
PAGO
:61:080310C000000000300,00NTRF000000014363//180006
PAGO
:61:080310C000000000320,00NTRF000000014298//180006
PAGO
:61:080310C000000001740,89NTRF000000014166//180006
PAGO
:61:080310C000000000615,00NTRF000000014155//180006
PAGO
:61:080310C000000000390,00NTRF000000014301//180006
PAGO
:61:080310C000000000774,00NTRF000000014319//180006
PAGO
:62M:C080310VEF000018759031,30
-}{5:{CHK:1143FB20924B}}{S:{COP:S}}${1:F21VZCRVECAAXXX5410610696}{4:{177:0404021720}{451:0}}{1:F01VZCRVECAAXXX5410610696}{2:09501717040402VZCRVECAAXXX40812675430404021720N}{3:{108:SCONNECT}}{4:
:20:MI080310
:25:2222222222
:28C:0328/118
:60M:C080310VEF000018759031,30
:61:080310C000000000030,00NTRF000000014422//180006
PAGO
:61:080310C000000000500,00NTRF000000015125//180006
PAGO
:61:080310C000000000250,00NTRF000000014617//180006
PAGO
:61:080310C000000000250,00NTRF000000015236//180006
PAGO
:61:080310C000000000230,00NTRF000000016882//180006
PAGO
:61:080310C000000000850,00NTRF000000016847//180006
PAGO
:61:080310C000000001500,00NTRF000000016693//180006
PAGO
:61:080310C000000000225,00NTRF000000016629//180006
PAGO
:61:080310C000000000280,00NTRF000000016561//180006
PAGO
:62M:C080310VEF000018763146,30
-}{5:{CHK:1143FB20924B}}{S:{COP:S}}${1:F21VZCRVECAAXXX5410610696}{4:{177:0404021720}{451:0}}{1:F01VZCRVECAAXXX5410610696}{2:09501717040402VZCRVECAAXXX40812675430404021720N}{3:{108:SCONNECT}}{4:
:20:MI080310
:25:2222222222
:28C:0328/119
:60M:C080310VEF000018763146,30
:61:080310C000000000200,00NTRF000000016465//180006
PAGO
:61:080310C000000001800,00NTRF000000016196//180006
PAGO
:61:080310C000000000600,00NTRF000000016188//180006
PAGO
:61:080310C000000000348,90NTRF000000016706//180006
PAGO
:61:080310C000000001740,00NTRF000000016889//180006
PAGO
:61:080310C000000000100,00NTRF000000017179//180006
PAGO
:61:080310C000000001200,00NTRF000000017096//180006
PAGO
:61:080310C000000002000,00NTRF000000017045//180006
PAGO
:61:080310C000000000600,00NTRF000000017204//180006
PAGO
:62M:C080310VEF000018771735,20
-}{5:{CHK:1143FB20924B}}{S:{COP:S}}${1:F21VZCRVECAAXXX5410610696}{4:{177:0404021720}{451:0}}{1:F01VZCRVECAAXXX5410610696}{2:09501717040402VZCRVECAAXXX40812675430404021720N}{3:{108:SCONNECT}}{4:
:20:MI080310
:25:2222222222
:28C:0328/120
:60M:C080310VEF000018771735,20
:61:080310C000000000500,00NTRF000000016153//180006
PAGO
:61:080310C000000005000,00NTRF000000016091//180006
PAGO
:61:080310C000000000443,00NTRF000000016083//180006
PAGO
:61:080310C000000003581,34NTRF000000016073//180006
PAGO
:61:080310C000000000700,00NTRF000000015549//180006
PAGO
:61:080310C000000000675,00NTRF000000015255//180006
PAGO
:61:080310C000000001180,00NTRF000000015997//180006
PAGO
:61:080310C000000001000,00NTRF000000015985//180006
PAGO
:61:080310C000000004111,15NTRF000000015886//180006
PAGO
:62M:C080310VEF000018788925,69
-}{5:{CHK:1143FB20924B}}{S:{COP:S}}${1:F21VZCRVECAAXXX5410610696}{4:{177:0404021720}{451:0}}{1:F01VZCRVECAAXXX5410610696}{2:09501717040402VZCRVECAAXXX40812675430404021720N}{3:{108:SCONNECT}}{4:
:20:MI080310
:25:2222222222
:28C:0328/121
:60M:C080310VEF000018788925,69
:61:080310C000000000200,00NTRF000000015866//180006
PAGO
:61:080310C000000000900,00NTRF000000015818//180006
PAGO
:61:080310C000000000654,27NTRF000000015747//180006
PAGO
:61:080310C000000001000,00NTRF000000015689//180006
PAGO
:61:080310C000000000445,00NTRF000000015641//180006
PAGO
:61:080310C000000001103,00NTRF000000015592//180006
PAGO
:61:080310C000000000350,00NTRF000000015480//180006
PAGO
:61:080310C000000000095,00NTRF000000016169//180006
PAGO
:61:080310C000000000050,00NTRF000000016167//180006
PAGO
:62M:C080310VEF000018793722,96
-}{5:{CHK:1143FB20924B}}{S:{COP:S}}${1:F21VZCRVECAAXXX5410610696}{4:{177:0404021720}{451:0}}{1:F01VZCRVECAAXXX5410610696}{2:09501717040402VZCRVECAAXXX40812675430404021720N}{3:{108:SCONNECT}}{4:
:20:MI080310
:25:2222222222
:28C:0328/122
:60M:C080310VEF000018793722,96
:61:080310C000000000600,00NTRF000000010991//180006
PAGO
:61:080310C000000000250,00NTRF000000010948//180006
PAGO
:61:080310C000000002500,00NTRF000000010906//180006
PAGO
:61:080310C000000010280,00NTRF000000010826//180006
PAGO
:61:080310C000000001000,00NTRF000000010744//180006
PAGO
:61:080310C000000000650,00NTRF000000010834//180006
PAGO
:61:080310C000000000306,45NTRF000000010930//180006
PAGO
:61:080310C000000006588,78NTRF000000010995//180006
PAGO
:61:080310C000000003200,00NTRF000000010928//180006
PAGO
:62M:C080310VEF000018819098,19
-}{5:{CHK:1143FB20924B}}{S:{COP:S}}${1:F21VZCRVECAAXXX5410610696}{4:{177:0404021720}{451:0}}{1:F01VZCRVECAAXXX5410610696}{2:09501717040402VZCRVECAAXXX40812675430404021720N}{3:{108:SCONNECT}}{4:
:20:MI080310
:25:2222222222
:28C:0328/123
:60M:C080310VEF000018819098,19
:61:080310C000000000900,00NTRF000000011026//180006
PAGO
:61:080310C000000005000,00NTRF000000013626//180006
PAGO
:61:080310C000000000030,00NTRF000000013367//180006
PAGO
:61:080310C000000000050,00NTRF000000013257//180006
PAGO
:61:080310C000000001307,99NTRF000000013156//180006
PAGO
:61:080310C000000002000,00NTRF000000013130//180006
PAGO
:61:080310C000000000278,30NTRF000000013081//180006
PAGO
:61:080310C000000000133,50NTRF000000013083//180006
PAGO
:61:080310C000000000280,00NTRF000000013025//180006
PAGO
:62M:C080310VEF000018829077,98
-}{5:{CHK:1143FB20924B}}{S:{COP:S}}${1:F21VZCRVECAAXXX5410610696}{4:{177:0404021720}{451:0}}{1:F01VZCRVECAAXXX5410610696}{2:09501717040402VZCRVECAAXXX40812675430404021720N}{3:{108:SCONNECT}}{4:
:20:MI080310
:25:2222222222
:28C:0328/124
:60M:C080310VEF000018829077,98
:61:080310C000000000400,00NTRF000000012960//180006
PAGO
:61:080310C000000000650,00NTRF000000012961//180006
PAGO
:61:080310C000000001500,00NTRF000000012907//180006
PAGO
:61:080310C000000001157,00NTRF000000012848//180006
PAGO
:61:080310C000000000837,97NTRF000000013158//180006
PAGO
:61:080310C000000000195,00NTRF000000013205//180006
PAGO
:61:080310C000000001000,00NTRF000000013283//180006
PAGO
:61:080310C000000000025,00NTRF000000013431//180006
PAGO
:61:080310C000000001000,00NTRF000000013909//180006
PAGO
:62M:C080310VEF000018835842,95
-}{5:{CHK:1143FB20924B}}{S:{COP:S}}${1:F21VZCRVECAAXXX5410610696}{4:{177:0404021720}{451:0}}{1:F01VZCRVECAAXXX5410610696}{2:09501717040402VZCRVECAAXXX40812675430404021720N}{3:{108:SCONNECT}}{4:
:20:MI080310
:25:2222222222
:28C:0328/125
:60M:C080310VEF000018835842,95
:61:080310C000000000700,00NTRF000000013826//180006
PAGO
:61:080310C000000000300,00NTRF000000013939//180006
PAGO
:61:080310C000000000300,00NTRF000000013978//180006
PAGO
:61:080310C000000000048,50NTRF000000012504//180006
PAGO
:61:080310C000000005500,00NTRF000000012655//180006
PAGO
:61:080310C000000030942,03NTRF000000012416//180006
PAGO
:61:080310C000000000400,00NTRF000000012342//180006
PAGO
:61:080310C000000000350,00NTRF000000012316//180006
PAGO
:61:080310C000000002500,00NTRF000000012240//180006
PAGO
:62M:C080310VEF000018876883,48
-}{5:{CHK:1143FB20924B}}{S:{COP:S}}${1:F21VZCRVECAAXXX5410610696}{4:{177:0404021720}{451:0}}{1:F01VZCRVECAAXXX5410610696}{2:09501717040402VZCRVECAAXXX40812675430404021720N}{3:{108:SCONNECT}}{4:
:20:MI080310
:25:2222222222
:28C:0328/126
:60M:C080310VEF000018876883,48
:61:080310C000000000473,00NTRF000000011933//180006
PAGO
:61:080310C000000000800,00NTRF000000011423//180006
PAGO
:61:080310C000000000500,00NTRF000000011336//180006
PAGO
:61:080310C000000001300,00NTRF000000011286//180006
PAGO
:61:080310C000000003176,90NTRF000000011859//180006
PAGO
:61:080310C000000003300,00NTRF000000011818//180006
PAGO
:61:080310C000000002000,00NTRF000000011722//180006
PAGO
:61:080310C000000001583,56NTRF000000011693//180006
PAGO
:61:080310C000000001300,00NTRF000000011664//180006
PAGO
:62M:C080310VEF000018891316,94
-}{5:{CHK:1143FB20924B}}{S:{COP:S}}${1:F21VZCRVECAAXXX5410610696}{4:{177:0404021720}{451:0}}{1:F01VZCRVECAAXXX5410610696}{2:09501717040402VZCRVECAAXXX40812675430404021720N}{3:{108:SCONNECT}}{4:
:20:MI080310
:25:2222222222
:28C:0328/127
:60M:C080310VEF000018891316,94
:61:080310C000000000300,00NTRF000000011650//180006
PAGO
:61:080310C000000001000,00NTRF000000011644//180006
PAGO
:61:080310C000000000500,00NTRF000000011590//180006
PAGO
:61:080310C000000042750,00NTRF000000011524//180006
PAGO
:61:080310C000000004000,00NTRF000000011143//180006
PAGO
:61:080310C000000005682,83NTRF000000011875//180006
PAGO
:61:080310C000000001505,00NTRF000000012239//180006
PAGO
:61:080310C000000000030,00NTRF000000012291//180006
PAGO
:61:080310C000000000100,00NTRF000000012318//180006
PAGO
:62M:C080310VEF000018947184,77
-}{5:{CHK:1143FB20924B}}{S:{COP:S}}${1:F21VZCRVECAAXXX5410610696}{4:{177:0404021720}{451:0}}{1:F01VZCRVECAAXXX5410610696}{2:09501717040402VZCRVECAAXXX40812675430404021720N}{3:{108:SCONNECT}}{4:
:20:MI080310
:25:2222222222
:28C:0328/128
:60M:C080310VEF000018947184,77
:61:080310C000000000100,00NTRF000000012441//180006
PAGO
:61:080310C000000000400,00NTRF000000012720//180006
PAGO
:61:080310C000000002105,25NTRF000000019959//180006
PAGO
:61:080310C000001042473,26NTRF000000019972//180006
PAGO
:61:080310C000000006619,91NTRF000000019989//180006
PAGO
:61:080310C000000063122,44NTRF000000019987//180006
PAGO
:61:080310C000000027994,00NTRF000000019985//180006
PAGO
:61:080310C000001261140,00NTRF000000019970//180006
PAGO
:61:080310C000000174740,87NTRF000000019991//180006
PAGO
:62M:C080310VEF000021525880,50
-}{5:{CHK:1143FB20924B}}{S:{COP:S}}${1:F21VZCRVECAAXXX5410610696}{4:{177:0404021720}{451:0}}{1:F01VZCRVECAAXXX5410610696}{2:09501717040402VZCRVECAAXXX40812675430404021720N}{3:{108:SCONNECT}}{4:
:20:MI080310
:25:2222222222
:28C:0328/129
:60M:C080310VEF000021525880,50
:61:080310C000000001313,60NTRF000000010104//180006
PAGO
:61:080310C000000000500,00NTRF000000011925//180006
PAGO
:61:080310C000000000197,00NTRF000000011670//180006
PAGO
:61:080310C000000000439,95NTRF000000014124//180006
PAGO
:61:080310C000000000238,60NTRF000000013985//180006
PAGO
:61:080310C000000010000,00NTRF000000013157//180006
PAGO
:61:080310C000000001121,80NTRF000000013159//180006
PAGO
:61:080310C000000001500,00NTRF000000013069//180006
PAGO
:61:080310C000000020441,52NTRF000000019975//180006
PAGO
:62M:C080310VEF000021561632,97
-}{5:{CHK:1143FB20924B}}{S:{COP:S}}${1:F21VZCRVECAAXXX5410610696}{4:{177:0404021720}{451:0}}{1:F01VZCRVECAAXXX5410610696}{2:09501717040402VZCRVECAAXXX40812675430404021720N}{3:{108:SCONNECT}}{4:
:20:MI080310
:25:2222222222
:28C:0328/130
:60M:C080310VEF000021561632,97
:61:080310C000000025333,60NTRF000000019988//180006
PAGO
:61:080310C000000003951,68NTRF000000019990//180006
PAGO
:61:080310C000000000081,86NTRF000000020003//180006
PAGO
:61:080310C000000038736,30NTRF000000020005//180006
PAGO
:61:080310D000021629736,41NTRF000020080310//180006
N/D
:62F:C080310VEF000000000000,00
-}{5:{CHK:96FA6004455F}}{S:{COP:S}}
