{1:F21VZCRVECAAXXX5410610696}{4:{177:0404021720}{451:0}}{1:F01VZCRVECAAXXX5410610696}{2:09501717040402VZCRVECAAXXX40812675430404021720N}{3:{108:SCONNECT}}{4:
:20:MI081211
:25:2222222222
:28C:0517/001
:60F:C081211VEF000000000000,00
:61:081211C000000003510,00NTRF000000000874//180009
PAGO
:61:081211C000000021233,56NTRF000000001017//180009
PAGO
:61:081211C000000025000,00NTRF000000181089//180009
PAGO
:61:081211C000000000400,00NTRF000000181121//180009
PAGO
:61:081211C000000000200,00NTRF000000181156//180009
PAGO
:61:081211C000000002500,00NTRF000000181169//180009
PAGO
:61:081211C000000000300,00NTRF000000181175//180009
PAGO
:62M:C081211VEF000000053143,56
-}{5:{CHK:1143FB20924B}}{S:{COP:S}}${1:F21VZCRVECAAXXX5410610696}{4:{177:0404021720}{451:0}}{1:F01VZCRVECAAXXX5410610696}{2:09501717040402VZCRVECAAXXX40812675430404021720N}{3:{108:SCONNECT}}{4:
:20:MI081211
:25:2222222222
:28C:0517/002
:60M:C081211VEF000000053143,56
:61:081211C000000000400,00NTRF000000181300//180009
PAGO
:61:081211C000000000540,00NTRF000000181320//180009
PAGO
:61:081211C000000001500,00NTRF000000178204//180009
PAGO
:61:081211C000000000500,00NTRF000000178260//180009
PAGO
:61:081211C000000000300,00NTRF000000178285//180009
PAGO
:61:081211C000000000222,00NTRF000000178386//180009
PAGO
:61:081211C000000009500,00NTRF000000178406//180009
PAGO
:61:081211C000000009800,00NTRF000000178429//180009
PAGO
:61:081211C000000002000,00NTRF000000178479//180009
PAGO
:62M:C081211VEF000000077905,56
-}{5:{CHK:1143FB20924B}}{S:{COP:S}}${1:F21VZCRVECAAXXX5410610696}{4:{177:0404021720}{451:0}}{1:F01VZCRVECAAXXX5410610696}{2:09501717040402VZCRVECAAXXX40812675430404021720N}{3:{108:SCONNECT}}{4:
:20:MI081211
:25:2222222222
:28C:0517/003
:60M:C081211VEF000000077905,56
:61:081211C000000000500,00NTRF000000178511//180009
PAGO
:61:081211C000000000355,00NTRF000000178728//180009
PAGO
:61:081211C000000000300,00NTRF000000178753//180009
PAGO
:61:081211C000000000050,00NTRF000000177514//180009
PAGO
:61:081211C000000005000,00NTRF000000177544//180009
PAGO
:61:081211C000000000779,00NTRF000000177548//180009
PAGO
:61:081211C000000001000,00NTRF000000177607//180009
PAGO
:61:081211C000000000380,00NTRF000000177649//180009
PAGO
:61:081211C000000001990,00NTRF000000177683//180009
PAGO
:62M:C081211VEF000000088259,56
-}{5:{CHK:1143FB20924B}}{S:{COP:S}}${1:F21VZCRVECAAXXX5410610696}{4:{177:0404021720}{451:0}}{1:F01VZCRVECAAXXX5410610696}{2:09501717040402VZCRVECAAXXX40812675430404021720N}{3:{108:SCONNECT}}{4:
:20:MI081211
:25:2222222222
:28C:0517/004
:60M:C081211VEF000000088259,56
:61:081211C000000007000,00NTRF000000177723//180009
PAGO
:61:081211C000000001000,00NTRF000000177728//180009
PAGO
:61:081211C000000002000,00NTRF000000177793//180009
PAGO
:61:081211C000000000500,00NTRF000000177795//180009
PAGO
:61:081211C000000000200,00NTRF000000177804//180009
PAGO
:61:081211C000000001595,00NTRF000000177871//180009
PAGO
:61:081211C000000000340,00NTRF000000177998//180009
PAGO
:61:081211C000000003400,63NTRF000000177056//180009
PAGO
:61:081211C000000000130,00NTRF000000177136//180009
PAGO
:62M:C081211VEF000000104425,19
-}{5:{CHK:1143FB20924B}}{S:{COP:S}}${1:F21VZCRVECAAXXX5410610696}{4:{177:0404021720}{451:0}}{1:F01VZCRVECAAXXX5410610696}{2:09501717040402VZCRVECAAXXX40812675430404021720N}{3:{108:SCONNECT}}{4:
:20:MI081211
:25:2222222222
:28C:0517/005
:60M:C081211VEF000000104425,19
:61:081211C000000000100,00NTRF000000177248//180009
PAGO
:61:081211C000000000550,00NTRF000000177286//180009
PAGO
:61:081211C000000000994,00NTRF000000177295//180009
PAGO
:61:081211C000000011000,00NTRF000000177317//180009
PAGO
:61:081211C000000000180,00NTRF000000177333//180009
PAGO
:61:081211C000000002125,00NTRF000000177368//180009
PAGO
:61:081211C000000000500,00NTRF000000177379//180009
PAGO
:61:081211C000000031214,56NTRF000000000619//180009
PAGO
:61:081211C000000002726,78NTRF000000000499//180009
PAGO
:62M:C081211VEF000000153815,53
-}{5:{CHK:1143FB20924B}}{S:{COP:S}}${1:F21VZCRVECAAXXX5410610696}{4:{177:0404021720}{451:0}}{1:F01VZCRVECAAXXX5410610696}{2:09501717040402VZCRVECAAXXX40812675430404021720N}{3:{108:SCONNECT}}{4:
:20:MI081211
:25:2222222222
:28C:0517/006
:60M:C081211VEF000000153815,53
:61:081211C000000010625,62NTRF000000000490//180009
PAGO
:61:081211C000000002243,62NTRF000000000493//180009
PAGO
:61:081211C000000039280,00NTRF000000000477//180009
PAGO
:61:081211C000000001998,25NTRF000000000510//180009
PAGO
:61:081211C000000071593,74NTRF000000000623//180009
PAGO
:61:081211C000000000001,22NTRF000000000656//180009
PAGO
:61:081211C000000019985,76NTRF000000000711//180009
PAGO
:61:081211C000000008646,26NTRF000003240491//180009
PAGO
:61:081211C000000000115,78NTRF000003240492//180009
PAGO
:62M:C081211VEF000000308305,78
-}{5:{CHK:1143FB20924B}}{S:{COP:S}}${1:F21VZCRVECAAXXX5410610696}{4:{177:0404021720}{451:0}}{1:F01VZCRVECAAXXX5410610696}{2:09501717040402VZCRVECAAXXX40812675430404021720N}{3:{108:SCONNECT}}{4:
:20:MI081211
:25:2222222222
:28C:0517/007
:60M:C081211VEF000000308305,78
:61:081211C000000000060,00NTRF000003240493//180009
PAGO
:61:081211C000000003230,00NTRF000002449692//180009
PAGO
:61:081211C000000016081,20NTRF000002449695//180009
PAGO
:61:081211C000000039266,16NTRF000002449710//180009
PAGO
:61:081211C000000002140,00NTRF000002449734//180009
PAGO
:61:081211C000000001000,00NTRF000000179702//180009
PAGO
:61:081211C000000001700,00NTRF000000179742//180009
PAGO
:61:081211C000000000251,82NTRF000000179780//180009
PAGO
:61:081211C000000004750,00NTRF000000179809//180009
PAGO
:62M:C081211VEF000000376784,96
-}{5:{CHK:1143FB20924B}}{S:{COP:S}}${1:F21VZCRVECAAXXX5410610696}{4:{177:0404021720}{451:0}}{1:F01VZCRVECAAXXX5410610696}{2:09501717040402VZCRVECAAXXX40812675430404021720N}{3:{108:SCONNECT}}{4:
:20:MI081211
:25:2222222222
:28C:0517/008
:60M:C081211VEF000000376784,96
:61:081211C000000000600,00NTRF000000179866//180009
PAGO
:61:081211C000000001000,00NTRF000000179938//180009
PAGO
:61:081211C000000000307,46NTRF000003239972//180009
PAGO
:61:081211C000000011500,50NTRF000003239974//180009
PAGO
:61:081211C000000002944,92NTRF000003239976//180009
PAGO
:61:081211C000000001320,00NTRF000000178831//180009
PAGO
:61:081211C000000001000,00NTRF000000178891//180009
PAGO
:61:081211C000000001000,00NTRF000000178900//180009
PAGO
:61:081211C000000006435,00NTRF000000178920//180009
PAGO
:62M:C081211VEF000000402892,84
-}{5:{CHK:1143FB20924B}}{S:{COP:S}}${1:F21VZCRVECAAXXX5410610696}{4:{177:0404021720}{451:0}}{1:F01VZCRVECAAXXX5410610696}{2:09501717040402VZCRVECAAXXX40812675430404021720N}{3:{108:SCONNECT}}{4:
:20:MI081211
:25:2222222222
:28C:0517/009
:60M:C081211VEF000000402892,84
:61:081211C000000002942,00NTRF000000178961//180009
PAGO
:61:081211C000000001000,00NTRF000000179004//180009
PAGO
:61:081211C000000000285,00NTRF000000179029//180009
PAGO
:61:081211C000000000168,00NTRF000000179140//180009
PAGO
:61:081211C000000000610,70NTRF000002449418//180009
PAGO
:61:081211C000000000403,10NTRF000002449419//180009
PAGO
:61:081211C000000006639,86NTRF000002449420//180009
PAGO
:61:081211C000000018132,12NTRF000002449421//180009
PAGO
:61:081211C000000001050,00NTRF000000179391//180009
PAGO
:62M:C081211VEF000000434123,62
-}{5:{CHK:1143FB20924B}}{S:{COP:S}}${1:F21VZCRVECAAXXX5410610696}{4:{177:0404021720}{451:0}}{1:F01VZCRVECAAXXX5410610696}{2:09501717040402VZCRVECAAXXX40812675430404021720N}{3:{108:SCONNECT}}{4:
:20:MI081211
:25:2222222222
:28C:0517/010
:60M:C081211VEF000000434123,62
:61:081211C000000000200,00NTRF000000178016//180009
PAGO
:61:081211C000000002000,00NTRF000000178039//180009
PAGO
:61:081211C000000000039,00NTRF000000178092//180009
PAGO
:61:081211C000000000300,00NTRF000000175720//180009
PAGO
:61:081211C000000000406,00NTRF000000175831//180009
PAGO
:61:081211C000000067673,23NTRF000002449785//180009
PAGO
:61:081211C000000658995,52NTRF000002449786//180009
PAGO
:61:081211C000000136407,86NTRF000002449787//180009
PAGO
:61:081211C000000003539,61NTRF000002449788//180009
PAGO
:62M:C081211VEF000001303684,84
-}{5:{CHK:1143FB20924B}}{S:{COP:S}}${1:F21VZCRVECAAXXX5410610696}{4:{177:0404021720}{451:0}}{1:F01VZCRVECAAXXX5410610696}{2:09501717040402VZCRVECAAXXX40812675430404021720N}{3:{108:SCONNECT}}{4:
:20:MI081211
:25:2222222222
:28C:0517/011
:60M:C081211VEF000001303684,84
:61:081211C000000000230,00NTRF000000181556//180009
PAGO
:61:081211C000000000800,00NTRF000000181567//180009
PAGO
:61:081211C000000002000,00NTRF000000181621//180009
PAGO
:61:081211C000000002000,00NTRF000000181624//180009
PAGO
:61:081211C000000002000,00NTRF000000181642//180009
PAGO
:61:081211C000000000635,00NTRF000000181682//180009
PAGO
:61:081211C000000002000,00NTRF000000181707//180009
PAGO
:61:081211C000000000060,00NTRF000000181726//180009
PAGO
:61:081211C000000000040,00NTRF000000181784//180009
PAGO
:62M:C081211VEF000001313449,84
-}{5:{CHK:1143FB20924B}}{S:{COP:S}}${1:F21VZCRVECAAXXX5410610696}{4:{177:0404021720}{451:0}}{1:F01VZCRVECAAXXX5410610696}{2:09501717040402VZCRVECAAXXX40812675430404021720N}{3:{108:SCONNECT}}{4:
:20:MI081211
:25:2222222222
:28C:0517/012
:60M:C081211VEF000001313449,84
:61:081211C000000000407,50NTRF000000181787//180009
PAGO
:61:081211C000000018474,49NTRF000003240592//180009
PAGO
:61:081211C000000027749,23NTRF000003240629//180009
PAGO
:61:081211C000000000816,05NTRF000003240657//180009
PAGO
:61:081211C000000003014,00NTRF000003240664//180009
PAGO
:61:081211C000000005000,00NTRF000000183008//180009
PAGO
:61:081211C000000000150,00NTRF000000183049//180009
PAGO
:61:081211C000000001550,00NTRF000000183057//180009
PAGO
:61:081211C000000002525,00NTRF000000183063//180009
PAGO
:62M:C081211VEF000001373136,11
-}{5:{CHK:1143FB20924B}}{S:{COP:S}}${1:F21VZCRVECAAXXX5410610696}{4:{177:0404021720}{451:0}}{1:F01VZCRVECAAXXX5410610696}{2:09501717040402VZCRVECAAXXX40812675430404021720N}{3:{108:SCONNECT}}{4:
:20:MI081211
:25:2222222222
:28C:0517/013
:60M:C081211VEF000001373136,11
:61:081211C000000000100,00NTRF000000182131//180009
PAGO
:61:081211C000000000500,00NTRF000000182177//180009
PAGO
:61:081211C000000000250,00NTRF000000182330//180009
PAGO
:61:081211C000000000860,00NTRF000000182365//180009
PAGO
:61:081211C000000000410,00NTRF000000182381//180009
PAGO
:61:081211C000000000250,00NTRF000000183743//180009
PAGO
:61:081211C000000000360,00NTRF000000183746//180009
PAGO
:61:081211C000000001000,00NTRF000000183769//180009
PAGO
:61:081211C000000028981,21NTRF000003240723//180009
PAGO
:62M:C081211VEF000001405847,32
-}{5:{CHK:1143FB20924B}}{S:{COP:S}}${1:F21VZCRVECAAXXX5410610696}{4:{177:0404021720}{451:0}}{1:F01VZCRVECAAXXX5410610696}{2:09501717040402VZCRVECAAXXX40812675430404021720N}{3:{108:SCONNECT}}{4:
:20:MI081211
:25:2222222222
:28C:0517/014
:60M:C081211VEF000001405847,32
:61:081211C000000106040,27NTRF000003240746//180009
PAGO
:61:081211C000000000343,29NTRF000003241426//180009
PAGO
:61:081211C000000000479,25NTRF000003241427//180009
PAGO
:61:081211C000000001175,75NTRF000003241428//180009
PAGO
:61:081211C000000001000,00NTRF000000182688//180009
PAGO
:61:081211C000000003052,34NTRF000000185333//180009
PAGO
:61:081211C000000000750,00NTRF000000185354//180009
PAGO
:61:081211C000000002500,00NTRF000000185394//180009
PAGO
:61:081211C000000000400,00NTRF000000185425//180009
PAGO
:62M:C081211VEF000001521588,22
-}{5:{CHK:1143FB20924B}}{S:{COP:S}}${1:F21VZCRVECAAXXX5410610696}{4:{177:0404021720}{451:0}}{1:F01VZCRVECAAXXX5410610696}{2:09501717040402VZCRVECAAXXX40812675430404021720N}{3:{108:SCONNECT}}{4:
:20:MI081211
:25:2222222222
:28C:0517/015
:60M:C081211VEF000001521588,22
:61:081211C000000000800,00NTRF000000185431//180009
PAGO
:61:081211C000000001000,00NTRF000000185440//180009
PAGO
:61:081211C000000001000,00NTRF000000185446//180009
PAGO
:61:081211C000000000500,00NTRF000000185532//180009
PAGO
:61:081211C000000001014,32NTRF000003241438//180009
PAGO
:61:081211C000000000248,96NTRF000003241893//180009
PAGO
:61:081211C000000002503,50NTRF000003242035//180009
PAGO
:61:081211C000000026223,66NTRF000003242057//180009
PAGO
:61:081211C000000023000,00NTRF000000183111//180009
PAGO
:62M:C081211VEF000001577878,66
-}{5:{CHK:1143FB20924B}}{S:{COP:S}}${1:F21VZCRVECAAXXX5410610696}{4:{177:0404021720}{451:0}}{1:F01VZCRVECAAXXX5410610696}{2:09501717040402VZCRVECAAXXX40812675430404021720N}{3:{108:SCONNECT}}{4:
:20:MI081211
:25:2222222222
:28C:0517/016
:60M:C081211VEF000001577878,66
:61:081211C000000000300,00NTRF000000183121//180009
PAGO
:61:081211C000000000200,00NTRF000000183154//180009
PAGO
:61:081211C000000001920,00NTRF000000183278//180009
PAGO
:61:081211C000000001305,62NTRF000002449832//180009
PAGO
:61:081211C000000000326,76NTRF000003241429//180009
PAGO
:61:081211C000000000601,98NTRF000003241430//180009
PAGO
:61:081211C000000000326,76NTRF000003241431//180009
PAGO
:61:081211C000000000353,99NTRF000003241432//180009
PAGO
:61:081211C000000000482,36NTRF000003241433//180009
PAGO
:62M:C081211VEF000001583696,13
-}{5:{CHK:1143FB20924B}}{S:{COP:S}}${1:F21VZCRVECAAXXX5410610696}{4:{177:0404021720}{451:0}}{1:F01VZCRVECAAXXX5410610696}{2:09501717040402VZCRVECAAXXX40812675430404021720N}{3:{108:SCONNECT}}{4:
:20:MI081211
:25:2222222222
:28C:0517/017
:60M:C081211VEF000001583696,13
:61:081211C000000000708,95NTRF000003241434//180009
PAGO
:61:081211C000000000478,95NTRF000003241435//180009
PAGO
:61:081211C000000000381,22NTRF000003241436//180009
PAGO
:61:081211C000000000220,76NTRF000003241437//180009
PAGO
:61:081211C000000000510,00NTRF000000185609//180009
PAGO
:61:081211C000000000440,00NTRF000000185855//180009
PAGO
:61:081211C000000000500,00NTRF000000185905//180009
PAGO
:61:081211C000000000218,00NTRF000000185256//180009
PAGO
:61:081211C000000000100,00NTRF000000185319//180009
PAGO
:62M:C081211VEF000001587254,01
-}{5:{CHK:1143FB20924B}}{S:{COP:S}}${1:F21VZCRVECAAXXX5410610696}{4:{177:0404021720}{451:0}}{1:F01VZCRVECAAXXX5410610696}{2:09501717040402VZCRVECAAXXX40812675430404021720N}{3:{108:SCONNECT}}{4:
:20:MI081211
:25:2222222222
:28C:0517/018
:60M:C081211VEF000001587254,01
:61:081211C000000002350,00NTRF000000185216//180009
PAGO
:61:081211C000000000700,00NTRF000000185211//180009
PAGO
:61:081211C000000048719,16NTRF000003242083//180009
PAGO
:61:081211C000000000700,00NTRF000000182691//180009
PAGO
:61:081211C000000000350,00NTRF000000182770//180009
PAGO
:61:081211C000000003200,00NTRF000000182863//180009
PAGO
:61:081211C000000010000,00NTRF000000182892//180009
PAGO
:61:081211C000000000900,00NTRF000000182898//180009
PAGO
:61:081211C000000002200,00NTRF000000182918//180009
PAGO
:62M:C081211VEF000001656373,17
-}{5:{CHK:1143FB20924B}}{S:{COP:S}}${1:F21VZCRVECAAXXX5410610696}{4:{177:0404021720}{451:0}}{1:F01VZCRVECAAXXX5410610696}{2:09501717040402VZCRVECAAXXX40812675430404021720N}{3:{108:SCONNECT}}{4:
:20:MI081211
:25:2222222222
:28C:0517/019
:60M:C081211VEF000001656373,17
:61:081211C000000002000,00NTRF000000182997//180009
PAGO
:61:081211C000000010000,00NTRF000000183001//180009
PAGO
:61:081211C000000000200,00NTRF000000182404//180009
PAGO
:61:081211C000000000160,00NTRF000000182411//180009
PAGO
:61:081211C000000002000,00NTRF000000182475//180009
PAGO
:61:081211C000000008888,00NTRF000000182542//180009
PAGO
:61:081211C000000000405,00NTRF000000182543//180009
PAGO
:61:081211C000000000160,00NTRF000000182580//180009
PAGO
:61:081211C000000004000,00NTRF000000182586//180009
PAGO
:62M:C081211VEF000001684186,17
-}{5:{CHK:1143FB20924B}}{S:{COP:S}}${1:F21VZCRVECAAXXX5410610696}{4:{177:0404021720}{451:0}}{1:F01VZCRVECAAXXX5410610696}{2:09501717040402VZCRVECAAXXX40812675430404021720N}{3:{108:SCONNECT}}{4:
:20:MI081211
:25:2222222222
:28C:0517/020
:60M:C081211VEF000001684186,17
:61:081211C000000001900,00NTRF000000182606//180009
PAGO
:61:081211C000000009178,68NTRF000003240670//180009
PAGO
:61:081211C000000000613,50NTRF000000182021//180009
PAGO
:61:081211C000000003224,00NTRF000000182100//180009
PAGO
:61:081211C000000084813,84NTRF000002449781//180009
PAGO
:61:081211C000000058116,27NTRF000002449782//180009
PAGO
:61:081211C000000001508,46NTRF000002449783//180009
PAGO
:61:081211C000000002205,50NTRF000002449784//180009
PAGO
:61:081211C000000001030,00NTRF000000181062//180009
PAGO
:62M:C081211VEF000001846776,42
-}{5:{CHK:1143FB20924B}}{S:{COP:S}}${1:F21VZCRVECAAXXX5410610696}{4:{177:0404021720}{451:0}}{1:F01VZCRVECAAXXX5410610696}{2:09501717040402VZCRVECAAXXX40812675430404021720N}{3:{108:SCONNECT}}{4:
:20:MI081211
:25:2222222222
:28C:0517/021
:60M:C081211VEF000001846776,42
:61:081211C000000005000,00NTRF000000052643//180009
PAGO
:61:081211C000000000210,00NTRF000000052486//180009
PAGO
:61:081211C000000000350,00NTRF000000052476//180009
PAGO
:61:081211C000000000540,00NTRF000000052434//180009
PAGO
:61:081211C000000002336,00NTRF000000052404//180009
PAGO
:61:081211C000000000510,00NTRF000000054381//180009
PAGO
:61:081211C000000000380,00NTRF000000054109//180009
PAGO
:61:081211C000000000678,60NTRF000000054115//180009
PAGO
:61:081211C000000002000,00NTRF000000054053//180009
PAGO
:62M:C081211VEF000001858781,02
-}{5:{CHK:1143FB20924B}}{S:{COP:S}}${1:F21VZCRVECAAXXX5410610696}{4:{177:0404021720}{451:0}}{1:F01VZCRVECAAXXX5410610696}{2:09501717040402VZCRVECAAXXX40812675430404021720N}{3:{108:SCONNECT}}{4:
:20:MI081211
:25:2222222222
:28C:0517/022
:60M:C081211VEF000001858781,02
:61:081211C000000001000,00NTRF000000054061//180009
PAGO
:61:081211C000000016141,00NTRF000000054028//180009
PAGO
:61:081211C000000000100,00NTRF000000053559//180009
PAGO
:61:081211C000000001500,00NTRF000000053534//180009
PAGO
:61:081211C000000000500,00NTRF000000053520//180009
PAGO
:61:081211C000000000430,00NTRF000000051304//180009
PAGO
:61:081211C000000000650,00NTRF000000051290//180009
PAGO
:61:081211C000000000005,00NTRF000000051214//180009
PAGO
:61:081211C000000001500,00NTRF000000051174//180009
PAGO
:62M:C081211VEF000001880607,02
-}{5:{CHK:1143FB20924B}}{S:{COP:S}}${1:F21VZCRVECAAXXX5410610696}{4:{177:0404021720}{451:0}}{1:F01VZCRVECAAXXX5410610696}{2:09501717040402VZCRVECAAXXX40812675430404021720N}{3:{108:SCONNECT}}{4:
:20:MI081211
:25:2222222222
:28C:0517/023
:60M:C081211VEF000001880607,02
:61:081211C000000004281,30NTRF000000051156//180009
PAGO
:61:081211C000000000355,00NTRF000000051121//180009
PAGO
:61:081211C000000005409,91NTRF000000050924//180009
PAGO
:61:081211C000000004686,69NTRF000000050917//180009
PAGO
:61:081211C000000012906,67NTRF000000050923//180009
PAGO
:61:081211C000000004240,00NTRF000000054860//180009
PAGO
:61:081211C000000005000,00NTRF000000053826//180009
PAGO
:61:081211C000000009200,00NTRF000000054761//180009
PAGO
:61:081211C000000000010,00NTRF000000054718//180009
PAGO
:62M:C081211VEF000001926696,59
-}{5:{CHK:1143FB20924B}}{S:{COP:S}}${1:F21VZCRVECAAXXX5410610696}{4:{177:0404021720}{451:0}}{1:F01VZCRVECAAXXX5410610696}{2:09501717040402VZCRVECAAXXX40812675430404021720N}{3:{108:SCONNECT}}{4:
:20:MI081211
:25:2222222222
:28C:0517/024
:60M:C081211VEF000001926696,59
:61:081211C000000000500,00NTRF000000054723//180009
PAGO
:61:081211C000000000060,00NTRF000000054655//180009
PAGO
:61:081211C000000000015,00NTRF000000054656//180009
PAGO
:61:081211C000000000250,00NTRF000000054623//180009
PAGO
:61:081211C000000000500,00NTRF000000054525//180009
PAGO
:61:081211C000000000200,00NTRF000000054378//180009
PAGO
:61:081211C000000006442,00NTRF000000053333//180009
PAGO
:61:081211C000000000085,00NTRF000000053334//180009
PAGO
:61:081211C000000002000,00NTRF000000053322//180009
PAGO
:62M:C081211VEF000001936748,59
-}{5:{CHK:1143FB20924B}}{S:{COP:S}}${1:F21VZCRVECAAXXX5410610696}{4:{177:0404021720}{451:0}}{1:F01VZCRVECAAXXX5410610696}{2:09501717040402VZCRVECAAXXX40812675430404021720N}{3:{108:SCONNECT}}{4:
:20:MI081211
:25:2222222222
:28C:0517/025
:60M:C081211VEF000001936748,59
:61:081211C000000011362,93NTRF000000053294//180009
PAGO
:61:081211C000000000392,14NTRF000000053164//180009
PAGO
:61:081211C000000002415,00NTRF000000053097//180009
PAGO
:61:081211C000000001200,00NTRF000000053054//180009
PAGO
:61:081211C000000001400,00NTRF000000053012//180009
PAGO
:61:081211C000000000500,00NTRF000000051796//180009
PAGO
:61:081211C000000000017,00NTRF000000051599//180009
PAGO
:61:081211C000000001258,27NTRF000000051532//180009
PAGO
:61:081211C000000000300,00NTRF000000051504//180009
PAGO
:62M:C081211VEF000001955593,93
-}{5:{CHK:1143FB20924B}}{S:{COP:S}}${1:F21VZCRVECAAXXX5410610696}{4:{177:0404021720}{451:0}}{1:F01VZCRVECAAXXX5410610696}{2:09501717040402VZCRVECAAXXX40812675430404021720N}{3:{108:SCONNECT}}{4:
:20:MI081211
:25:2222222222
:28C:0517/026
:60M:C081211VEF000001955593,93
:61:081211C000000000100,00NTRF000000051513//180009
PAGO
:61:081211C000000001000,00NTRF000000051427//180009
PAGO
:61:081211C000000001000,00NTRF000000051369//180009
PAGO
:61:081211C000000001000,00NTRF000000051352//180009
PAGO
:61:081211C000000001400,00NTRF000000073601//180009
PAGO
:61:081211C000000000230,00NTRF000000073518//180009
PAGO
:61:081211C000000001170,00NTRF000000073506//180009
PAGO
:61:081211C000000001000,00NTRF000000073545//180009
PAGO
:61:081211C000000002000,00NTRF000000073569//180009
PAGO
:62M:C081211VEF000001964493,93
-}{5:{CHK:1143FB20924B}}{S:{COP:S}}${1:F21VZCRVECAAXXX5410610696}{4:{177:0404021720}{451:0}}{1:F01VZCRVECAAXXX5410610696}{2:09501717040402VZCRVECAAXXX40812675430404021720N}{3:{108:SCONNECT}}{4:
:20:MI081211
:25:2222222222
:28C:0517/027
:60M:C081211VEF000001964493,93
:61:081211C000000000548,06NTRF000000073566//180009
PAGO
:61:081211C000000001000,00NTRF000000061334//180009
PAGO
:61:081211C000000000440,00NTRF000000061065//180009
PAGO
:61:081211C000000014000,00NTRF000000060951//180009
PAGO
:61:081211C000000001000,00NTRF000000060954//180009
PAGO
:61:081211C000000004873,30NTRF000000060908//180009
PAGO
:61:081211C000000001500,00NTRF000000060851//180009
PAGO
:61:081211C000000002500,00NTRF000000060743//180009
PAGO
:61:081211C000000002000,00NTRF000000060661//180009
PAGO
:62M:C081211VEF000001992355,29
-}{5:{CHK:1143FB20924B}}{S:{COP:S}}${1:F21VZCRVECAAXXX5410610696}{4:{177:0404021720}{451:0}}{1:F01VZCRVECAAXXX5410610696}{2:09501717040402VZCRVECAAXXX40812675430404021720N}{3:{108:SCONNECT}}{4:
:20:MI081211
:25:2222222222
:28C:0517/028
:60M:C081211VEF000001992355,29
:61:081211C000000001000,00NTRF000000061892//180009
PAGO
:61:081211C000000010000,00NTRF000000061865//180009
PAGO
:61:081211C000000002850,00NTRF000000061775//180009
PAGO
:61:081211C000000000120,00NTRF000000061757//180009
PAGO
:61:081211C000000000090,00NTRF000000061698//180009
PAGO
:61:081211C000000000600,00NTRF000000061673//180009
PAGO
:61:081211C000000000336,00NTRF000000061476//180009
PAGO
:61:081211C000000000640,00NTRF000000061392//180009
PAGO
:61:081211C000000006060,00NTRF000000061398//180009
PAGO
:62M:C081211VEF000002014051,29
-}{5:{CHK:1143FB20924B}}{S:{COP:S}}${1:F21VZCRVECAAXXX5410610696}{4:{177:0404021720}{451:0}}{1:F01VZCRVECAAXXX5410610696}{2:09501717040402VZCRVECAAXXX40812675430404021720N}{3:{108:SCONNECT}}{4:
:20:MI081211
:25:2222222222
:28C:0517/029
:60M:C081211VEF000002014051,29
:61:081211C000000000100,00NTRF000000073098//180009
PAGO
:61:081211C000000000645,00NTRF000000073094//180009
PAGO
:61:081211C000000000300,00NTRF000000072226//180009
PAGO
:61:081211C000000001385,00NTRF000000072180//180009
PAGO
:61:081211C000000000180,00NTRF000000072042//180009
PAGO
:61:081211C000000003550,00NTRF000000072847//180009
PAGO
:61:081211C000000009000,00NTRF000000072841//180009
PAGO
:61:081211C000000002500,00NTRF000000072678//180009
PAGO
:61:081211C000000000603,54NTRF000000062428//180009
PAGO
:62M:C081211VEF000002032314,83
-}{5:{CHK:1143FB20924B}}{S:{COP:S}}${1:F21VZCRVECAAXXX5410610696}{4:{177:0404021720}{451:0}}{1:F01VZCRVECAAXXX5410610696}{2:09501717040402VZCRVECAAXXX40812675430404021720N}{3:{108:SCONNECT}}{4:
:20:MI081211
:25:2222222222
:28C:0517/030
:60M:C081211VEF000002032314,83
:61:081211C000000000500,00NTRF000000062092//180009
PAGO
:61:081211C000000000315,00NTRF000000062061//180009
PAGO
:61:081211C000000001000,00NTRF000000073455//180009
PAGO
:61:081211C000000004510,00NTRF000000073422//180009
PAGO
:61:081211C000000000600,00NTRF000000073331//180009
PAGO
:61:081211C000000001000,00NTRF000000073320//180009
PAGO
:61:081211C000000000010,00NTRF000000073325//180009
PAGO
:61:081211C000000008500,00NTRF000000073328//180009
PAGO
:61:081211C000000001000,00NTRF000000073329//180009
PAGO
:62M:C081211VEF000002049749,83
-}{5:{CHK:1143FB20924B}}{S:{COP:S}}${1:F21VZCRVECAAXXX5410610696}{4:{177:0404021720}{451:0}}{1:F01VZCRVECAAXXX5410610696}{2:09501717040402VZCRVECAAXXX40812675430404021720N}{3:{108:SCONNECT}}{4:
:20:MI081211
:25:2222222222
:28C:0517/031
:60M:C081211VEF000002049749,83
:61:081211C000000000500,00NTRF000000073330//180009
PAGO
:61:081211C000000000996,64NTRF000000073269//180009
PAGO
:61:081211C000000000300,00NTRF000000072546//180009
PAGO
:61:081211C000000010000,00NTRF000000072336//180009
PAGO
:61:081211C000000006744,26NTRF000000072334//180009
PAGO
:61:081211C000000010000,00NTRF000000072335//180009
PAGO
:61:081211C000000000060,00NTRF000000072131//180009
PAGO
:61:081211C000000000550,00NTRF000000073722//180009
PAGO
:61:081211C000000007200,00NTRF000000000000//180009
PAGO
:62M:C081211VEF000002086100,73
-}{5:{CHK:1143FB20924B}}{S:{COP:S}}${1:F21VZCRVECAAXXX5410610696}{4:{177:0404021720}{451:0}}{1:F01VZCRVECAAXXX5410610696}{2:09501717040402VZCRVECAAXXX40812675430404021720N}{3:{108:SCONNECT}}{4:
:20:MI081211
:25:2222222222
:28C:0517/032
:60M:C081211VEF000002086100,73
:61:081211C000000000500,00NTRF000000000000//180009
PAGO
:61:081211C000000005000,00NTRF000000000000//180009
PAGO
:61:081211C000000001000,00NTRF000000000000//180009
PAGO
:61:081211C000000001500,00NTRF000000000000//180009
PAGO
:61:081211C000000002170,69NTRF000000011593//180009
PAGO
:61:081211C000000003000,00NTRF000000011676//180009
PAGO
:61:081211C000000000254,00NTRF000000011589//180009
PAGO
:61:081211C000000000235,00NTRF000000011584//180009
PAGO
:61:081211C000000000150,00NTRF000000011392//180009
PAGO
:62M:C081211VEF000002099910,42
-}{5:{CHK:1143FB20924B}}{S:{COP:S}}${1:F21VZCRVECAAXXX5410610696}{4:{177:0404021720}{451:0}}{1:F01VZCRVECAAXXX5410610696}{2:09501717040402VZCRVECAAXXX40812675430404021720N}{3:{108:SCONNECT}}{4:
:20:MI081211
:25:2222222222
:28C:0517/033
:60M:C081211VEF000002099910,42
:61:081211C000000000150,00NTRF000000011393//180009
PAGO
:61:081211C000000023885,00NTRF000000011348//180009
PAGO
:61:081211C000000000165,14NTRF000000011183//180009
PAGO
:61:081211C000000000800,00NTRF000000011701//180009
PAGO
:61:081211C000000003711,31NTRF000000012255//180009
PAGO
:61:081211C000000002000,00NTRF000000012020//180009
PAGO
:61:081211C000000000500,00NTRF000000011938//180009
PAGO
:61:081211C000000001000,00NTRF000000012080//180009
PAGO
:61:081211C000000000400,00NTRF000000033221//180009
PAGO
:62M:C081211VEF000002132521,87
-}{5:{CHK:1143FB20924B}}{S:{COP:S}}${1:F21VZCRVECAAXXX5410610696}{4:{177:0404021720}{451:0}}{1:F01VZCRVECAAXXX5410610696}{2:09501717040402VZCRVECAAXXX40812675430404021720N}{3:{108:SCONNECT}}{4:
:20:MI081211
:25:2222222222
:28C:0517/034
:60M:C081211VEF000002132521,87
:61:081211C000000002400,00NTRF000000033320//180009
PAGO
:61:081211C000000002236,00NTRF000000033281//180009
PAGO
:61:081211C000000000689,65NTRF000000033244//180009
PAGO
:61:081211C000000001000,00NTRF000000033397//180009
PAGO
:61:081211C000000001000,00NTRF000000033396//180009
PAGO
:61:081211C000000001000,00NTRF000000011010//180009
PAGO
:61:081211C000000004000,00NTRF000000011007//180009
PAGO
:61:081211C000000000400,00NTRF000000010976//180009
PAGO
:61:081211C000000016406,00NTRF000000011009//180009
PAGO
:62M:C081211VEF000002161653,52
-}{5:{CHK:1143FB20924B}}{S:{COP:S}}${1:F21VZCRVECAAXXX5410610696}{4:{177:0404021720}{451:0}}{1:F01VZCRVECAAXXX5410610696}{2:09501717040402VZCRVECAAXXX40812675430404021720N}{3:{108:SCONNECT}}{4:
:20:MI081211
:25:2222222222
:28C:0517/035
:60M:C081211VEF000002161653,52
:61:081211C000000006000,00NTRF000000011060//180009
PAGO
:61:081211C000000020000,00NTRF000000010875//180009
PAGO
:61:081211C000000000750,00NTRF000000010818//180009
PAGO
:61:081211C000000000900,00NTRF000000010797//180009
PAGO
:61:081211C000000000830,00NTRF000000010763//180009
PAGO
:61:081211C000000000630,00NTRF000000010710//180009
PAGO
:61:081211C000000000542,50NTRF000000010684//180009
PAGO
:61:081211C000000000225,00NTRF000000010672//180009
PAGO
:61:081211C000000009600,00NTRF000000010608//180009
PAGO
:62M:C081211VEF000002201131,02
-}{5:{CHK:1143FB20924B}}{S:{COP:S}}${1:F21VZCRVECAAXXX5410610696}{4:{177:0404021720}{451:0}}{1:F01VZCRVECAAXXX5410610696}{2:09501717040402VZCRVECAAXXX40812675430404021720N}{3:{108:SCONNECT}}{4:
:20:MI081211
:25:2222222222
:28C:0517/036
:60M:C081211VEF000002201131,02
:61:081211C000000003000,00NTRF000000010497//180009
PAGO
:61:081211C000000004000,00NTRF000000010484//180009
PAGO
:61:081211C000000020000,00NTRF000000010876//180009
PAGO
:61:081211C000000005000,00NTRF000000011096//180009
PAGO
:61:081211C000000004188,06NTRF000000035116//180009
PAGO
:61:081211C000000001129,39NTRF000000034999//180009
PAGO
:61:081211C000000001100,00NTRF000000034845//180009
PAGO
:61:081211C000000002638,39NTRF000000034782//180009
PAGO
:61:081211C000000000300,00NTRF000000033761//180009
PAGO
:62M:C081211VEF000002242486,86
-}{5:{CHK:1143FB20924B}}{S:{COP:S}}${1:F21VZCRVECAAXXX5410610696}{4:{177:0404021720}{451:0}}{1:F01VZCRVECAAXXX5410610696}{2:09501717040402VZCRVECAAXXX40812675430404021720N}{3:{108:SCONNECT}}{4:
:20:MI081211
:25:2222222222
:28C:0517/037
:60M:C081211VEF000002242486,86
:61:081211C000000000070,00NTRF000000033744//180009
PAGO
:61:081211C000000002637,03NTRF000000033688//180009
PAGO
:61:081211C000000004000,00NTRF000000033577//180009
PAGO
:61:081211C000000003000,00NTRF000000034448//180009
PAGO
:61:081211C000000003000,00NTRF000000034331//180009
PAGO
:61:081211C000000000019,00NTRF000000034337//180009
PAGO
:61:081211C000000000025,00NTRF000000034238//180009
PAGO
:61:081211C000000003787,00NTRF000000034013//180009
PAGO
:61:081211C000000003000,00NTRF000000033986//180009
PAGO
:62M:C081211VEF000002262024,89
-}{5:{CHK:1143FB20924B}}{S:{COP:S}}${1:F21VZCRVECAAXXX5410610696}{4:{177:0404021720}{451:0}}{1:F01VZCRVECAAXXX5410610696}{2:09501717040402VZCRVECAAXXX40812675430404021720N}{3:{108:SCONNECT}}{4:
:20:MI081211
:25:2222222222
:28C:0517/038
:60M:C081211VEF000002262024,89
:61:081211C000000000640,00NTRF000000033967//180009
PAGO
:61:081211C000000000940,00NTRF000000033890//180009
PAGO
:61:081211C000000045000,00NTRF000000033877//180009
PAGO
:61:081211C000000000435,00NTRF000000034545//180009
PAGO
:61:081211C000000001157,00NTRF000000034821//180009
PAGO
:61:081211C000000002800,00NTRF000000034977//180009
PAGO
:61:081211C000000002000,00NTRF000000035044//180009
PAGO
:61:081211C000000027853,34NTRF000000047999//180009
PAGO
:61:081211C000000000600,00NTRF000000000000//180009
PAGO
:62M:C081211VEF000002343450,23
-}{5:{CHK:1143FB20924B}}{S:{COP:S}}${1:F21VZCRVECAAXXX5410610696}{4:{177:0404021720}{451:0}}{1:F01VZCRVECAAXXX5410610696}{2:09501717040402VZCRVECAAXXX40812675430404021720N}{3:{108:SCONNECT}}{4:
:20:MI081211
:25:2222222222
:28C:0517/039
:60M:C081211VEF000002343450,23
:61:081211C000000001000,00NTRF000000000000//180009
PAGO
:61:081211C000000000170,00NTRF000000000000//180009
PAGO
:61:081211C000000005000,00NTRF000000000000//180009
PAGO
:61:081211C000000000200,00NTRF000000000000//180009
PAGO
:61:081211C000000000300,00NTRF000000000000//180009
PAGO
:61:081211C000000000420,00NTRF000000000000//180009
PAGO
:61:081211C000000000220,00NTRF000094010600//180009
PAGO
:61:081211C000000000075,00NTRF000000408404//180009
PAGO
:61:081211C000000003000,00NTRF000055370746//180009
PAGO
:62M:C081211VEF000002353835,23
-}{5:{CHK:1143FB20924B}}{S:{COP:S}}${1:F21VZCRVECAAXXX5410610696}{4:{177:0404021720}{451:0}}{1:F01VZCRVECAAXXX5410610696}{2:09501717040402VZCRVECAAXXX40812675430404021720N}{3:{108:SCONNECT}}{4:
:20:MI081211
:25:2222222222
:28C:0517/040
:60M:C081211VEF000002353835,23
:61:081211C000000005000,00NTRF000092154729//180009
PAGO
:61:081211C000000004421,00NTRF000002389809//180009
PAGO
:61:081211C000000000150,00NTRF000007205305//180009
PAGO
:61:081211C000000000500,00NTRF000005458805//180009
PAGO
:61:081211C000000001100,00NTRF000011122008//180009
PAGO
:61:081211C000000000838,00NTRF000011122008//180009
PAGO
:61:081211C000000000400,00NTRF000000186245//180009
PAGO
:61:081211C000000000127,00NTRF000000186179//180009
PAGO
:61:081211C000000005000,00NTRF000000186178//180009
PAGO
:62M:C081211VEF000002371371,23
-}{5:{CHK:1143FB20924B}}{S:{COP:S}}${1:F21VZCRVECAAXXX5410610696}{4:{177:0404021720}{451:0}}{1:F01VZCRVECAAXXX5410610696}{2:09501717040402VZCRVECAAXXX40812675430404021720N}{3:{108:SCONNECT}}{4:
:20:MI081211
:25:2222222222
:28C:0517/041
:60M:C081211VEF000002371371,23
:61:081211C000000000273,68NTRF000000186163//180009
PAGO
:61:081211C000000013000,00NTRF000000186142//180009
PAGO
:61:081211C000000001152,00NTRF000000186105//180009
PAGO
:61:081211C000000001152,00NTRF000000186089//180009
PAGO
:61:081211C000000002873,00NTRF000000186054//180009
PAGO
:61:081211C000000005000,00NTRF000000186049//180009
PAGO
:61:081211C000000000433,00NTRF000000186036//180009
PAGO
:61:081211C000000000550,00NTRF000000186030//180009
PAGO
:61:081211C000000000866,00NTRF000000186021//180009
PAGO
:62M:C081211VEF000002396670,91
-}{5:{CHK:1143FB20924B}}{S:{COP:S}}${1:F21VZCRVECAAXXX5410610696}{4:{177:0404021720}{451:0}}{1:F01VZCRVECAAXXX5410610696}{2:09501717040402VZCRVECAAXXX40812675430404021720N}{3:{108:SCONNECT}}{4:
:20:MI081211
:25:2222222222
:28C:0517/042
:60M:C081211VEF000002396670,91
:61:081211C000000003000,00NTRF000000186000//180009
PAGO
:61:081211C000000011861,00NTRF000003242236//180009
PAGO
:61:081211C000000019059,39NTRF000003242183//180009
PAGO
:61:081211C000000024888,12NTRF000003242162//180009
PAGO
:61:081211C000000060640,57NTRF000003242141//180009
PAGO
:61:081211C000000015000,00NTRF000000185938//180009
PAGO
:61:081211C000000003052,00NTRF000003242134//180009
PAGO
:61:081211C000000083657,79NTRF000003242115//180009
PAGO
:61:081211C000000000800,00NTRF000000186885//180009
PAGO
:62M:C081211VEF000002618629,78
-}{5:{CHK:1143FB20924B}}{S:{COP:S}}${1:F21VZCRVECAAXXX5410610696}{4:{177:0404021720}{451:0}}{1:F01VZCRVECAAXXX5410610696}{2:09501717040402VZCRVECAAXXX40812675430404021720N}{3:{108:SCONNECT}}{4:
:20:MI081211
:25:2222222222
:28C:0517/043
:60M:C081211VEF000002618629,78
:61:081211C000000000399,33NTRF000000186850//180009
PAGO
:61:081211C000000025000,00NTRF000000186839//180009
PAGO
:61:081211C000000010000,00NTRF000000186544//180009
PAGO
:61:081211C000000000600,00NTRF000000186523//180009
PAGO
:61:081211C000000020000,00NTRF000000186433//180009
PAGO
:61:081211C000000000413,85NTRF000000186374//180009
PAGO
:61:081211C000000014200,00NTRF000003242572//180009
PAGO
:61:081211C000000000200,00NTRF000003242553//180009
PAGO
:61:081211C000000001984,73NTRF000003242465//180009
PAGO
:62M:C081211VEF000002691427,69
-}{5:{CHK:1143FB20924B}}{S:{COP:S}}${1:F21VZCRVECAAXXX5410610696}{4:{177:0404021720}{451:0}}{1:F01VZCRVECAAXXX5410610696}{2:09501717040402VZCRVECAAXXX40812675430404021720N}{3:{108:SCONNECT}}{4:
:20:MI081211
:25:2222222222
:28C:0517/044
:60M:C081211VEF000002691427,69
:61:081211C000000218604,56NTRF000003242378//180009
PAGO
:61:081211C000000000232,34NTRF000003242368//180009
PAGO
:61:081211C000000000058,50NTRF000003242353//180009
PAGO
:61:081211C000000000126,10NTRF000003242347//180009
PAGO
:61:081211C000000012038,79NTRF000003242329//180009
PAGO
:61:081211C000000002916,68NTRF000003242316//180009
PAGO
:61:081211C000000001585,37NTRF000003242267//180009
PAGO
:61:081211C000000056541,15NTRF000003242264//180009
PAGO
:61:081211C000000000844,61NTRF000003242243//180009
PAGO
:62M:C081211VEF000002984375,79
-}{5:{CHK:1143FB20924B}}{S:{COP:S}}${1:F21VZCRVECAAXXX5410610696}{4:{177:0404021720}{451:0}}{1:F01VZCRVECAAXXX5410610696}{2:09501717040402VZCRVECAAXXX40812675430404021720N}{3:{108:SCONNECT}}{4:
:20:MI081211
:25:2222222222
:28C:0517/045
:60M:C081211VEF000002984375,79
:61:081211C000000097070,67NTRF000003242241//180009
PAGO
:61:081211C000000018000,00NTRF000000188975//180009
PAGO
:61:081211C000000000233,92NTRF000003243738//180009
PAGO
:61:081211C000000000710,98NTRF000003243736//180009
PAGO
:61:081211C000000000506,28NTRF000003243734//180009
PAGO
:61:081211C000000000074,60NTRF000003243305//180009
PAGO
:61:081211C000000000008,98NTRF000003243275//180009
PAGO
:61:081211C000000000091,87NTRF000003243009//180009
PAGO
:61:081211C000000001740,60NTRF000003242713//180009
PAGO
:62M:C081211VEF000003102813,69
-}{5:{CHK:1143FB20924B}}{S:{COP:S}}${1:F21VZCRVECAAXXX5410610696}{4:{177:0404021720}{451:0}}{1:F01VZCRVECAAXXX5410610696}{2:09501717040402VZCRVECAAXXX40812675430404021720N}{3:{108:SCONNECT}}{4:
:20:MI081211
:25:2222222222
:28C:0517/046
:60M:C081211VEF000003102813,69
:61:081211C000000000063,12NTRF000003242670//180009
PAGO
:61:081211C000000000475,46NTRF000003242602//180009
PAGO
:61:081211C000000000046,01NTRF000003242595//180009
PAGO
:61:081211C000000000100,00NTRF000082039764//180009
PAGO
:61:081211C000000001225,50NTRF000082045854//180009
PAGO
:61:081211C000000113610,38NTRF000082051255//180009
PAGO
:61:081211C000000005000,00NTRF000082040582//180009
PAGO
:61:081211C000000000159,82NTRF000082041691//180009
PAGO
:61:081211C000000019914,75NTRF000082051793//180009
PAGO
:62M:C081211VEF000003243408,73
-}{5:{CHK:1143FB20924B}}{S:{COP:S}}${1:F21VZCRVECAAXXX5410610696}{4:{177:0404021720}{451:0}}{1:F01VZCRVECAAXXX5410610696}{2:09501717040402VZCRVECAAXXX40812675430404021720N}{3:{108:SCONNECT}}{4:
:20:MI081211
:25:2222222222
:28C:0517/047
:60M:C081211VEF000003243408,73
:61:081211C000000000003,00NTRF000082040932//180009
PAGO
:61:081211C000000000319,69NTRF000082087401//180009
PAGO
:61:081211C000000001421,20NTRF000082073666//180009
PAGO
:61:081211C000000000429,45NTRF000082075641//180009
PAGO
:61:081211C000000058680,00NTRF000082076002//180009
PAGO
:61:081211C000000006020,02NTRF000082075442//180009
PAGO
:61:081211C000000013011,71NTRF000082073040//180009
PAGO
:61:081211C000000000319,69NTRF000082087810//180009
PAGO
:61:081211C000000000319,69NTRF000082087806//180009
PAGO
:62M:C081211VEF000003323933,18
-}{5:{CHK:1143FB20924B}}{S:{COP:S}}${1:F21VZCRVECAAXXX5410610696}{4:{177:0404021720}{451:0}}{1:F01VZCRVECAAXXX5410610696}{2:09501717040402VZCRVECAAXXX40812675430404021720N}{3:{108:SCONNECT}}{4:
:20:MI081211
:25:2222222222
:28C:0517/048
:60M:C081211VEF000003323933,18
:61:081211C000000081243,51NTRF000082085345//180009
PAGO
:61:081211C000000000902,50NTRF000082085500//180009
PAGO
:61:081211C000000000321,84NTRF000082085426//180009
PAGO
:61:081211C000000009930,00NTRF000082072723//180009
PAGO
:61:081211C000000000230,00NTRF000082081101//180009
PAGO
:61:081211C000000000230,00NTRF000082081263//180009
PAGO
:61:081211C000000000230,00NTRF000082081020//180009
PAGO
:61:081211C000000000230,00NTRF000082081182//180009
PAGO
:61:081211C000000000230,00NTRF000082081160//180009
PAGO
:62M:C081211VEF000003417481,03
-}{5:{CHK:1143FB20924B}}{S:{COP:S}}${1:F21VZCRVECAAXXX5410610696}{4:{177:0404021720}{451:0}}{1:F01VZCRVECAAXXX5410610696}{2:09501717040402VZCRVECAAXXX40812675430404021720N}{3:{108:SCONNECT}}{4:
:20:MI081211
:25:2222222222
:28C:0517/049
:60M:C081211VEF000003417481,03
:61:081211C000000003000,00NTRF000082072060//180009
PAGO
:61:081211C000000000221,09NTRF000082073740//180009
PAGO
:61:081211C000000000080,00NTRF000082074042//180009
PAGO
:61:081211C000000001500,00NTRF000082072605//180009
PAGO
:61:081211C000000000840,00NTRF000082043916//180009
PAGO
:61:081211C000000000230,00NTRF000082081403//180009
PAGO
:61:081211C000000000230,00NTRF000082081300//180009
PAGO
:61:081211C000000004076,80NTRF000082072406//180009
PAGO
:61:081211C000000004827,37NTRF000082089545//180009
PAGO
:62M:C081211VEF000003432486,29
-}{5:{CHK:1143FB20924B}}{S:{COP:S}}${1:F21VZCRVECAAXXX5410610696}{4:{177:0404021720}{451:0}}{1:F01VZCRVECAAXXX5410610696}{2:09501717040402VZCRVECAAXXX40812675430404021720N}{3:{108:SCONNECT}}{4:
:20:MI081211
:25:2222222222
:28C:0517/050
:60M:C081211VEF000003432486,29
:61:081211C000000002799,95NTRF000082084004//180009
PAGO
:61:081211C000000014466,08NTRF000082084962//180009
PAGO
:61:081211C000000001927,10NTRF000082047615//180009
PAGO
:61:081211C000000000703,28NTRF000082066305//180009
PAGO
:61:081211C000000005636,53NTRF000082070866//180009
PAGO
:61:081211C000000001761,65NTRF000082066666//180009
PAGO
:61:081211C000000000185,14NTRF000082070332//180009
PAGO
:61:081211C000000004029,07NTRF000082068044//180009
PAGO
:61:081211C000000135896,01NTRF000082058970//180009
PAGO
:62M:C081211VEF000003599891,10
-}{5:{CHK:1143FB20924B}}{S:{COP:S}}${1:F21VZCRVECAAXXX5410610696}{4:{177:0404021720}{451:0}}{1:F01VZCRVECAAXXX5410610696}{2:09501717040402VZCRVECAAXXX40812675430404021720N}{3:{108:SCONNECT}}{4:
:20:MI081211
:25:2222222222
:28C:0517/051
:60M:C081211VEF000003599891,10
:61:081211C000000002464,00NTRF000082061081//180009
PAGO
:61:081211C000000284056,95NTRF000082058922//180009
PAGO
:61:081211C000000004874,26NTRF000082073320//180009
PAGO
:61:081211C000000000080,00NTRF000082074565//180009
PAGO
:61:081211C000000000080,00NTRF000082074521//180009
PAGO
:61:081211C000000009809,87NTRF000082073003//180009
PAGO
:61:081211C000000000266,00NTRF000082087515//180009
PAGO
:61:081211C000000000300,00NTRF000082040755//180009
PAGO
:61:081211C000000001700,00NTRF000082042310//180009
PAGO
:62M:C081211VEF000003903522,18
-}{5:{CHK:1143FB20924B}}{S:{COP:S}}${1:F21VZCRVECAAXXX5410610696}{4:{177:0404021720}{451:0}}{1:F01VZCRVECAAXXX5410610696}{2:09501717040402VZCRVECAAXXX40812675430404021720N}{3:{108:SCONNECT}}{4:
:20:MI081211
:25:2222222222
:28C:0517/052
:60M:C081211VEF000003903522,18
:61:081211C000000002546,02NTRF000082041330//180009
PAGO
:61:081211C000000000364,00NTRF000082041094//180009
PAGO
:61:081211C000000000404,06NTRF000082041061//180009
PAGO
:61:081211C000000001901,29NTRF000082041050//180009
PAGO
:61:081211C000000005000,00NTRF000082040906//180009
PAGO
:61:081211C000000023436,04NTRF000082041234//180009
PAGO
:61:081211C000000006083,87NTRF000082049671//180009
PAGO
:61:081211C000000006800,00NTRF000082047070//180009
PAGO
:61:081211C000000283212,53NTRF000082050592//180009
PAGO
:62M:C081211VEF000004233269,99
-}{5:{CHK:1143FB20924B}}{S:{COP:S}}${1:F21VZCRVECAAXXX5410610696}{4:{177:0404021720}{451:0}}{1:F01VZCRVECAAXXX5410610696}{2:09501717040402VZCRVECAAXXX40812675430404021720N}{3:{108:SCONNECT}}{4:
:20:MI081211
:25:2222222222
:28C:0517/053
:60M:C081211VEF000004233269,99
:61:081211C000000024060,00NTRF000082050835//180009
PAGO
:61:081211C000000000131,57NTRF000082041352//180009
PAGO
:61:081211C000000029175,00NTRF000082045832//180009
PAGO
:61:081211C000000010111,62NTRF000082044550//180009
PAGO
:61:081211C000000011173,00NTRF000082044432//180009
PAGO
:61:081211C000000017116,00NTRF000082044815//180009
PAGO
:61:081211C000000003600,00NTRF000082039882//180009
PAGO
:61:081211C000000000700,00NTRF000082039333//180009
PAGO
:61:081211C000000000060,00NTRF000082040232//180009
PAGO
:62M:C081211VEF000004329397,18
-}{5:{CHK:1143FB20924B}}{S:{COP:S}}${1:F21VZCRVECAAXXX5410610696}{4:{177:0404021720}{451:0}}{1:F01VZCRVECAAXXX5410610696}{2:09501717040402VZCRVECAAXXX40812675430404021720N}{3:{108:SCONNECT}}{4:
:20:MI081211
:25:2222222222
:28C:0517/054
:60M:C081211VEF000004329397,18
:61:081211C000000005000,00NTRF000082034724//180009
PAGO
:61:081211C000000000142,00NTRF000081976775//180009
PAGO
:61:081211C000000004000,00NTRF000081977254//180009
PAGO
:61:081211C000000003000,00NTRF000081978584//180009
PAGO
:61:081211C000000005000,00NTRF000081986015//180009
PAGO
:61:081211C000000000815,00NTRF000081989180//180009
PAGO
:61:081211C000000000500,00NTRF000082006503//180009
PAGO
:61:081211C000000000400,00NTRF000081963560//180009
PAGO
:61:081211C000000000554,00NTRF000081963755//180009
PAGO
:62M:C081211VEF000004348808,18
-}{5:{CHK:1143FB20924B}}{S:{COP:S}}${1:F21VZCRVECAAXXX5410610696}{4:{177:0404021720}{451:0}}{1:F01VZCRVECAAXXX5410610696}{2:09501717040402VZCRVECAAXXX40812675430404021720N}{3:{108:SCONNECT}}{4:
:20:MI081211
:25:2222222222
:28C:0517/055
:60M:C081211VEF000004348808,18
:61:081211C000000002000,00NTRF000082022603//180009
PAGO
:61:081211C000000000350,00NTRF000082022986//180009
PAGO
:61:081211C000000001800,00NTRF000082023060//180009
PAGO
:61:081211C000000005000,00NTRF000082025252//180009
PAGO
:61:081211C000000000003,00NTRF000082025300//180009
PAGO
:61:081211C000000000500,00NTRF000082027934//180009
PAGO
:61:081211C000000000500,00NTRF000082028295//180009
PAGO
:61:081211C000000000800,00NTRF000082029113//180009
PAGO
:61:081211C000000003250,00NTRF000082029426//180009
PAGO
:62M:C081211VEF000004363011,18
-}{5:{CHK:1143FB20924B}}{S:{COP:S}}${1:F21VZCRVECAAXXX5410610696}{4:{177:0404021720}{451:0}}{1:F01VZCRVECAAXXX5410610696}{2:09501717040402VZCRVECAAXXX40812675430404021720N}{3:{108:SCONNECT}}{4:
:20:MI081211
:25:2222222222
:28C:0517/056
:60M:C081211VEF000004363011,18
:61:081211C000000000250,00NTRF000082030281//180009
PAGO
:61:081211C000000004600,00NTRF000082030502//180009
PAGO
:61:081211C000000000170,00NTRF000082032845//180009
PAGO
:61:081211C000000000300,00NTRF000082036290//180009
PAGO
:61:081211C000000003000,00NTRF000082014553//180009
PAGO
:61:081211C000000000740,00NTRF000082015360//180009
PAGO
:61:081211C000000001000,00NTRF000082015511//180009
PAGO
:61:081211C000000001000,00NTRF000082015673//180009
PAGO
:61:081211C000000000220,00NTRF000082015802//180009
PAGO
:62M:C081211VEF000004374291,18
-}{5:{CHK:1143FB20924B}}{S:{COP:S}}${1:F21VZCRVECAAXXX5410610696}{4:{177:0404021720}{451:0}}{1:F01VZCRVECAAXXX5410610696}{2:09501717040402VZCRVECAAXXX40812675430404021720N}{3:{108:SCONNECT}}{4:
:20:MI081211
:25:2222222222
:28C:0517/057
:60M:C081211VEF000004374291,18
:61:081211C000000002000,00NTRF000082015861//180009
PAGO
:61:081211C000000001000,00NTRF000082016336//180009
PAGO
:61:081211C000000001500,00NTRF000082016535//180009
PAGO
:61:081211C000000001500,00NTRF000082016620//180009
PAGO
:61:081211C000000000350,00NTRF000082001511//180009
PAGO
:61:081211C000000001400,00NTRF000082002970//180009
PAGO
:61:081211C000000002000,00NTRF000082003036//180009
PAGO
:61:081211C000000004000,00NTRF000082004941//180009
PAGO
:61:081211C000000002500,00NTRF000082011926//180009
PAGO
:62M:C081211VEF000004390541,18
-}{5:{CHK:1143FB20924B}}{S:{COP:S}}${1:F21VZCRVECAAXXX5410610696}{4:{177:0404021720}{451:0}}{1:F01VZCRVECAAXXX5410610696}{2:09501717040402VZCRVECAAXXX40812675430404021720N}{3:{108:SCONNECT}}{4:
:20:MI081211
:25:2222222222
:28C:0517/058
:60M:C081211VEF000004390541,18
:61:081211C000000000450,00NTRF000082013175//180009
PAGO
:61:081211C000000000500,00NTRF000082013256//180009
PAGO
:61:081211C000000000135,00NTRF000082013621//180009
PAGO
:61:081211C000000025000,00NTRF000081989482//180009
PAGO
:61:081211C000000003026,00NTRF000081990543//180009
PAGO
:61:081211C000000000030,00NTRF000081990694//180009
PAGO
:61:081211C000000000355,45NTRF000081993236//180009
PAGO
:61:081211C000000002000,00NTRF000081979984//180009
PAGO
:61:081211C000000005000,00NTRF000081980091//180009
PAGO
:62M:C081211VEF000004427037,63
-}{5:{CHK:1143FB20924B}}{S:{COP:S}}${1:F21VZCRVECAAXXX5410610696}{4:{177:0404021720}{451:0}}{1:F01VZCRVECAAXXX5410610696}{2:09501717040402VZCRVECAAXXX40812675430404021720N}{3:{108:SCONNECT}}{4:
:20:MI081211
:25:2222222222
:28C:0517/059
:60M:C081211VEF000004427037,63
:61:081211C000000000050,00NTRF000081981933//180009
PAGO
:61:081211C000000002000,00NTRF000081982515//180009
PAGO
:61:081211C000000000080,00NTRF000081984335//180009
PAGO
:61:081211C000000000059,54NTRF000081987640//180009
PAGO
:61:081211C000000001015,00NTRF000081987706//180009
PAGO
:61:081211C000000000627,00NTRF000081987905//180009
PAGO
:61:081211C000000002500,00NTRF000081988480//180009
PAGO
:61:081211C000000002000,00NTRF000081979026//180009
PAGO
:61:081211C000000000405,00NTRF000081979483//180009
PAGO
:62M:C081211VEF000004435774,17
-}{5:{CHK:1143FB20924B}}{S:{COP:S}}${1:F21VZCRVECAAXXX5410610696}{4:{177:0404021720}{451:0}}{1:F01VZCRVECAAXXX5410610696}{2:09501717040402VZCRVECAAXXX40812675430404021720N}{3:{108:SCONNECT}}{4:
:20:MI081211
:25:2222222222
:28C:0517/060
:60M:C081211VEF000004435774,17
:61:081211C000000000160,00NTRF000082016756//180009
PAGO
:61:081211C000000002305,00NTRF000082021236//180009
PAGO
:61:081211C000000000838,00NTRF000082021295//180009
PAGO
:61:081211C000000004000,00NTRF000082022356//180009
PAGO
:61:081211C000000000400,00NTRF000081997296//180009
PAGO
:61:081211C000000000600,00NTRF000081997311//180009
PAGO
:61:081211C000000004000,00NTRF000081998486//180009
PAGO
:61:081211C000000005000,00NTRF000081999676//180009
PAGO
:61:081211C000000000350,00NTRF000082001220//180009
PAGO
:62M:C081211VEF000004453427,17
-}{5:{CHK:1143FB20924B}}{S:{COP:S}}${1:F21VZCRVECAAXXX5410610696}{4:{177:0404021720}{451:0}}{1:F01VZCRVECAAXXX5410610696}{2:09501717040402VZCRVECAAXXX40812675430404021720N}{3:{108:SCONNECT}}{4:
:20:MI081211
:25:2222222222
:28C:0517/061
:60M:C081211VEF000004453427,17
:61:081211C000000000120,00NTRF000082037594//180009
PAGO
:61:081211C000000002100,00NTRF000082038644//180009
PAGO
:61:081211C000000000180,00NTRF000081959625//180009
PAGO
:61:081211C000000000300,00NTRF000081960970//180009
PAGO
:61:081211C000000000560,00NTRF000081961456//180009
PAGO
:61:081211C000000001450,00NTRF000081961666//180009
PAGO
:61:081211C000000025800,00NTRF000081962392//180009
PAGO
:61:081211C000000025800,00NTRF000081962506//180009
PAGO
:61:081211C000000025800,00NTRF000081962650//180009
PAGO
:62M:C081211VEF000004535537,17
-}{5:{CHK:1143FB20924B}}{S:{COP:S}}${1:F21VZCRVECAAXXX5410610696}{4:{177:0404021720}{451:0}}{1:F01VZCRVECAAXXX5410610696}{2:09501717040402VZCRVECAAXXX40812675430404021720N}{3:{108:SCONNECT}}{4:
:20:MI081211
:25:2222222222
:28C:0517/062
:60M:C081211VEF000004535537,17
:61:081211C000000002000,00NTRF000081966371//180009
PAGO
:61:081211C000000001700,00NTRF000081966743//180009
PAGO
:61:081211C000000003500,00NTRF000081969322//180009
PAGO
:61:081211C000000000800,00NTRF000081971750//180009
PAGO
:61:081211C000000001500,00NTRF000081975740//180009
PAGO
:61:081211C000000000300,00NTRF000081976333//180009
PAGO
:61:081211C000000000135,83NTRF000081976554//180009
PAGO
:61:081211C000000003000,00NTRF000082036721//180009
PAGO
:61:081211C000000000800,00NTRF000082037093//180009
PAGO
:62M:C081211VEF000004549273,00
-}{5:{CHK:1143FB20924B}}{S:{COP:S}}${1:F21VZCRVECAAXXX5410610696}{4:{177:0404021720}{451:0}}{1:F01VZCRVECAAXXX5410610696}{2:09501717040402VZCRVECAAXXX40812675430404021720N}{3:{108:SCONNECT}}{4:
:20:MI081211
:25:2222222222
:28C:0517/063
:60M:C081211VEF000004549273,00
:61:081211C000000003500,00NTRF000082008706//180009
PAGO
:61:081211C000000004000,00NTRF000082030992//180009
PAGO
:61:081211C000000002000,00NTRF000082031250//180009
PAGO
:61:081211C000000000306,40NTRF000081963895//180009
PAGO
:61:081211C000000000135,00NTRF000081963943//180009
PAGO
:61:081211C000000000306,40NTRF000081963991//180009
PAGO
:61:081211C000000000306,40NTRF000081964201//180009
PAGO
:61:081211C000000000306,40NTRF000081964326//180009
PAGO
:61:081211C000000004500,00NTRF000081965446//180009
PAGO
:62M:C081211VEF000004564633,60
-}{5:{CHK:1143FB20924B}}{S:{COP:S}}${1:F21VZCRVECAAXXX5410610696}{4:{177:0404021720}{451:0}}{1:F01VZCRVECAAXXX5410610696}{2:09501717040402VZCRVECAAXXX40812675430404021720N}{3:{108:SCONNECT}}{4:
:20:MI081211
:25:2222222222
:28C:0517/064
:60M:C081211VEF000004564633,60
:61:081211C000000005000,00NTRF000082007822//180009
PAGO
:61:081211C000000001000,00NTRF000081994673//180009
PAGO
:61:081211C000000004000,00NTRF000081986030//180009
PAGO
:61:081211C000000002000,00NTRF000081978746//180009
PAGO
:61:081211C000000005000,00NTRF000081977781//180009
PAGO
:61:081211C000000001000,00NTRF000082034470//180009
PAGO
:61:081211C000000000600,00NTRF000082034315//180009
PAGO
:61:081211C000000004000,00NTRF000082033221//180009
PAGO
:61:081211C000000003000,00NTRF000082033114//180009
PAGO
:62M:C081211VEF000004590233,60
-}{5:{CHK:1143FB20924B}}{S:{COP:S}}${1:F21VZCRVECAAXXX5410610696}{4:{177:0404021720}{451:0}}{1:F01VZCRVECAAXXX5410610696}{2:09501717040402VZCRVECAAXXX40812675430404021720N}{3:{108:SCONNECT}}{4:
:20:MI081211
:25:2222222222
:28C:0517/065
:60M:C081211VEF000004590233,60
:61:081211C000000000600,00NTRF000082038994//180009
PAGO
:61:081211C000000000500,00NTRF000082030675//180009
PAGO
:61:081211C000000000105,00NTRF000081979520//180009
PAGO
:61:081211C000000001100,00NTRF000000000104//180009
PAGO
:61:081211C000000004200,00NTRF000011122008//180009
PAGO
:61:081211C000000007720,00NTRF000011122008//180009
PAGO
:61:081211C000000000750,00NTRF000011122008//180009
PAGO
:61:081211C000000001400,00NTRF000011122008//180009
PAGO
:61:081211C000000000471,84NTRF000011122008//180009
PAGO
:62M:C081211VEF000004607080,44
-}{5:{CHK:1143FB20924B}}{S:{COP:S}}${1:F21VZCRVECAAXXX5410610696}{4:{177:0404021720}{451:0}}{1:F01VZCRVECAAXXX5410610696}{2:09501717040402VZCRVECAAXXX40812675430404021720N}{3:{108:SCONNECT}}{4:
:20:MI081211
:25:2222222222
:28C:0517/066
:60M:C081211VEF000004607080,44
:61:081211C000000000075,00NTRF000011122008//180009
PAGO
:61:081211C000000000800,00NTRF000011122008//180009
PAGO
:61:081211C000000008000,00NTRF000011122008//180009
PAGO
:61:081211C000000000001,00NTRF000011122008//180009
PAGO
:61:081211C000000006681,12NTRF000011122008//180009
PAGO
:61:081211C000000000130,00NTRF000011122008//180009
PAGO
:61:081211C000000009578,25NTRF000011122008//180009
PAGO
:61:081211C000000000540,00NTRF000011122008//180009
PAGO
:61:081211C000000000760,00NTRF000011122008//180009
PAGO
:62M:C081211VEF000004633645,81
-}{5:{CHK:1143FB20924B}}{S:{COP:S}}${1:F21VZCRVECAAXXX5410610696}{4:{177:0404021720}{451:0}}{1:F01VZCRVECAAXXX5410610696}{2:09501717040402VZCRVECAAXXX40812675430404021720N}{3:{108:SCONNECT}}{4:
:20:MI081211
:25:2222222222
:28C:0517/067
:60M:C081211VEF000004633645,81
:61:081211C000000000400,00NTRF000011122008//180009
PAGO
:61:081211C000000000470,00NTRF000011122008//180009
PAGO
:61:081211C000000000050,00NTRF000011122008//180009
PAGO
:61:081211C000000004701,49NTRF000011122008//180009
PAGO
:61:081211C000000005000,00NTRF000011122008//180009
PAGO
:61:081211C000000000300,00NTRF000011122008//180009
PAGO
:61:081211C000000000434,00NTRF000011122008//180009
PAGO
:61:081211C000000000600,00NTRF000011122008//180009
PAGO
:61:081211C000000000500,00NTRF000011122008//180009
PAGO
:62M:C081211VEF000004646101,30
-}{5:{CHK:1143FB20924B}}{S:{COP:S}}${1:F21VZCRVECAAXXX5410610696}{4:{177:0404021720}{451:0}}{1:F01VZCRVECAAXXX5410610696}{2:09501717040402VZCRVECAAXXX40812675430404021720N}{3:{108:SCONNECT}}{4:
:20:MI081211
:25:2222222222
:28C:0517/068
:60M:C081211VEF000004646101,30
:61:081211C000000000800,00NTRF000011122008//180009
PAGO
:61:081211C000000000430,00NTRF000011122008//180009
PAGO
:61:081211C000000000100,00NTRF000011122008//180009
PAGO
:61:081211C000000000300,00NTRF000011122008//180009
PAGO
:61:081211C000000000393,00NTRF000011122008//180009
PAGO
:61:081211C000000000410,00NTRF000011122008//180009
PAGO
:61:081211C000000000250,00NTRF000011122008//180009
PAGO
:61:081211C000000002170,00NTRF000000177406//180009
PAGO
:61:081211C000000005000,00NTRF000000177426//180009
PAGO
:62M:C081211VEF000004655954,30
-}{5:{CHK:1143FB20924B}}{S:{COP:S}}${1:F21VZCRVECAAXXX5410610696}{4:{177:0404021720}{451:0}}{1:F01VZCRVECAAXXX5410610696}{2:09501717040402VZCRVECAAXXX40812675430404021720N}{3:{108:SCONNECT}}{4:
:20:MI081211
:25:2222222222
:28C:0517/069
:60M:C081211VEF000004655954,30
:61:081211C000000000300,00NTRF000000177499//180009
PAGO
:61:081211C000000000300,00NTRF000000177505//180009
PAGO
:61:081211C000000000597,00NTRF000000176161//180009
PAGO
:61:081211C000000000400,00NTRF000000176201//180009
PAGO
:61:081211C000000000340,00NTRF000000176310//180009
PAGO
:61:081211C000000004500,00NTRF000000176339//180009
PAGO
:61:081211C000000000100,00NTRF000003239828//180009
PAGO
:61:081211C000000000100,00NTRF000000176517//180009
PAGO
:61:081211C000000000095,00NTRF000000176520//180009
PAGO
:62M:C081211VEF000004662686,30
-}{5:{CHK:1143FB20924B}}{S:{COP:S}}${1:F21VZCRVECAAXXX5410610696}{4:{177:0404021720}{451:0}}{1:F01VZCRVECAAXXX5410610696}{2:09501717040402VZCRVECAAXXX40812675430404021720N}{3:{108:SCONNECT}}{4:
:20:MI081211
:25:2222222222
:28C:0517/070
:60M:C081211VEF000004662686,30
:61:081211C000000000200,00NTRF000000176561//180009
PAGO
:61:081211C000000002080,00NTRF000000176620//180009
PAGO
:61:081211C000000000500,00NTRF000000176741//180009
PAGO
:61:081211C000000000200,00NTRF000000176857//180009
PAGO
:61:081211C000000000118,78NTRF000000176868//180009
PAGO
:61:081211C000000000200,00NTRF000000177013//180009
PAGO
:61:081211C000000005000,00NTRF000000175841//180009
PAGO
:61:081211C000000000078,00NTRF000000175851//180009
PAGO
:61:081211C000000000300,00NTRF000000175873//180009
PAGO
:62M:C081211VEF000004671363,08
-}{5:{CHK:1143FB20924B}}{S:{COP:S}}${1:F21VZCRVECAAXXX5410610696}{4:{177:0404021720}{451:0}}{1:F01VZCRVECAAXXX5410610696}{2:09501717040402VZCRVECAAXXX40812675430404021720N}{3:{108:SCONNECT}}{4:
:20:MI081211
:25:2222222222
:28C:0517/071
:60M:C081211VEF000004671363,08
:61:081211C000000004600,00NTRF000000175882//180009
PAGO
:61:081211C000000000142,00NTRF000000175897//180009
PAGO
:61:081211C000000000350,00NTRF000000175904//180009
PAGO
:61:081211C000000000300,00NTRF000000175967//180009
PAGO
:61:081211C000000003000,00NTRF000000175995//180009
PAGO
:61:081211C000000003000,00NTRF000000176010//180009
PAGO
:61:081211C000000000080,00NTRF000000176025//180009
PAGO
:61:081211C000000004000,00NTRF000000176035//180009
PAGO
:61:081211C000000000750,00NTRF000000176119//180009
PAGO
:62M:C081211VEF000004687585,08
-}{5:{CHK:1143FB20924B}}{S:{COP:S}}${1:F21VZCRVECAAXXX5410610696}{4:{177:0404021720}{451:0}}{1:F01VZCRVECAAXXX5410610696}{2:09501717040402VZCRVECAAXXX40812675430404021720N}{3:{108:SCONNECT}}{4:
:20:MI081211
:25:2222222222
:28C:0517/072
:60M:C081211VEF000004687585,08
:61:081211C000000002750,00NTRF000000176146//180009
PAGO
:61:081211C000000000010,00NTRF000000175331//180009
PAGO
:61:081211C000000000300,00NTRF000000175346//180009
PAGO
:61:081211C000000001600,00NTRF000000175347//180009
PAGO
:61:081211C000000004000,00NTRF000000175406//180009
PAGO
:61:081211C000000000427,00NTRF000000175480//180009
PAGO
:61:081211C000000000631,83NTRF000000175524//180009
PAGO
:61:081211C000000005540,49NTRF000000175525//180009
PAGO
:61:081211C000000000554,00NTRF000000175552//180009
PAGO
:62M:C081211VEF000004703398,40
-}{5:{CHK:1143FB20924B}}{S:{COP:S}}${1:F21VZCRVECAAXXX5410610696}{4:{177:0404021720}{451:0}}{1:F01VZCRVECAAXXX5410610696}{2:09501717040402VZCRVECAAXXX40812675430404021720N}{3:{108:SCONNECT}}{4:
:20:MI081211
:25:2222222222
:28C:0517/073
:60M:C081211VEF000004703398,40
:61:081211C000000004800,00NTRF000000175615//180009
PAGO
:61:081211C000000000400,00NTRF000000175620//180009
PAGO
:61:081211C000000004800,00NTRF000000175643//180009
PAGO
:61:081211C000000002000,00NTRF000000181354//180009
PAGO
:61:081211C000000014000,00NTRF000000181372//180009
PAGO
:61:081211C000000000300,00NTRF000000181395//180009
PAGO
:61:081211C000000004000,00NTRF000000181427//180009
PAGO
:61:081211C000000005737,31NTRF000002449780//180009
PAGO
:61:081211C000000001785,78NTRF000003240578//180009
PAGO
:62M:C081211VEF000004741221,49
-}{5:{CHK:1143FB20924B}}{S:{COP:S}}${1:F21VZCRVECAAXXX5410610696}{4:{177:0404021720}{451:0}}{1:F01VZCRVECAAXXX5410610696}{2:09501717040402VZCRVECAAXXX40812675430404021720N}{3:{108:SCONNECT}}{4:
:20:MI081211
:25:2222222222
:28C:0517/074
:60M:C081211VEF000004741221,49
:61:081211C000000000100,00NTRF000000180697//180009
PAGO
:61:081211C000000000900,00NTRF000000180701//180009
PAGO
:61:081211C000000003500,00NTRF000000180810//180009
PAGO
:61:081211C000000008000,00NTRF000000180842//180009
PAGO
:61:081211C000000000150,00NTRF000000180849//180009
PAGO
:61:081211C000000000380,41NTRF000000180861//180009
PAGO
:61:081211C000000000055,00NTRF000000180875//180009
PAGO
:61:081211C000000000436,00NTRF000000180884//180009
PAGO
:61:081211C000000000107,50NTRF000000180933//180009
PAGO
:62M:C081211VEF000004754850,40
-}{5:{CHK:1143FB20924B}}{S:{COP:S}}${1:F21VZCRVECAAXXX5410610696}{4:{177:0404021720}{451:0}}{1:F01VZCRVECAAXXX5410610696}{2:09501717040402VZCRVECAAXXX40812675430404021720N}{3:{108:SCONNECT}}{4:
:20:MI081211
:25:2222222222
:28C:0517/075
:60M:C081211VEF000004754850,40
:61:081211C000000005000,00NTRF000000181013//180009
PAGO
:61:081211C000000001000,00NTRF000000181030//180009
PAGO
:61:081211C000000000200,00NTRF000000181056//180009
PAGO
:61:081211C000000000177,40NTRF000003240494//180009
PAGO
:61:081211C000000002234,44NTRF000003240496//180009
PAGO
:61:081211C000000000444,90NTRF000003240498//180009
PAGO
:61:081211C000000000050,00NTRF000003240530//180009
PAGO
:61:081211C000000002718,96NTRF000003240545//180009
PAGO
:61:081211C000000000146,22NTRF000003240570//180009
PAGO
:62M:C081211VEF000004766822,32
-}{5:{CHK:1143FB20924B}}{S:{COP:S}}${1:F21VZCRVECAAXXX5410610696}{4:{177:0404021720}{451:0}}{1:F01VZCRVECAAXXX5410610696}{2:09501717040402VZCRVECAAXXX40812675430404021720N}{3:{108:SCONNECT}}{4:
:20:MI081211
:25:2222222222
:28C:0517/076
:60M:C081211VEF000004766822,32
:61:081211C000000000280,10NTRF000003240571//180009
PAGO
:61:081211C000000001082,50NTRF000003240572//180009
PAGO
:61:081211C000000000197,70NTRF000003240573//180009
PAGO
:61:081211C000000002098,04NTRF000003240574//180009
PAGO
:61:081211C000000000315,00NTRF000003240575//180009
PAGO
:61:081211C000000000288,35NTRF000003240576//180009
PAGO
:61:081211C000000001824,95NTRF000003240577//180009
PAGO
:61:081211C000000000908,92NTRF000003239983//180009
PAGO
:61:081211C000000000100,00NTRF000003240169//180009
PAGO
:62M:C081211VEF000004773917,88
-}{5:{CHK:1143FB20924B}}{S:{COP:S}}${1:F21VZCRVECAAXXX5410610696}{4:{177:0404021720}{451:0}}{1:F01VZCRVECAAXXX5410610696}{2:09501717040402VZCRVECAAXXX40812675430404021720N}{3:{108:SCONNECT}}{4:
:20:MI081211
:25:2222222222
:28C:0517/077
:60M:C081211VEF000004773917,88
:61:081211C000000000090,00NTRF000003240481//180009
PAGO
:61:081211C000000000318,75NTRF000003240483//180009
PAGO
:61:081211C000000000257,78NTRF000003240484//180009
PAGO
:61:081211C000000000351,62NTRF000003240485//180009
PAGO
:61:081211C000000000919,62NTRF000003240486//180009
PAGO
:61:081211C000000000842,30NTRF000003240487//180009
PAGO
:61:081211C000000000356,59NTRF000003240489//180009
PAGO
:61:081211C000000001993,15NTRF000003240490//180009
PAGO
:61:081211C000000576000,00NTRF000000000000//180009
PAGO
:62M:C081211VEF000005355047,69
-}{5:{CHK:1143FB20924B}}{S:{COP:S}}${1:F21VZCRVECAAXXX5410610696}{4:{177:0404021720}{451:0}}{1:F01VZCRVECAAXXX5410610696}{2:09501717040402VZCRVECAAXXX40812675430404021720N}{3:{108:SCONNECT}}{4:
:20:MI081211
:25:2222222222
:28C:0517/078
:60M:C081211VEF000005355047,69
:61:081211C000000007000,00NTRF000000000000//180009
PAGO
:61:081211C000000025000,00NTRF000000742016//180009
PAGO
:61:081211C000000003000,00NTRF000000742476//180009
PAGO
:61:081211C000000001217,00NTRF000000743548//180009
PAGO
:61:081211C000000003000,00NTRF000000742941//180009
PAGO
:61:081211C000000000065,00NTRF000000748179//180009
PAGO
:61:081211C000000001300,00NTRF000000531928//180009
PAGO
:61:081211C000000004000,00NTRF000000531982//180009
PAGO
:61:081211C000000004800,00NTRF000024607344//180009
PAGO
:62M:C081211VEF000005404429,69
-}{5:{CHK:1143FB20924B}}{S:{COP:S}}${1:F21VZCRVECAAXXX5410610696}{4:{177:0404021720}{451:0}}{1:F01VZCRVECAAXXX5410610696}{2:09501717040402VZCRVECAAXXX40812675430404021720N}{3:{108:SCONNECT}}{4:
:20:MI081211
:25:2222222222
:28C:0517/079
:60M:C081211VEF000005404429,69
:61:081211C000000000600,00NTRF000024553409//180009
PAGO
:61:081211C000000003850,00NTRF000024532312//180009
PAGO
:61:081211C000000002000,00NTRF000024531881//180009
PAGO
:61:081211C000000000300,00NTRF000024535588//180009
PAGO
:61:081211C000000000130,00NTRF000024484789//180009
PAGO
:61:081211C000000000750,00NTRF000024631680//180009
PAGO
:61:081211C000000002795,00NTRF000024677818//180009
PAGO
:61:081211C000000001200,00NTRF000054730685//180009
PAGO
:61:081211C000000000400,00NTRF000054729236//180009
PAGO
:62M:C081211VEF000005416454,69
-}{5:{CHK:1143FB20924B}}{S:{COP:S}}${1:F21VZCRVECAAXXX5410610696}{4:{177:0404021720}{451:0}}{1:F01VZCRVECAAXXX5410610696}{2:09501717040402VZCRVECAAXXX40812675430404021720N}{3:{108:SCONNECT}}{4:
:20:MI081211
:25:2222222222
:28C:0517/080
:60M:C081211VEF000005416454,69
:61:081211C000000000250,00NTRF000054705539//180009
PAGO
:61:081211C000000000319,00NTRF000054700872//180009
PAGO
:61:081211C000000000900,00NTRF000054774682//180009
PAGO
:61:081211C000000010000,00NTRF000054764297//180009
PAGO
:61:081211C000000000181,00NTRF000054801108//180009
PAGO
:61:081211C000000002300,00NTRF000054697882//180009
PAGO
:61:081211C000000002500,00NTRF000054703174//180009
PAGO
:61:081211C000000000500,00NTRF000054707180//180009
PAGO
:61:081211C000000000600,00NTRF000054730874//180009
PAGO
:62M:C081211VEF000005434004,69
-}{5:{CHK:1143FB20924B}}{S:{COP:S}}${1:F21VZCRVECAAXXX5410610696}{4:{177:0404021720}{451:0}}{1:F01VZCRVECAAXXX5410610696}{2:09501717040402VZCRVECAAXXX40812675430404021720N}{3:{108:SCONNECT}}{4:
:20:MI081211
:25:2222222222
:28C:0517/081
:60M:C081211VEF000005434004,69
:61:081211C000000000370,80NTRF000005174315//180009
PAGO
:61:081211C000000000040,00NTRF000054833983//180009
PAGO
:61:081211C000000001500,00NTRF000054840441//180009
PAGO
:61:081211C000000060000,00NTRF000082121104//180009
PAGO
:61:081211C000000002500,00NTRF000082121686//180009
PAGO
:61:081211C000000000600,00NTRF000082121826//180009
PAGO
:61:081211C000000002700,00NTRF000082123565//180009
PAGO
:61:081211C000000002720,00NTRF000082124630//180009
PAGO
:61:081211C000000000180,00NTRF000082125875//180009
PAGO
:62M:C081211VEF000005504615,49
-}{5:{CHK:1143FB20924B}}{S:{COP:S}}${1:F21VZCRVECAAXXX5410610696}{4:{177:0404021720}{451:0}}{1:F01VZCRVECAAXXX5410610696}{2:09501717040402VZCRVECAAXXX40812675430404021720N}{3:{108:SCONNECT}}{4:
:20:MI081211
:25:2222222222
:28C:0517/082
:60M:C081211VEF000005504615,49
:61:081211C000000001566,00NTRF000082106113//180009
PAGO
:61:081211C000000001500,00NTRF000082090820//180009
PAGO
:61:081211C000000000145,00NTRF000082091995//180009
PAGO
:61:081211C000000000616,00NTRF000082092636//180009
PAGO
:61:081211C000000001920,00NTRF000082092883//180009
PAGO
:61:081211C000000000600,00NTRF000082094902//180009
PAGO
:61:081211C000000000300,00NTRF000082095661//180009
PAGO
:61:081211C000000000350,00NTRF000082098026//180009
PAGO
:61:081211C000000000920,00NTRF000082100465//180009
PAGO
:62M:C081211VEF000005512532,49
-}{5:{CHK:1143FB20924B}}{S:{COP:S}}${1:F21VZCRVECAAXXX5410610696}{4:{177:0404021720}{451:0}}{1:F01VZCRVECAAXXX5410610696}{2:09501717040402VZCRVECAAXXX40812675430404021720N}{3:{108:SCONNECT}}{4:
:20:MI081211
:25:2222222222
:28C:0517/083
:60M:C081211VEF000005512532,49
:61:081211C000000000275,00NTRF000082102661//180009
PAGO
:61:081211C000000000200,00NTRF000082103840//180009
PAGO
:61:081211C000000000200,00NTRF000082104153//180009
PAGO
:61:081211C000000000360,00NTRF000082104676//180009
PAGO
:61:081211C000000002500,00NTRF000082105752//180009
PAGO
:61:081211C000000020000,00NTRF000082089663//180009
PAGO
:61:081211C000000020000,00NTRF000082089696//180009
PAGO
:61:081211C000000011775,00NTRF000082089781//180009
PAGO
:61:081211C000000003000,00NTRF000082118175//180009
PAGO
:62M:C081211VEF000005570842,49
-}{5:{CHK:1143FB20924B}}{S:{COP:S}}${1:F21VZCRVECAAXXX5410610696}{4:{177:0404021720}{451:0}}{1:F01VZCRVECAAXXX5410610696}{2:09501717040402VZCRVECAAXXX40812675430404021720N}{3:{108:SCONNECT}}{4:
:20:MI081211
:25:2222222222
:28C:0517/084
:60M:C081211VEF000005570842,49
:61:081211C000000000500,00NTRF000082118433//180009
PAGO
:61:081211C000000001400,00NTRF000082098192//180009
PAGO
:61:081211C000000002000,00NTRF000082098203//180009
PAGO
:61:081211C000000003000,00NTRF000082098343//180009
PAGO
:61:081211C000000000250,00NTRF000082098704//180009
PAGO
:61:081211C000000004000,00NTRF000082098833//180009
PAGO
:61:081211C000000000500,00NTRF000082099522//180009
PAGO
:61:081211C000000001000,00NTRF000082099544//180009
PAGO
:61:081211C000002500000,00NTRF000082109123//180009
PAGO
:62M:C081211VEF000008083492,49
-}{5:{CHK:1143FB20924B}}{S:{COP:S}}${1:F21VZCRVECAAXXX5410610696}{4:{177:0404021720}{451:0}}{1:F01VZCRVECAAXXX5410610696}{2:09501717040402VZCRVECAAXXX40812675430404021720N}{3:{108:SCONNECT}}{4:
:20:MI081211
:25:2222222222
:28C:0517/085
:60M:C081211VEF000008083492,49
:61:081211C000000000290,00NTRF000082110361//180009
PAGO
:61:081211C000000000400,00NTRF000082110394//180009
PAGO
:61:081211C000000004000,00NTRF000082110501//180009
PAGO
:61:081211C000000000500,00NTRF000082113220//180009
PAGO
:61:081211C000000004000,00NTRF000082114756//180009
PAGO
:61:081211C000000002395,00NTRF000082114760//180009
PAGO
:61:081211C000000005000,00NTRF000082114992//180009
PAGO
:61:081211C000002303023,95NTRF000082117416//180009
PAGO
:61:081211C000000004500,00NTRF000082109016//180009
PAGO
:62M:C081211VEF000010407601,44
-}{5:{CHK:1143FB20924B}}{S:{COP:S}}${1:F21VZCRVECAAXXX5410610696}{4:{177:0404021720}{451:0}}{1:F01VZCRVECAAXXX5410610696}{2:09501717040402VZCRVECAAXXX40812675430404021720N}{3:{108:SCONNECT}}{4:
:20:MI081211
:25:2222222222
:28C:0517/086
:60M:C081211VEF000010407601,44
:61:081211C000000002868,00NTRF000082126111//180009
PAGO
:61:081211C000000041586,90NTRF000082125735//180009
PAGO
:61:081211C000000000050,00NTRF000082124081//180009
PAGO
:61:081211C000000016000,00NTRF000082122331//180009
PAGO
:61:081211C000000001800,00NTRF000082119984//180009
PAGO
:61:081211C000000500000,00NTRF000082119376//180009
PAGO
:61:081211C000000000200,00NTRF000082118654//180009
PAGO
:61:081211C000000000333,00NTRF000082096276//180009
PAGO
:61:081211C000000010000,00NTRF000082105962//180009
PAGO
:62M:C081211VEF000010980439,34
-}{5:{CHK:1143FB20924B}}{S:{COP:S}}${1:F21VZCRVECAAXXX5410610696}{4:{177:0404021720}{451:0}}{1:F01VZCRVECAAXXX5410610696}{2:09501717040402VZCRVECAAXXX40812675430404021720N}{3:{108:SCONNECT}}{4:
:20:MI081211
:25:2222222222
:28C:0517/087
:60M:C081211VEF000010980439,34
:61:081211C000000000300,00NTRF000082107023//180009
PAGO
:61:081211C000000000320,00NTRF000082114550//180009
PAGO
:61:081211C000000000500,00NTRF000082116996//180009
PAGO
:61:081211C000000002000,00NTRF000082104396//180009
PAGO
:61:081211C000000000600,00NTRF000082098590//180009
PAGO
:61:081211C000000001000,00NTRF000082093152//180009
PAGO
:61:081211C000000000500,00NTRF000000099893//180009
PAGO
:61:081211C000000001500,00NTRF000000099377//180009
PAGO
:61:081211C000000000050,00NTRF000000099357//180009
PAGO
:62M:C081211VEF000010987209,34
-}{5:{CHK:1143FB20924B}}{S:{COP:S}}${1:F21VZCRVECAAXXX5410610696}{4:{177:0404021720}{451:0}}{1:F01VZCRVECAAXXX5410610696}{2:09501717040402VZCRVECAAXXX40812675430404021720N}{3:{108:SCONNECT}}{4:
:20:MI081211
:25:2222222222
:28C:0517/088
:60M:C081211VEF000010987209,34
:61:081211C000000000400,00NTRF000000099022//180009
PAGO
:61:081211C000000000150,00NTRF000000099023//180009
PAGO
:61:081211C000000005000,00NTRF000000099010//180009
PAGO
:61:081211C000000005000,00NTRF000000098867//180009
PAGO
:61:081211C000000000350,00NTRF000000099879//180009
PAGO
:61:081211C000000000860,00NTRF000000099818//180009
PAGO
:61:081211C000000000651,00NTRF000000099771//180009
PAGO
:61:081211C000000003800,00NTRF000000099773//180009
PAGO
:61:081211C000000007500,00NTRF000000099768//180009
PAGO
:62M:C081211VEF000011010920,34
-}{5:{CHK:1143FB20924B}}{S:{COP:S}}${1:F21VZCRVECAAXXX5410610696}{4:{177:0404021720}{451:0}}{1:F01VZCRVECAAXXX5410610696}{2:09501717040402VZCRVECAAXXX40812675430404021720N}{3:{108:SCONNECT}}{4:
:20:MI081211
:25:2222222222
:28C:0517/089
:60M:C081211VEF000011010920,34
:61:081211C000000001538,28NTRF000000099666//180009
PAGO
:61:081211C000000000450,00NTRF000000099651//180009
PAGO
:61:081211C000000001500,00NTRF000000099631//180009
PAGO
:61:081211C000000007000,00NTRF000000099523//180009
PAGO
:61:081211C000000004000,00NTRF000000099238//180009
PAGO
:61:081211C000000000700,00NTRF000000099194//180009
PAGO
:61:081211C000000007125,00NTRF000000099156//180009
PAGO
:61:081211C000000002000,00NTRF000000099157//180009
PAGO
:61:081211C000000015000,00NTRF000000099139//180009
PAGO
:62M:C081211VEF000011050233,62
-}{5:{CHK:1143FB20924B}}{S:{COP:S}}${1:F21VZCRVECAAXXX5410610696}{4:{177:0404021720}{451:0}}{1:F01VZCRVECAAXXX5410610696}{2:09501717040402VZCRVECAAXXX40812675430404021720N}{3:{108:SCONNECT}}{4:
:20:MI081211
:25:2222222222
:28C:0517/090
:60M:C081211VEF000011050233,62
:61:081211C000000008000,00NTRF000000099141//180009
PAGO
:61:081211C000000000034,50NTRF000000099898//180009
PAGO
:61:081211C000000000150,00NTRF000000099949//180009
PAGO
:61:081211C000000000700,00NTRF000000098839//180009
PAGO
:61:081211C000000000300,00NTRF000000098706//180009
PAGO
:61:081211C000000008791,25NTRF000000098670//180009
PAGO
:61:081211C000000000200,00NTRF000000098700//180009
PAGO
:61:081211C000000003200,00NTRF000000098707//180009
PAGO
:61:081211C000000001250,00NTRF000000100085//180009
PAGO
:62M:C081211VEF000011072859,37
-}{5:{CHK:1143FB20924B}}{S:{COP:S}}${1:F21VZCRVECAAXXX5410610696}{4:{177:0404021720}{451:0}}{1:F01VZCRVECAAXXX5410610696}{2:09501717040402VZCRVECAAXXX40812675430404021720N}{3:{108:SCONNECT}}{4:
:20:MI081211
:25:2222222222
:28C:0517/091
:60M:C081211VEF000011072859,37
:61:081211C000000001000,00NTRF000000000000//180009
PAGO
:61:081211C000000004500,00NTRF000000533629//180009
PAGO
:61:081211C000000001300,00NTRF000003002763//180009
PAGO
:61:081211C000000001000,00NTRF000003010872//180009
PAGO
:61:081211C000000002000,00NTRF000000029872//180009
PAGO
:61:081211C000000002001,70NTRF000000029896//180009
PAGO
:61:081211C000000013440,00NTRF000000029905//180009
PAGO
:61:081211C000000004200,00NTRF000000029881//180009
PAGO
:61:081211C000000013440,00NTRF000000029902//180009
PAGO
:62M:C081211VEF000011115741,07
-}{5:{CHK:1143FB20924B}}{S:{COP:S}}${1:F21VZCRVECAAXXX5410610696}{4:{177:0404021720}{451:0}}{1:F01VZCRVECAAXXX5410610696}{2:09501717040402VZCRVECAAXXX40812675430404021720N}{3:{108:SCONNECT}}{4:
:20:MI081211
:25:2222222222
:28C:0517/092
:60M:C081211VEF000011115741,07
:61:081211C000000001685,00NTRF000000065939//180009
PAGO
:61:081211C000000000300,00NTRF000000107616//180009
PAGO
:61:081211C000000000150,00NTRF000000065891//180009
PAGO
:61:081211C000000000333,33NTRF000000116687//180009
PAGO
:61:081211C000000000520,59NTRF000000116436//180009
PAGO
:61:081211C000000000400,00NTRF000000116478//180009
PAGO
:61:081211C000000000350,00NTRF000000116834//180009
PAGO
:61:081211C000000000500,00NTRF000000116903//180009
PAGO
:61:081211C000000000013,00NTRF000000001393//180009
PAGO
:62M:C081211VEF000011119992,99
-}{5:{CHK:1143FB20924B}}{S:{COP:S}}${1:F21VZCRVECAAXXX5410610696}{4:{177:0404021720}{451:0}}{1:F01VZCRVECAAXXX5410610696}{2:09501717040402VZCRVECAAXXX40812675430404021720N}{3:{108:SCONNECT}}{4:
:20:MI081211
:25:2222222222
:28C:0517/093
:60M:C081211VEF000011119992,99
:61:081211C000000000500,00NTRF000000001426//180009
PAGO
:61:081211C000000001500,00NTRF000000001262//180009
PAGO
:61:081211C000000000300,00NTRF000000001372//180009
PAGO
:61:081211C000000001068,23NTRF000000001198//180009
PAGO
:61:081211C000000002000,00NTRF000000001168//180009
PAGO
:61:081211C000000020000,00NTRF000000001092//180009
PAGO
:61:081211C000000004200,00NTRF000000001348//180009
PAGO
:61:081211C000000000150,00NTRF000000001436//180009
PAGO
:61:081211C000000004000,00NTRF000000390863//180009
PAGO
:62M:C081211VEF000011153711,22
-}{5:{CHK:1143FB20924B}}{S:{COP:S}}${1:F21VZCRVECAAXXX5410610696}{4:{177:0404021720}{451:0}}{1:F01VZCRVECAAXXX5410610696}{2:09501717040402VZCRVECAAXXX40812675430404021720N}{3:{108:SCONNECT}}{4:
:20:MI081211
:25:2222222222
:28C:0517/094
:60M:C081211VEF000011153711,22
:61:081211C000000000600,00NTRF000000394156//180009
PAGO
:61:081211C000000017000,00NTRF000000395202//180009
PAGO
:61:081211C000000000400,00NTRF000000395243//180009
PAGO
:61:081211C000000003000,00NTRF000000395246//180009
PAGO
:61:081211C000000003000,00NTRF000000395251//180009
PAGO
:61:081211C000000002000,00NTRF000000395253//180009
PAGO
:61:081211C000000006000,00NTRF000000395346//180009
PAGO
:61:081211C000000000495,83NTRF000000395395//180009
PAGO
:61:081211C000000001500,00NTRF000000394216//180009
PAGO
:62M:C081211VEF000011187707,05
-}{5:{CHK:1143FB20924B}}{S:{COP:S}}${1:F21VZCRVECAAXXX5410610696}{4:{177:0404021720}{451:0}}{1:F01VZCRVECAAXXX5410610696}{2:09501717040402VZCRVECAAXXX40812675430404021720N}{3:{108:SCONNECT}}{4:
:20:MI081211
:25:2222222222
:28C:0517/095
:60M:C081211VEF000011187707,05
:61:081211C000000001200,00NTRF000000394325//180009
PAGO
:61:081211C000000006000,00NTRF000000394451//180009
PAGO
:61:081211C000000000850,00NTRF000000394547//180009
PAGO
:61:081211C000000000690,00NTRF000000394614//180009
PAGO
:61:081211C000000012900,00NTRF000000394703//180009
PAGO
:61:081211C000000000100,00NTRF000000394806//180009
PAGO
:61:081211C000000001289,95NTRF000000394856//180009
PAGO
:61:081211C000000001000,00NTRF000000394922//180009
PAGO
:61:081211C000000030000,00NTRF000000395002//180009
PAGO
:62M:C081211VEF000011241737,00
-}{5:{CHK:1143FB20924B}}{S:{COP:S}}${1:F21VZCRVECAAXXX5410610696}{4:{177:0404021720}{451:0}}{1:F01VZCRVECAAXXX5410610696}{2:09501717040402VZCRVECAAXXX40812675430404021720N}{3:{108:SCONNECT}}{4:
:20:MI081211
:25:2222222222
:28C:0517/096
:60M:C081211VEF000011241737,00
:61:081211C000000005700,00NTRF000000395491//180009
PAGO
:61:081211C000000001400,00NTRF000000395518//180009
PAGO
:61:081211C000000000445,00NTRF000000395593//180009
PAGO
:61:081211C000000000425,00NTRF000000395622//180009
PAGO
:61:081211C000000001290,00NTRF000000395707//180009
PAGO
:61:081211C000000005800,00NTRF000000390825//180009
PAGO
:61:081211C000000000500,00NTRF000000275248//180009
PAGO
:61:081211C000000000500,00NTRF000000164194//180009
PAGO
:61:081211C000000006000,00NTRF000000087421//180009
PAGO
:62M:C081211VEF000011263797,00
-}{5:{CHK:1143FB20924B}}{S:{COP:S}}${1:F21VZCRVECAAXXX5410610696}{4:{177:0404021720}{451:0}}{1:F01VZCRVECAAXXX5410610696}{2:09501717040402VZCRVECAAXXX40812675430404021720N}{3:{108:SCONNECT}}{4:
:20:MI081211
:25:2222222222
:28C:0517/097
:60M:C081211VEF000011263797,00
:61:081211C000000000251,03NTRF000000087356//180009
PAGO
:61:081211C000000000120,00NTRF000000087369//180009
PAGO
:61:081211C000000000180,00NTRF000000088033//180009
PAGO
:61:081211C000000000200,00NTRF000000088606//180009
PAGO
:61:081211C000000000339,00NTRF000000088519//180009
PAGO
:61:081211C000000001000,00NTRF000000088448//180009
PAGO
:61:081211C000000000494,00NTRF000000088265//180009
PAGO
:61:081211C000000000660,00NTRF000000088233//180009
PAGO
:61:081211C000000000300,00NTRF000000088210//180009
PAGO
:62M:C081211VEF000011267341,03
-}{5:{CHK:1143FB20924B}}{S:{COP:S}}${1:F21VZCRVECAAXXX5410610696}{4:{177:0404021720}{451:0}}{1:F01VZCRVECAAXXX5410610696}{2:09501717040402VZCRVECAAXXX40812675430404021720N}{3:{108:SCONNECT}}{4:
:20:MI081211
:25:2222222222
:28C:0517/098
:60M:C081211VEF000011267341,03
:61:081211C000000001000,00NTRF000000088202//180009
PAGO
:61:081211C000000001150,00NTRF000000088155//180009
PAGO
:61:081211C000000001550,00NTRF000000088137//180009
PAGO
:61:081211C000000002525,00NTRF000000087944//180009
PAGO
:61:081211C000000000500,00NTRF000000087826//180009
PAGO
:61:081211C000000150000,00NTRF000000087782//180009
PAGO
:61:081211C000000001530,00NTRF000000087785//180009
PAGO
:61:081211C000000001115,00NTRF000000087730//180009
PAGO
:61:081211C000000002000,00NTRF000000087697//180009
PAGO
:62M:C081211VEF000011428711,03
-}{5:{CHK:1143FB20924B}}{S:{COP:S}}${1:F21VZCRVECAAXXX5410610696}{4:{177:0404021720}{451:0}}{1:F01VZCRVECAAXXX5410610696}{2:09501717040402VZCRVECAAXXX40812675430404021720N}{3:{108:SCONNECT}}{4:
:20:MI081211
:25:2222222222
:28C:0517/099
:60M:C081211VEF000011428711,03
:61:081211C000000000750,00NTRF000000087486//180009
PAGO
:61:081211C000000022500,00NTRF000000087470//180009
PAGO
:61:081211C000000000300,00NTRF000000089122//180009
PAGO
:61:081211C000000010965,00NTRF000000089101//180009
PAGO
:61:081211C000000000400,00NTRF000000089012//180009
PAGO
:61:081211C000000015000,00NTRF000000088968//180009
PAGO
:61:081211C000000004000,00NTRF000000088976//180009
PAGO
:61:081211C000000000050,00NTRF000000088860//180009
PAGO
:61:081211C000000002000,00NTRF000000088807//180009
PAGO
:62M:C081211VEF000011484676,03
-}{5:{CHK:1143FB20924B}}{S:{COP:S}}${1:F21VZCRVECAAXXX5410610696}{4:{177:0404021720}{451:0}}{1:F01VZCRVECAAXXX5410610696}{2:09501717040402VZCRVECAAXXX40812675430404021720N}{3:{108:SCONNECT}}{4:
:20:MI081211
:25:2222222222
:28C:0517/100
:60M:C081211VEF000011484676,03
:61:081211C000000001700,00NTRF000000088666//180009
PAGO
:61:081211C000000002100,00NTRF000000088643//180009
PAGO
:61:081211C000000001800,00NTRF000000087451//180009
PAGO
:61:081211C000000000050,00NTRF000040004509//180009
PAGO
:61:081211C000000000200,00NTRF000095099651//180009
PAGO
:61:081211C000000004000,00NTRF000027730033//180009
PAGO
:61:081211C000000001194,00NTRF000024462566//180009
PAGO
:61:081211C000000004211,64NTRF000000737123//180009
PAGO
:61:081211C000000000235,43NTRF000000737073//180009
PAGO
:62M:C081211VEF000011500167,10
-}{5:{CHK:1143FB20924B}}{S:{COP:S}}${1:F21VZCRVECAAXXX5410610696}{4:{177:0404021720}{451:0}}{1:F01VZCRVECAAXXX5410610696}{2:09501717040402VZCRVECAAXXX40812675430404021720N}{3:{108:SCONNECT}}{4:
:20:MI081211
:25:2222222222
:28C:0517/101
:60M:C081211VEF000011500167,10
:61:081211C000000030665,47NTRF000000737084//180009
PAGO
:61:081211C000000022539,32NTRF000000737621//180009
PAGO
:61:081211C000000014790,00NTRF000000737591//180009
PAGO
:61:081211C000000003000,00NTRF000000737574//180009
PAGO
:61:081211C000000006000,00NTRF000000737578//180009
PAGO
:61:081211C000000005279,00NTRF000000737579//180009
PAGO
:61:081211C000000001227,00NTRF000000737200//180009
PAGO
:61:081211C000000003833,35NTRF000000737132//180009
PAGO
:61:081211C000000009647,10NTRF000000737135//180009
PAGO
:62M:C081211VEF000011597148,34
-}{5:{CHK:1143FB20924B}}{S:{COP:S}}${1:F21VZCRVECAAXXX5410610696}{4:{177:0404021720}{451:0}}{1:F01VZCRVECAAXXX5410610696}{2:09501717040402VZCRVECAAXXX40812675430404021720N}{3:{108:SCONNECT}}{4:
:20:MI081211
:25:2222222222
:28C:0517/102
:60M:C081211VEF000011597148,34
:61:081211C000000001638,33NTRF000000737146//180009
PAGO
:61:081211C000000013533,75NTRF000000737150//180009
PAGO
:61:081211C000000005845,16NTRF000000737298//180009
PAGO
:61:081211C000000220865,42NTRF000011111101//180009
PAGO
:61:081211C000000033503,55NTRF000011111103//180009
PAGO
:61:081211C000000004300,00NTRF000000000001//180009
PAGO
:61:081211C000000004500,00NTRF000000000000//180009
PAGO
:61:081211C000000000700,00NTRF000027232203//180009
PAGO
:61:081211C000000001420,00NTRF000027231269//180009
PAGO
:62M:C081211VEF000011883454,55
-}{5:{CHK:1143FB20924B}}{S:{COP:S}}${1:F21VZCRVECAAXXX5410610696}{4:{177:0404021720}{451:0}}{1:F01VZCRVECAAXXX5410610696}{2:09501717040402VZCRVECAAXXX40812675430404021720N}{3:{108:SCONNECT}}{4:
:20:MI081211
:25:2222222222
:28C:0517/103
:60M:C081211VEF000011883454,55
:61:081211C000000000933,00NTRF000027231511//180009
PAGO
:61:081211C000000000150,00NTRF000027230321//180009
PAGO
:61:081211C000000001195,00NTRF000027231494//180009
PAGO
:61:081211C000000030000,00NTRF000000190820//180009
PAGO
:61:081211C000000001000,00NTRF000000191315//180009
PAGO
:61:081211C000000001000,00NTRF000000191374//180009
PAGO
:61:081211C000000000500,00NTRF000000190185//180009
PAGO
:61:081211C000000000073,00NTRF000000190288//180009
PAGO
:61:081211C000000010000,00NTRF000000190375//180009
PAGO
:62M:C081211VEF000011928305,55
-}{5:{CHK:1143FB20924B}}{S:{COP:S}}${1:F21VZCRVECAAXXX5410610696}{4:{177:0404021720}{451:0}}{1:F01VZCRVECAAXXX5410610696}{2:09501717040402VZCRVECAAXXX40812675430404021720N}{3:{108:SCONNECT}}{4:
:20:MI081211
:25:2222222222
:28C:0517/104
:60M:C081211VEF000011928305,55
:61:081211C000000001500,00NTRF000000190387//180009
PAGO
:61:081211C000000002300,00NTRF000000190436//180009
PAGO
:61:081211C000000003000,00NTRF000000190452//180009
PAGO
:61:081211C000000000190,00NTRF000000189779//180009
PAGO
:61:081211C000000000333,00NTRF000000189823//180009
PAGO
:61:081211C000000000300,00NTRF000000189872//180009
PAGO
:61:081211C000000000200,00NTRF000000189876//180009
PAGO
:61:081211C000000000500,00NTRF000000190039//180009
PAGO
:61:081211C000000000735,00NTRF000000190077//180009
PAGO
:62M:C081211VEF000011937363,55
-}{5:{CHK:1143FB20924B}}{S:{COP:S}}${1:F21VZCRVECAAXXX5410610696}{4:{177:0404021720}{451:0}}{1:F01VZCRVECAAXXX5410610696}{2:09501717040402VZCRVECAAXXX40812675430404021720N}{3:{108:SCONNECT}}{4:
:20:MI081211
:25:2222222222
:28C:0517/105
:60M:C081211VEF000011937363,55
:61:081211C000000035000,00NTRF000000190081//180009
PAGO
:61:081211C000000001000,00NTRF000000190089//180009
PAGO
:61:081211C000000001500,00NTRF000000189302//180009
PAGO
:61:081211C000000000200,00NTRF000000189360//180009
PAGO
:61:081211C000000003100,00NTRF000000189398//180009
PAGO
:61:081211C000000000706,00NTRF000000189437//180009
PAGO
:61:081211C000000001000,00NTRF000000189476//180009
PAGO
:61:081211C000000003000,00NTRF000000189638//180009
PAGO
:61:081211C000000005000,00NTRF000000189755//180009
PAGO
:62M:C081211VEF000011987869,55
-}{5:{CHK:1143FB20924B}}{S:{COP:S}}${1:F21VZCRVECAAXXX5410610696}{4:{177:0404021720}{451:0}}{1:F01VZCRVECAAXXX5410610696}{2:09501717040402VZCRVECAAXXX40812675430404021720N}{3:{108:SCONNECT}}{4:
:20:MI081211
:25:2222222222
:28C:0517/106
:60M:C081211VEF000011987869,55
:61:081211C000000003806,20NTRF000000175565//180009
PAGO
:61:081211C000000000100,00NTRF000000181070//180009
PAGO
:61:081211C000000020000,00NTRF000000181218//180009
PAGO
:61:081211C000000001440,00NTRF000000181956//180009
PAGO
:61:081211C000000003806,00NTRF000000175554//180009
PAGO
:61:081211C000000003902,85NTRF000000175563//180009
PAGO
:61:081211C000000001845,02NTRF000000175564//180009
PAGO
:61:081211C000000005834,40NTRF000000176860//180009
PAGO
:61:081211C000000002000,00NTRF000000177751//180009
PAGO
:62M:C081211VEF000012030604,02
-}{5:{CHK:1143FB20924B}}{S:{COP:S}}${1:F21VZCRVECAAXXX5410610696}{4:{177:0404021720}{451:0}}{1:F01VZCRVECAAXXX5410610696}{2:09501717040402VZCRVECAAXXX40812675430404021720N}{3:{108:SCONNECT}}{4:
:20:MI081211
:25:2222222222
:28C:0517/107
:60M:C081211VEF000012030604,02
:61:081211C000000115000,00NTRF000000178227//180009
PAGO
:61:081211C000000001578,92NTRF000000178258//180009
PAGO
:61:081211C000001500000,00NTRF000000178764//180009
PAGO
:61:081211C000000250000,00NTRF000000178824//180009
PAGO
:61:081211C000000030000,00NTRF000000178877//180009
PAGO
:61:081211C000000017088,36NTRF000000179894//180009
PAGO
:61:081211C000000007878,15NTRF000000180676//180009
PAGO
:61:081211C000000004500,00NTRF000000190093//180009
PAGO
:61:081211C000000001003,97NTRF000000190132//180009
PAGO
:62M:C081211VEF000013957653,42
-}{5:{CHK:1143FB20924B}}{S:{COP:S}}${1:F21VZCRVECAAXXX5410610696}{4:{177:0404021720}{451:0}}{1:F01VZCRVECAAXXX5410610696}{2:09501717040402VZCRVECAAXXX40812675430404021720N}{3:{108:SCONNECT}}{4:
:20:MI081211
:25:2222222222
:28C:0517/108
:60M:C081211VEF000013957653,42
:61:081211C000000000850,00NTRF000000190166//180009
PAGO
:61:081211C000000000500,00NTRF000000182568//180009
PAGO
:61:081211C000000001872,53NTRF000000186248//180009
PAGO
:61:081211C000000000500,00NTRF000000189112//180009
PAGO
:61:081211C000000000500,00NTRF000000189119//180009
PAGO
:61:081211C000000020000,00NTRF000000189248//180009
PAGO
:61:081211C000000001150,00NTRF000000189292//180009
PAGO
:61:081211C000000003000,00NTRF000000190594//180009
PAGO
:61:081211C000000001000,00NTRF000000190620//180009
PAGO
:62M:C081211VEF000013987025,95
-}{5:{CHK:1143FB20924B}}{S:{COP:S}}${1:F21VZCRVECAAXXX5410610696}{4:{177:0404021720}{451:0}}{1:F01VZCRVECAAXXX5410610696}{2:09501717040402VZCRVECAAXXX40812675430404021720N}{3:{108:SCONNECT}}{4:
:20:MI081211
:25:2222222222
:28C:0517/109
:60M:C081211VEF000013987025,95
:61:081211C000000000300,00NTRF000000190636//180009
PAGO
:61:081211C000000001000,00NTRF000000190691//180009
PAGO
:61:081211C000000000270,00NTRF000000190694//180009
PAGO
:61:081211C000000002000,00NTRF000000190729//180009
PAGO
:61:081211C000000001600,00NTRF000000190809//180009
PAGO
:61:081211C000000003000,00NTRF000000189764//180009
PAGO
:61:081211C000000000700,00NTRF000000189771//180009
PAGO
:61:081211C000000002000,00NTRF000000190967//180009
PAGO
:61:081211C000000001000,00NTRF000000191043//180009
PAGO
:62M:C081211VEF000013998895,95
-}{5:{CHK:1143FB20924B}}{S:{COP:S}}${1:F21VZCRVECAAXXX5410610696}{4:{177:0404021720}{451:0}}{1:F01VZCRVECAAXXX5410610696}{2:09501717040402VZCRVECAAXXX40812675430404021720N}{3:{108:SCONNECT}}{4:
:20:MI081211
:25:2222222222
:28C:0517/110
:60M:C081211VEF000013998895,95
:61:081211C000000000230,00NTRF000000191138//180009
PAGO
:61:081211C000000000430,00NTRF000000191189//180009
PAGO
:61:081211C000000000200,00NTRF000000191220//180009
PAGO
:61:081211C000000009600,00NTRF000000191227//180009
PAGO
:61:081211C000000001000,00NTRF000000191280//180009
PAGO
:61:081211C000000001000,00NTRF000000191282//180009
PAGO
:61:081211C000000003499,66NTRF000000191309//180009
PAGO
:61:081211C000000004500,00NTRF000000190966//180009
PAGO
:61:081211C000000002000,00NTRF000000191584//180009
PAGO
:62M:C081211VEF000014021355,61
-}{5:{CHK:1143FB20924B}}{S:{COP:S}}${1:F21VZCRVECAAXXX5410610696}{4:{177:0404021720}{451:0}}{1:F01VZCRVECAAXXX5410610696}{2:09501717040402VZCRVECAAXXX40812675430404021720N}{3:{108:SCONNECT}}{4:
:20:MI081211
:25:2222222222
:28C:0517/111
:60M:C081211VEF000014021355,61
:61:081211C000000000670,00NTRF000000191610//180009
PAGO
:61:081211C000000001000,00NTRF000000191648//180009
PAGO
:61:081211C000000000300,00NTRF000000191626//180009
PAGO
:61:081211C000000002000,00NTRF000000191597//180009
PAGO
:61:081211C000000237525,40NTRF000000191560//180009
PAGO
:61:081211C000000010000,00NTRF000000191552//180009
PAGO
:61:081211C000000000350,00NTRF000000191536//180009
PAGO
:61:081211C000000000250,00NTRF000000733731//180009
PAGO
:61:081211C000000001600,00NTRF000000000000//180009
PAGO
:62M:C081211VEF000014275051,01
-}{5:{CHK:1143FB20924B}}{S:{COP:S}}${1:F21VZCRVECAAXXX5410610696}{4:{177:0404021720}{451:0}}{1:F01VZCRVECAAXXX5410610696}{2:09501717040402VZCRVECAAXXX40812675430404021720N}{3:{108:SCONNECT}}{4:
:20:MI081211
:25:2222222222
:28C:0517/112
:60M:C081211VEF000014275051,01
:61:081211C000000001500,00NTRF000000000000//180009
PAGO
:61:081211C000000000500,00NTRF000000000000//180009
PAGO
:61:081211C000000004400,00NTRF000076501511//180009
PAGO
:61:081211C000000001833,33NTRF000076501760//180009
PAGO
:61:081211C000000004400,00NTRF000076501489//180009
PAGO
:61:081211C000000004400,00NTRF000076501390//180009
PAGO
:61:081211C000000004400,00NTRF000076501254//180009
PAGO
:61:081211C000000004400,00NTRF000076500998//180009
PAGO
:61:081211C000000004400,00NTRF000076500980//180009
PAGO
:62M:C081211VEF000014305284,34
-}{5:{CHK:1143FB20924B}}{S:{COP:S}}${1:F21VZCRVECAAXXX5410610696}{4:{177:0404021720}{451:0}}{1:F01VZCRVECAAXXX5410610696}{2:09501717040402VZCRVECAAXXX40812675430404021720N}{3:{108:SCONNECT}}{4:
:20:MI081211
:25:2222222222
:28C:0517/113
:60M:C081211VEF000014305284,34
:61:081211C000000004400,00NTRF000076500938//180009
PAGO
:61:081211C000000004400,00NTRF000076500722//180009
PAGO
:61:081211C000000004400,00NTRF000076500662//180009
PAGO
:61:081211C000000004400,00NTRF000076500620//180009
PAGO
:61:081211C000000004400,00NTRF000076500453//180009
PAGO
:61:081211C000000004400,00NTRF000076501456//180009
PAGO
:61:081211C000000004400,00NTRF000076502375//180009
PAGO
:61:081211C000000004400,00NTRF000076503002//180009
PAGO
:61:081211C000000004400,00NTRF000076500218//180009
PAGO
:62M:C081211VEF000014344884,34
-}{5:{CHK:1143FB20924B}}{S:{COP:S}}${1:F21VZCRVECAAXXX5410610696}{4:{177:0404021720}{451:0}}{1:F01VZCRVECAAXXX5410610696}{2:09501717040402VZCRVECAAXXX40812675430404021720N}{3:{108:SCONNECT}}{4:
:20:MI081211
:25:2222222222
:28C:0517/114
:60M:C081211VEF000014344884,34
:61:081211C000000004400,00NTRF000076500199//180009
PAGO
:61:081211C000000004400,00NTRF000076500266//180009
PAGO
:61:081211C000000004400,00NTRF000076500295//180009
PAGO
:61:081211C000000001000,00NTRF000035682000//180009
PAGO
:61:081211C000000000080,00NTRF000011122008//180009
PAGO
:61:081211C000000000100,00NTRF000011122008//180009
PAGO
:61:081211C000000000200,00NTRF000011122008//180009
PAGO
:61:081211C000000000800,00NTRF000011122008//180009
PAGO
:61:081211C000000000185,00NTRF000011122008//180009
PAGO
:62M:C081211VEF000014360449,34
-}{5:{CHK:1143FB20924B}}{S:{COP:S}}${1:F21VZCRVECAAXXX5410610696}{4:{177:0404021720}{451:0}}{1:F01VZCRVECAAXXX5410610696}{2:09501717040402VZCRVECAAXXX40812675430404021720N}{3:{108:SCONNECT}}{4:
:20:MI081211
:25:2222222222
:28C:0517/115
:60M:C081211VEF000014360449,34
:61:081211C000000000200,00NTRF000011122008//180009
PAGO
:61:081211C000000000200,00NTRF000011122008//180009
PAGO
:61:081211C000000001009,41NTRF000011122008//180009
PAGO
:61:081211C000000000895,00NTRF000011122008//180009
PAGO
:61:081211C000000000250,00NTRF000011122008//180009
PAGO
:61:081211C000000000316,00NTRF000011122008//180009
PAGO
:61:081211C000000000200,00NTRF000011122008//180009
PAGO
:61:081211C000000000120,00NTRF000011122008//180009
PAGO
:61:081211C000000000358,96NTRF000011122008//180009
PAGO
:62M:C081211VEF000014363998,71
-}{5:{CHK:1143FB20924B}}{S:{COP:S}}${1:F21VZCRVECAAXXX5410610696}{4:{177:0404021720}{451:0}}{1:F01VZCRVECAAXXX5410610696}{2:09501717040402VZCRVECAAXXX40812675430404021720N}{3:{108:SCONNECT}}{4:
:20:MI081211
:25:2222222222
:28C:0517/116
:60M:C081211VEF000014363998,71
:61:081211C000000000100,00NTRF000011122008//180009
PAGO
:61:081211C000000000305,44NTRF000011122008//180009
PAGO
:61:081211C000000007349,85NTRF000012100001//180009
PAGO
:61:081211C000000000543,56NTRF000033880776//180009
PAGO
:61:081211C000000000250,00NTRF000000000000//180009
PAGO
:61:081211C000000000500,00NTRF000027225653//180009
PAGO
:61:081211C000000001300,00NTRF000027225760//180009
PAGO
:61:081211C000000000600,00NTRF000027225216//180009
PAGO
:61:081211C000000000300,00NTRF000027225191//180009
PAGO
:62M:C081211VEF000014375247,56
-}{5:{CHK:1143FB20924B}}{S:{COP:S}}${1:F21VZCRVECAAXXX5410610696}{4:{177:0404021720}{451:0}}{1:F01VZCRVECAAXXX5410610696}{2:09501717040402VZCRVECAAXXX40812675430404021720N}{3:{108:SCONNECT}}{4:
:20:MI081211
:25:2222222222
:28C:0517/117
:60M:C081211VEF000014375247,56
:61:081211C000000017500,00NTRF000027226024//180009
PAGO
:61:081211C000000004000,00NTRF000027225483//180009
PAGO
:61:081211C000000000300,00NTRF000027227518//180009
PAGO
:61:081211C000000000300,00NTRF000027228298//180009
PAGO
:61:081211C000000001100,00NTRF000027228989//180009
PAGO
:61:081211C000000001000,00NTRF000027229660//180009
PAGO
:61:081211C000000022783,05NTRF000001109511//180009
PAGO
:61:081211C000000036000,00NTRF000027188272//180009
PAGO
:61:081211C000000033433,22NTRF000000003969//180009
PAGO
:62M:C081211VEF000014491663,83
-}{5:{CHK:1143FB20924B}}{S:{COP:S}}${1:F21VZCRVECAAXXX5410610696}{4:{177:0404021720}{451:0}}{1:F01VZCRVECAAXXX5410610696}{2:09501717040402VZCRVECAAXXX40812675430404021720N}{3:{108:SCONNECT}}{4:
:20:MI081211
:25:2222222222
:28C:0517/118
:60M:C081211VEF000014491663,83
:61:081211C000000228580,00NTRF000020114861//180009
PAGO
:61:081211C000000095857,56NTRF000020115584//180009
PAGO
:61:081211C000000008067,57NTRF000020114895//180009
PAGO
:61:081211C000000066611,50NTRF000020114896//180009
PAGO
:61:081211C000000018819,19NTRF000020115540//180009
PAGO
:61:081211C000000003150,00NTRF000027198183//180009
PAGO
:61:081211C000004353934,51NTRF000020115535//180009
PAGO
:61:081211C000000000589,36NTRF000000003977//180009
PAGO
:61:081211C000000045278,63NTRF000000003965//180009
PAGO
:62M:C081211VEF000019312552,15
-}{5:{CHK:1143FB20924B}}{S:{COP:S}}${1:F21VZCRVECAAXXX5410610696}{4:{177:0404021720}{451:0}}{1:F01VZCRVECAAXXX5410610696}{2:09501717040402VZCRVECAAXXX40812675430404021720N}{3:{108:SCONNECT}}{4:
:20:MI081211
:25:2222222222
:28C:0517/119
:60M:C081211VEF000019312552,15
:61:081211C000000014493,60NTRF000027196169//180009
PAGO
:61:081211C000000014664,00NTRF000027196291//180009
PAGO
:61:081211C000000007182,88NTRF000027189664//180009
PAGO
:61:081211C000000024176,50NTRF000000007034//180009
PAGO
:61:081211C000000014131,50NTRF000000007033//180009
PAGO
:61:081211C000000000542,00NTRF000032052895//180009
PAGO
:61:081211C000000005000,00NTRF000027209328//180009
PAGO
:61:081211C000000008000,00NTRF000027194193//180009
PAGO
:61:081211C000000000327,00NTRF000027209360//180009
PAGO
:62M:C081211VEF000019401069,63
-}{5:{CHK:1143FB20924B}}{S:{COP:S}}${1:F21VZCRVECAAXXX5410610696}{4:{177:0404021720}{451:0}}{1:F01VZCRVECAAXXX5410610696}{2:09501717040402VZCRVECAAXXX40812675430404021720N}{3:{108:SCONNECT}}{4:
:20:MI081211
:25:2222222222
:28C:0517/120
:60M:C081211VEF000019401069,63
:61:081211C000000004237,20NTRF000001109645//180009
PAGO
:61:081211C000000005000,00NTRF000000707334//180009
PAGO
:61:081211C000000005000,00NTRF000000629235//180009
PAGO
:61:081211C000000000300,00NTRF000000668806//180009
PAGO
:61:081211C000000006000,00NTRF000000594385//180009
PAGO
:61:081211C000000001900,00NTRF000000660968//180009
PAGO
:61:081211C000000002556,00NTRF000000710838//180009
PAGO
:61:081211C000000000150,00NTRF000000707477//180009
PAGO
:61:081211C000000000750,00NTRF000000676585//180009
PAGO
:62M:C081211VEF000019426962,83
-}{5:{CHK:1143FB20924B}}{S:{COP:S}}${1:F21VZCRVECAAXXX5410610696}{4:{177:0404021720}{451:0}}{1:F01VZCRVECAAXXX5410610696}{2:09501717040402VZCRVECAAXXX40812675430404021720N}{3:{108:SCONNECT}}{4:
:20:MI081211
:25:2222222222
:28C:0517/121
:60M:C081211VEF000019426962,83
:61:081211C000000000075,00NTRF000027224713//180009
PAGO
:61:081211C000000000418,00NTRF000027214491//180009
PAGO
:61:081211C000000002000,00NTRF000027214689//180009
PAGO
:61:081211C000000000600,00NTRF000027215110//180009
PAGO
:61:081211C000000005000,00NTRF000027216029//180009
PAGO
:61:081211C000000001000,00NTRF000027216706//180009
PAGO
:61:081211C000000001000,00NTRF000027216766//180009
PAGO
:61:081211C000000000539,55NTRF000027219488//180009
PAGO
:61:081211C000000007250,00NTRF000027220132//180009
PAGO
:62M:C081211VEF000019444845,38
-}{5:{CHK:1143FB20924B}}{S:{COP:S}}${1:F21VZCRVECAAXXX5410610696}{4:{177:0404021720}{451:0}}{1:F01VZCRVECAAXXX5410610696}{2:09501717040402VZCRVECAAXXX40812675430404021720N}{3:{108:SCONNECT}}{4:
:20:MI081211
:25:2222222222
:28C:0517/122
:60M:C081211VEF000019444845,38
:61:081211C000000004000,00NTRF000027221306//180009
PAGO
:61:081211C000000001300,00NTRF000027213549//180009
PAGO
:61:081211C000000000200,00NTRF000027207998//180009
PAGO
:61:081211C000000000104,00NTRF000027210729//180009
PAGO
:61:081211C000000000122,00NTRF000027212479//180009
PAGO
:61:081211C000000015000,00NTRF000027210244//180009
PAGO
:61:081211C000000000500,00NTRF000027222237//180009
PAGO
:61:081211C000000000250,00NTRF000027223414//180009
PAGO
:61:081211C000000001500,00NTRF000027223497//180009
PAGO
:62M:C081211VEF000019467821,38
-}{5:{CHK:1143FB20924B}}{S:{COP:S}}${1:F21VZCRVECAAXXX5410610696}{4:{177:0404021720}{451:0}}{1:F01VZCRVECAAXXX5410610696}{2:09501717040402VZCRVECAAXXX40812675430404021720N}{3:{108:SCONNECT}}{4:
:20:MI081211
:25:2222222222
:28C:0517/123
:60M:C081211VEF000019467821,38
:61:081211C000000000300,00NTRF000027224154//180009
PAGO
:61:081211C000000000200,00NTRF000027224774//180009
PAGO
:61:081211C000000003380,00NTRF000027224958//180009
PAGO
:61:081211C000000017163,68NTRF000000081473//180009
PAGO
:61:081211C000000019478,62NTRF000000081472//180009
PAGO
:61:081211C000000004164,64NTRF000000081471//180009
PAGO
:61:081211C000000003149,30NTRF000000081474//180009
PAGO
:61:081211C000000000600,00NTRF000027202914//180009
PAGO
:61:081211C000000003729,94NTRF000027204266//180009
PAGO
:62M:C081211VEF000019519987,56
-}{5:{CHK:1143FB20924B}}{S:{COP:S}}${1:F21VZCRVECAAXXX5410610696}{4:{177:0404021720}{451:0}}{1:F01VZCRVECAAXXX5410610696}{2:09501717040402VZCRVECAAXXX40812675430404021720N}{3:{108:SCONNECT}}{4:
:20:MI081211
:25:2222222222
:28C:0517/124
:60M:C081211VEF000019519987,56
:61:081211C000000001450,00NTRF000027206970//180009
PAGO
:61:081211C000000000690,00NTRF000027207567//180009
PAGO
:61:081211C000000002500,00NTRF000027207694//180009
PAGO
:61:081211C000000014200,00NTRF000027193368//180009
PAGO
:61:081211C000000000020,00NTRF000027194122//180009
PAGO
:61:081211C000000000700,00NTRF000027195721//180009
PAGO
:61:081211C000000005000,00NTRF000027194559//180009
PAGO
:61:081211C000000005000,00NTRF000027192422//180009
PAGO
:61:081211C000000000500,00NTRF000027196473//180009
PAGO
:62M:C081211VEF000019550047,56
-}{5:{CHK:1143FB20924B}}{S:{COP:S}}${1:F21VZCRVECAAXXX5410610696}{4:{177:0404021720}{451:0}}{1:F01VZCRVECAAXXX5410610696}{2:09501717040402VZCRVECAAXXX40812675430404021720N}{3:{108:SCONNECT}}{4:
:20:MI081211
:25:2222222222
:28C:0517/125
:60M:C081211VEF000019550047,56
:61:081211C000000001500,00NTRF000027198772//180009
PAGO
:61:081211C000000002500,00NTRF000027200593//180009
PAGO
:61:081211C000000000200,00NTRF000027201561//180009
PAGO
:61:081211C000000000108,00NTRF000001289875//180009
PAGO
:61:081211C000000010707,61NTRF000000000271//180009
PAGO
:61:081211C000000028906,43NTRF000000004693//180009
PAGO
:61:081211C000000034000,00NTRF000003458078//180009
PAGO
:61:081211C000000135458,85NTRF000000004698//180009
PAGO
:61:081211C000000006441,61NTRF000001289878//180009
PAGO
:62M:C081211VEF000019769870,06
-}{5:{CHK:1143FB20924B}}{S:{COP:S}}${1:F21VZCRVECAAXXX5410610696}{4:{177:0404021720}{451:0}}{1:F01VZCRVECAAXXX5410610696}{2:09501717040402VZCRVECAAXXX40812675430404021720N}{3:{108:SCONNECT}}{4:
:20:MI081211
:25:2222222222
:28C:0517/126
:60M:C081211VEF000019769870,06
:61:081211C000000006240,06NTRF000000016521//180009
PAGO
:61:081211C000000102696,00NTRF000000028987//180009
PAGO
:61:081211C000000000923,87NTRF000000004747//180009
PAGO
:61:081211C000000000236,00NTRF000000011547//180009
PAGO
:61:081211C000000001363,60NTRF000000011549//180009
PAGO
:61:081211C000000001842,74NTRF000020013157//180009
PAGO
:61:081211C000000002381,15NTRF000020013160//180009
PAGO
:61:081211C000000004846,65NTRF000000028875//180009
PAGO
:61:081211C000000014795,57NTRF000055792008//180009
PAGO
:62M:C081211VEF000019905195,70
-}{5:{CHK:1143FB20924B}}{S:{COP:S}}${1:F21VZCRVECAAXXX5410610696}{4:{177:0404021720}{451:0}}{1:F01VZCRVECAAXXX5410610696}{2:09501717040402VZCRVECAAXXX40812675430404021720N}{3:{108:SCONNECT}}{4:
:20:MI081211
:25:2222222222
:28C:0517/127
:60M:C081211VEF000019905195,70
:61:081211C000000001641,60NTRF000000345807//180009
PAGO
:61:081211C000000000152,78NTRF000010071764//180009
PAGO
:61:081211C000000001249,50NTRF000000029146//180009
PAGO
:61:081211C000000000369,73NTRF000000029077//180009
PAGO
:61:081211C000000000236,00NTRF000000011552//180009
PAGO
:61:081211C000000000808,00NTRF000000011540//180009
PAGO
:61:081211C000000000708,00NTRF000000011550//180009
PAGO
:61:081211C000000098272,96NTRF000000029225//180009
PAGO
:61:081211C000000002183,65NTRF000000028753//180009
PAGO
:62M:C081211VEF000020010817,92
-}{5:{CHK:1143FB20924B}}{S:{COP:S}}${1:F21VZCRVECAAXXX5410610696}{4:{177:0404021720}{451:0}}{1:F01VZCRVECAAXXX5410610696}{2:09501717040402VZCRVECAAXXX40812675430404021720N}{3:{108:SCONNECT}}{4:
:20:MI081211
:25:2222222222
:28C:0517/128
:60M:C081211VEF000020010817,92
:61:081211C000000000680,75NTRF000000011528//180009
PAGO
:61:081211C000000000163,00NTRF000000011402//180009
PAGO
:61:081211C000000018796,87NTRF000000029247//180009
PAGO
:61:081211C000000033432,00NTRF000000028952//180009
PAGO
:61:081211C000000058430,95NTRF000000028967//180009
PAGO
:61:081211C000000005062,62NTRF000055762008//180009
PAGO
:61:081211C000000017773,62NTRF000000029175//180009
PAGO
:61:081211C000000005927,28NTRF000020027913//180009
PAGO
:61:081211C000000000354,00NTRF000000011539//180009
PAGO
:62M:C081211VEF000020151439,01
-}{5:{CHK:1143FB20924B}}{S:{COP:S}}${1:F21VZCRVECAAXXX5410610696}{4:{177:0404021720}{451:0}}{1:F01VZCRVECAAXXX5410610696}{2:09501717040402VZCRVECAAXXX40812675430404021720N}{3:{108:SCONNECT}}{4:
:20:MI081211
:25:2222222222
:28C:0517/129
:60M:C081211VEF000020151439,01
:61:081211C000000000236,00NTRF000000011551//180009
PAGO
:61:081211C000000000236,00NTRF000000011556//180009
PAGO
:61:081211C000000004549,02NTRF000020013161//180009
PAGO
:61:081211C000000001227,00NTRF000000029023//180009
PAGO
:61:081211C000000002139,58NTRF000020027904//180009
PAGO
:61:081211C000000005835,00NTRF000000049555//180009
PAGO
:61:081211C000000001640,61NTRF000020027892//180009
PAGO
:61:081211C000000044782,74NTRF000000016493//180009
PAGO
:61:081211C000000003244,56NTRF000020027912//180009
PAGO
:62M:C081211VEF000020215329,52
-}{5:{CHK:1143FB20924B}}{S:{COP:S}}${1:F21VZCRVECAAXXX5410610696}{4:{177:0404021720}{451:0}}{1:F01VZCRVECAAXXX5410610696}{2:09501717040402VZCRVECAAXXX40812675430404021720N}{3:{108:SCONNECT}}{4:
:20:MI081211
:25:2222222222
:28C:0517/130
:60M:C081211VEF000020215329,52
:61:081211C000000158809,00NTRF000020027935//180009
PAGO
:61:081211C000000024561,25NTRF000000049575//180009
PAGO
:61:081211C000000000946,82NTRF000020027897//180009
PAGO
:61:081211C000000002641,10NTRF000000029270//180009
PAGO
:61:081211C000000006916,16NTRF000000028806//180009
PAGO
:61:081211C000000001088,79NTRF000010171764//180009
PAGO
:61:081211C000000000337,84NTRF000010141764//180009
PAGO
:61:081211C000000081798,55NTRF000001289928//180009
PAGO
:61:081211C000000003715,38NTRF000000004719//180009
PAGO
:62M:C081211VEF000020496144,41
-}{5:{CHK:1143FB20924B}}{S:{COP:S}}${1:F21VZCRVECAAXXX5410610696}{4:{177:0404021720}{451:0}}{1:F01VZCRVECAAXXX5410610696}{2:09501717040402VZCRVECAAXXX40812675430404021720N}{3:{108:SCONNECT}}{4:
:20:MI081211
:25:2222222222
:28C:0517/131
:60M:C081211VEF000020496144,41
:61:081211C000000127091,24NTRF000000029242//180009
PAGO
:61:081211C000000008684,91NTRF000000011533//180009
PAGO
:61:081211C000000018800,00NTRF000000051314//180009
PAGO
:61:081211C000000001483,06NTRF000000052383//180009
PAGO
:61:081211C000000001000,00NTRF000000052386//180009
PAGO
:61:081211C000000000200,00NTRF000000052206//180009
PAGO
:61:081211C000000007000,00NTRF000000052120//180009
PAGO
:61:081211C000000050000,00NTRF000000052039//180009
PAGO
:61:081211C000000000500,00NTRF000000052006//180009
PAGO
:62M:C081211VEF000020710903,62
-}{5:{CHK:1143FB20924B}}{S:{COP:S}}${1:F21VZCRVECAAXXX5410610696}{4:{177:0404021720}{451:0}}{1:F01VZCRVECAAXXX5410610696}{2:09501717040402VZCRVECAAXXX40812675430404021720N}{3:{108:SCONNECT}}{4:
:20:MI081211
:25:2222222222
:28C:0517/132
:60M:C081211VEF000020710903,62
:61:081211C000000010000,00NTRF000000051925//180009
PAGO
:61:081211C000000001300,00NTRF000000051930//180009
PAGO
:61:081211C000000000114,00NTRF000000051870//180009
PAGO
:61:081211C000000000300,00NTRF000000052963//180009
PAGO
:61:081211C000000000191,00NTRF000000052738//180009
PAGO
:61:081211C000000000500,00NTRF000000052677//180009
PAGO
:61:081211C000000000250,00NTRF000000052672//180009
PAGO
:61:081211D000020723558,62NTRF000020081211//180009
N/D
:62F:C081211VEF000000000000,00
-}{5:{CHK:96FA6004455F}}{S:{COP:S}}