{1:F21CONSVECAAXXX5137905704}{4:{177:0806120702}{451:0}}{1:F01CONSVECAAXXX5137905704}{2:O9500703080612BPROVECAAXXX63227277310806120703N}{4:
:20:EC95005120080611
:25:01080090150500000806
:28C:08163/00001
:60F:D080611VEF11381080,54
:61:0806110611DB88415,60NCHK000003706//000003706
CAMARA RECIBIDA COMPENSACION      
:61:0806110611DB10,01NMSC000076832//000076832
PAGO DE SERVICIOS                 
:61:0806110611DB2,50NMSC000076833//000076833
PAGO DE SERVICIOS                 
:61:0806110611CB50,00NMSC000076834//000076834
ABONO SERVICIOS ESPECIALES        
:61:0806110611DB0,02NMSC000076835//000076835
PAGO DE SERVICIOS                 
:61:0806110611DB0,33NMSC000076836//000076836
PAGO DE SERVICIOS                 
:61:0806110611DB0,33NMSC000076837//000076837
PAGO DE SERVICIOS                 
:61:0806110611DB0,02NMSC000076838//000076838
PAGO DE SERVICIOS                 
:61:0806110611CB8,00NMSC000076839//000076839
ABONO SERVICIOS ESPECIALES        
:62F:D080611VEF11469451,35
:64:D080611VEF11469451,35
-}{5:{CHK:39D86C34D15E}}{S:{COP:S}}
