{1:F21CONSVECAAXXX5139905900}{4:{177:0806160703}{451:0}}{1:F01CONSVECAAXXX5139905900}{2:O9500704080616BPROVECAAXXX63247293870806160704N}{4:
:20:EC95005320080613
:25:01080090150500000806
:28C:08165/00001
:60F:D080613VEF4969451,35
:61:0806160613CB500,00NLDP000076848//000076848
DEP. CHEQUE O/B 1 DIARAS          
:62F:D080613VEF4968951,35
:64:D080613VEF4969451,35
-}{5:{CHK:E8C5994A6F0F}}{S:{COP:S}}
