{1:F21VZCRVECAAXXX5410610696}{4:{177:0404021720}{451:0}}{1:F01VZCRVECAAXXX5410610696}{2:09501717040402VZCRVECAAXXX40812675430404021720N}{3:{108:SCONNECT}}{4:
:20:MI081215
:25:2222222222
:28C:0519/001
:60F:C081215VEF000000000000,00
:61:081215C000000010000,00NTRF000027283057//180007
PAGO
:61:081215C000000000605,00NTRF000000000045//180007
PAGO
:61:081215C000000000850,00NTRF000027289562//180007
PAGO
:61:081215C000000000500,00NTRF000027290399//180007
PAGO
:62M:C081215VEF000000011955,00
-}{5:{CHK:1143FB20924B}}{S:{COP:S}}${1:F21VZCRVECAAXXX5410610696}{4:{177:0404021720}{451:0}}{1:F01VZCRVECAAXXX5410610696}{2:09501717040402VZCRVECAAXXX40812675430404021720N}{3:{108:SCONNECT}}{4:
:20:MI081215
:25:2222222222
:28C:0519/002
:60M:C081215VEF000000011955,00
:61:081215C000000010000,00NTRF000027279536//180007
PAGO
:61:081215C000000002000,00NTRF000027279626//180007
PAGO
:61:081215C000000000500,00NTRF000027281013//180007
PAGO
:61:081215C000000003270,00NTRF000027281064//180007
PAGO
:61:081215C000000000800,00NTRF000027281653//180007
PAGO
:61:081215C000000010450,00NTRF000027281936//180007
PAGO
:61:081215C000000037810,20NTRF000000001687//180007
PAGO
:61:081215C000000021671,70NTRF000000001689//180007
PAGO
:61:081215C000000058712,69NTRF000000001691//180007
PAGO
:62M:C081215VEF000000157169,59
-}{5:{CHK:1143FB20924B}}{S:{COP:S}}${1:F21VZCRVECAAXXX5410610696}{4:{177:0404021720}{451:0}}{1:F01VZCRVECAAXXX5410610696}{2:09501717040402VZCRVECAAXXX40812675430404021720N}{3:{108:SCONNECT}}{4:
:20:MI081215
:25:2222222222
:28C:0519/003
:60M:C081215VEF000000157169,59
:61:081215C000000002525,06NTRF000000001499//180007
PAGO
:61:081215C000000000535,31NTRF000000001500//180007
PAGO
:61:081215C000000002020,05NTRF000000001504//180007
PAGO
:61:081215C000000002470,00NTRF000000001490//180007
PAGO
:61:081215C000000003079,00NTRF000000001239//180007
PAGO
:61:081215C000000002453,00NTRF000000001872//180007
PAGO
:61:081215C000000002837,60NTRF000000001893//180007
PAGO
:61:081215C000000004474,20NTRF000000001894//180007
PAGO
:61:081215C000000000016,36NTRF000000001917//180007
PAGO
:62M:C081215VEF000000177580,17
-}{5:{CHK:1143FB20924B}}{S:{COP:S}}${1:F21VZCRVECAAXXX5410610696}{4:{177:0404021720}{451:0}}{1:F01VZCRVECAAXXX5410610696}{2:09501717040402VZCRVECAAXXX40812675430404021720N}{3:{108:SCONNECT}}{4:
:20:MI081215
:25:2222222222
:28C:0519/004
:60M:C081215VEF000000177580,17
:61:081215C000000000260,00NTRF000027300292//180007
PAGO
:61:081215C000000012000,00NTRF000027299413//180007
PAGO
:61:081215C000000000600,00NTRF000027300738//180007
PAGO
:61:081215C000000002500,00NTRF000027297212//180007
PAGO
:61:081215C000000000350,00NTRF000027297862//180007
PAGO
:61:081215C000000000030,00NTRF000027300976//180007
PAGO
:61:081215C000000000150,00NTRF000027306925//180007
PAGO
:61:081215C000000001000,00NTRF000027306625//180007
PAGO
:61:081215C000000001400,00NTRF000027306595//180007
PAGO
:62M:C081215VEF000000195870,17
-}{5:{CHK:1143FB20924B}}{S:{COP:S}}${1:F21VZCRVECAAXXX5410610696}{4:{177:0404021720}{451:0}}{1:F01VZCRVECAAXXX5410610696}{2:09501717040402VZCRVECAAXXX40812675430404021720N}{3:{108:SCONNECT}}{4:
:20:MI081215
:25:2222222222
:28C:0519/005
:60M:C081215VEF000000195870,17
:61:081215C000000002500,00NTRF000027306012//180007
PAGO
:61:081215C000000000373,63NTRF000027306843//180007
PAGO
:61:081215C000000001500,00NTRF000027305400//180007
PAGO
:61:081215C000000000500,00NTRF000027300098//180007
PAGO
:61:081215C000000000075,00NTRF000027299100//180007
PAGO
:61:081215C000000000918,00NTRF000027301208//180007
PAGO
:61:081215C000000000500,00NTRF000027303077//180007
PAGO
:61:081215C000000000200,00NTRF000027305388//180007
PAGO
:61:081215C000000000300,00NTRF000027283718//180007
PAGO
:62M:C081215VEF000000202736,80
-}{5:{CHK:1143FB20924B}}{S:{COP:S}}${1:F21VZCRVECAAXXX5410610696}{4:{177:0404021720}{451:0}}{1:F01VZCRVECAAXXX5410610696}{2:09501717040402VZCRVECAAXXX40812675430404021720N}{3:{108:SCONNECT}}{4:
:20:MI081215
:25:2222222222
:28C:0519/006
:60M:C081215VEF000000202736,80
:61:081215C000000002400,00NTRF000027283910//180007
PAGO
:61:081215C000000038000,00NTRF000027284297//180007
PAGO
:61:081215C000000000140,00NTRF000027284454//180007
PAGO
:61:081215C000000001500,00NTRF000027285440//180007
PAGO
:61:081215C000000001032,00NTRF000027285444//180007
PAGO
:61:081215C000000001050,00NTRF000027278243//180007
PAGO
:61:081215C000000000150,00NTRF000027279467//180007
PAGO
:61:081215C000000006082,00NTRF000027296698//180007
PAGO
:61:081215C000000000539,55NTRF000027296594//180007
PAGO
:62M:C081215VEF000000253630,35
-}{5:{CHK:1143FB20924B}}{S:{COP:S}}${1:F21VZCRVECAAXXX5410610696}{4:{177:0404021720}{451:0}}{1:F01VZCRVECAAXXX5410610696}{2:09501717040402VZCRVECAAXXX40812675430404021720N}{3:{108:SCONNECT}}{4:
:20:MI081215
:25:2222222222
:28C:0519/007
:60M:C081215VEF000000253630,35
:61:081215C000000050000,00NTRF000027296479//180007
PAGO
:61:081215C000000002200,00NTRF000027287267//180007
PAGO
:61:081215C000000000150,00NTRF000027287284//180007
PAGO
:61:081215C000000000500,00NTRF000027292047//180007
PAGO
:61:081215C000000001500,00NTRF000027293153//180007
PAGO
:61:081215C000000000500,00NTRF000027294696//180007
PAGO
:61:081215C000000000380,00NTRF000027295761//180007
PAGO
:61:081215C000000000380,00NTRF000027295632//180007
PAGO
:61:081215C000000001940,40NTRF000027288704//180007
PAGO
:62M:C081215VEF000000311180,75
-}{5:{CHK:1143FB20924B}}{S:{COP:S}}${1:F21VZCRVECAAXXX5410610696}{4:{177:0404021720}{451:0}}{1:F01VZCRVECAAXXX5410610696}{2:09501717040402VZCRVECAAXXX40812675430404021720N}{3:{108:SCONNECT}}{4:
:20:MI081215
:25:2222222222
:28C:0519/008
:60M:C081215VEF000000311180,75
:61:081215C000000003000,00NTRF000082381294//180007
PAGO
:61:081215C000000000200,00NTRF000082414194//180007
PAGO
:61:081215C000000000240,00NTRF000082414231//180007
PAGO
:61:081215C000000000300,18NTRF000082440201//180007
PAGO
:61:081215C000000001000,00NTRF000082370120//180007
PAGO
:61:081215C000000000300,00NTRF000082371063//180007
PAGO
:61:081215C000000016450,71NTRF000082372091//180007
PAGO
:61:081215C000000000140,00NTRF000082377072//180007
PAGO
:61:081215C000000000750,00NTRF000082394605//180007
PAGO
:62M:C081215VEF000000333561,64
-}{5:{CHK:1143FB20924B}}{S:{COP:S}}${1:F21VZCRVECAAXXX5410610696}{4:{177:0404021720}{451:0}}{1:F01VZCRVECAAXXX5410610696}{2:09501717040402VZCRVECAAXXX40812675430404021720N}{3:{108:SCONNECT}}{4:
:20:MI081215
:25:2222222222
:28C:0519/009
:60M:C081215VEF000000333561,64
:61:081215C000000000350,00NTRF000082394292//180007
PAGO
:61:081215C000000002500,00NTRF000082391153//180007
PAGO
:61:081215C000000000300,00NTRF000082464001//180007
PAGO
:61:081215C000000007563,03NTRF000082449021//180007
PAGO
:61:081215C000000000266,00NTRF000082443255//180007
PAGO
:61:081215C000000000350,00NTRF000082443082//180007
PAGO
:61:081215C000000000500,00NTRF000082442953//180007
PAGO
:61:081215C000000000063,75NTRF000082440875//180007
PAGO
:61:081215C000000000100,00NTRF000082468256//180007
PAGO
:62M:C081215VEF000000345554,42
-}{5:{CHK:1143FB20924B}}{S:{COP:S}}${1:F21VZCRVECAAXXX5410610696}{4:{177:0404021720}{451:0}}{1:F01VZCRVECAAXXX5410610696}{2:09501717040402VZCRVECAAXXX40812675430404021720N}{3:{108:SCONNECT}}{4:
:20:MI081215
:25:2222222222
:28C:0519/010
:60M:C081215VEF000000345554,42
:61:081215C000000001000,00NTRF000082373642//180007
PAGO
:61:081215C000000000200,00NTRF000082387970//180007
PAGO
:61:081215C000000000600,00NTRF000082381703//180007
PAGO
:61:081215C000000000850,00NTRF000082381471//180007
PAGO
:61:081215C000000000700,00NTRF000082374795//180007
PAGO
:61:081215C000000000300,00NTRF000082435076//180007
PAGO
:61:081215C000000000150,00NTRF000082407850//180007
PAGO
:61:081215C000000008500,00NTRF000082402655//180007
PAGO
:61:081215C000000000300,00NTRF000082398536//180007
PAGO
:62M:C081215VEF000000358154,42
-}{5:{CHK:1143FB20924B}}{S:{COP:S}}${1:F21VZCRVECAAXXX5410610696}{4:{177:0404021720}{451:0}}{1:F01VZCRVECAAXXX5410610696}{2:09501717040402VZCRVECAAXXX40812675430404021720N}{3:{108:SCONNECT}}{4:
:20:MI081215
:25:2222222222
:28C:0519/011
:60M:C081215VEF000000358154,42
:61:081215C000000006252,79NTRF000000239210//180007
PAGO
:61:081215C000000010719,07NTRF000000239209//180007
PAGO
:61:081215C000000021334,86NTRF000000239284//180007
PAGO
:61:081215C000000004340,41NTRF000027293590//180007
PAGO
:61:081215C000000007374,24NTRF000027293089//180007
PAGO
:61:081215C000000002728,99NTRF000027294081//180007
PAGO
:61:081215C000000014114,37NTRF000000002854//180007
PAGO
:61:081215C000000021627,44NTRF000000002846//180007
PAGO
:61:081215C000000055000,00NTRF000027299295//180007
PAGO
:62M:C081215VEF000000501646,59
-}{5:{CHK:1143FB20924B}}{S:{COP:S}}${1:F21VZCRVECAAXXX5410610696}{4:{177:0404021720}{451:0}}{1:F01VZCRVECAAXXX5410610696}{2:09501717040402VZCRVECAAXXX40812675430404021720N}{3:{108:SCONNECT}}{4:
:20:MI081215
:25:2222222222
:28C:0519/012
:60M:C081215VEF000000501646,59
:61:081215C000000001600,00NTRF000027246584//180007
PAGO
:61:081215C000000000845,00NTRF000027246393//180007
PAGO
:61:081215C000000008729,57NTRF000000004015//180007
PAGO
:61:081215C000000005917,25NTRF000000004014//180007
PAGO
:61:081215C000000000158,00NTRF000000004000//180007
PAGO
:61:081215C000000006115,25NTRF000000022779//180007
PAGO
:61:081215C000000051790,32NTRF000000239113//180007
PAGO
:61:081215C000000001406,39NTRF000027283681//180007
PAGO
:61:081215C000000150000,00NTRF000027299875//180007
PAGO
:62M:C081215VEF000000728208,37
-}{5:{CHK:1143FB20924B}}{S:{COP:S}}${1:F21VZCRVECAAXXX5410610696}{4:{177:0404021720}{451:0}}{1:F01VZCRVECAAXXX5410610696}{2:09501717040402VZCRVECAAXXX40812675430404021720N}{3:{108:SCONNECT}}{4:
:20:MI081215
:25:2222222222
:28C:0519/013
:60M:C081215VEF000000728208,37
:61:081215C000000000732,69NTRF000027289494//180007
PAGO
:61:081215C000000590685,33NTRF000020081048//180007
PAGO
:61:081215C000000000476,52NTRF000000455204//180007
PAGO
:61:081215C000000001815,08NTRF000000453911//180007
PAGO
:61:081215C000000009815,00NTRF000000455222//180007
PAGO
:61:081215C000000009033,88NTRF000027293943//180007
PAGO
:61:081215C000000004246,05NTRF000027294019//180007
PAGO
:61:081215C000000009750,70NTRF000027293025//180007
PAGO
:61:081215C000000004537,87NTRF000027293302//180007
PAGO
:62M:C081215VEF000001359301,49
-}{5:{CHK:1143FB20924B}}{S:{COP:S}}${1:F21VZCRVECAAXXX5410610696}{4:{177:0404021720}{451:0}}{1:F01VZCRVECAAXXX5410610696}{2:09501717040402VZCRVECAAXXX40812675430404021720N}{3:{108:SCONNECT}}{4:
:20:MI081215
:25:2222222222
:28C:0519/014
:60M:C081215VEF000001359301,49
:61:081215C000000007602,86NTRF000027293878//180007
PAGO
:61:081215C000000003408,76NTRF000027293780//180007
PAGO
:61:081215C000000044703,47NTRF000000007079//180007
PAGO
:61:081215C000000000280,00NTRF000000000004//180007
PAGO
:61:081215C000000000945,00NTRF000000000001//180007
PAGO
:61:081215C000000005300,05NTRF000000000001//180007
PAGO
:61:081215C000000000225,29NTRF000027283184//180007
PAGO
:61:081215C000000009221,93NTRF000027286865//180007
PAGO
:61:081215C000000001173,70NTRF000027288191//180007
PAGO
:62M:C081215VEF000001432162,55
-}{5:{CHK:1143FB20924B}}{S:{COP:S}}${1:F21VZCRVECAAXXX5410610696}{4:{177:0404021720}{451:0}}{1:F01VZCRVECAAXXX5410610696}{2:09501717040402VZCRVECAAXXX40812675430404021720N}{3:{108:SCONNECT}}{4:
:20:MI081215
:25:2222222222
:28C:0519/015
:60M:C081215VEF000001432162,55
:61:081215C000000002471,92NTRF000000000001//180007
PAGO
:61:081215C000000000204,16NTRF000027271545//180007
PAGO
:61:081215C000000029293,94NTRF000027305931//180007
PAGO
:61:081215C000000002814,23NTRF000027295992//180007
PAGO
:61:081215C000000003377,08NTRF000027296047//180007
PAGO
:61:081215C000000000500,00NTRF000027291954//180007
PAGO
:61:081215C000000009849,00NTRF000000239336//180007
PAGO
:61:081215C000000039264,00NTRF000000239320//180007
PAGO
:61:081215C000000004506,81NTRF000000000001//180007
PAGO
:62M:C081215VEF000001524443,69
-}{5:{CHK:1143FB20924B}}{S:{COP:S}}${1:F21VZCRVECAAXXX5410610696}{4:{177:0404021720}{451:0}}{1:F01VZCRVECAAXXX5410610696}{2:09501717040402VZCRVECAAXXX40812675430404021720N}{3:{108:SCONNECT}}{4:
:20:MI081215
:25:2222222222
:28C:0519/016
:60M:C081215VEF000001524443,69
:61:081215C000000002512,39NTRF000000000001//180007
PAGO
:61:081215C000000002320,16NTRF000032081514//180007
PAGO
:61:081215C000000002822,30NTRF000032060816//180007
PAGO
:61:081215C000000000380,95NTRF000027273376//180007
PAGO
:61:081215C000000000252,85NTRF000027270896//180007
PAGO
:61:081215C000000077518,23NTRF000027275737//180007
PAGO
:61:081215C000000004121,00NTRF000027289155//180007
PAGO
:61:081215C000000000470,00NTRF000027289443//180007
PAGO
:61:081215C000000000200,00NTRF000027276388//180007
PAGO
:62M:C081215VEF000001615041,57
-}{5:{CHK:1143FB20924B}}{S:{COP:S}}${1:F21VZCRVECAAXXX5410610696}{4:{177:0404021720}{451:0}}{1:F01VZCRVECAAXXX5410610696}{2:09501717040402VZCRVECAAXXX40812675430404021720N}{3:{108:SCONNECT}}{4:
:20:MI081215
:25:2222222222
:28C:0519/017
:60M:C081215VEF000001615041,57
:61:081215C000000409733,42NTRF000000184641//180007
PAGO
:61:081215C000000007969,80NTRF000000238954//180007
PAGO
:61:081215C000000001010,00NTRF000027309615//180007
PAGO
:61:081215C000000000500,00NTRF000027309321//180007
PAGO
:61:081215C000000000990,00NTRF000027313056//180007
PAGO
:61:081215C000000002150,00NTRF000027308210//180007
PAGO
:61:081215C000000000100,00NTRF000027308363//180007
PAGO
:61:081215C000000000450,00NTRF000027307538//180007
PAGO
:61:081215C000000036311,27NTRF000000000274//180007
PAGO
:62M:C081215VEF000002074256,06
-}{5:{CHK:1143FB20924B}}{S:{COP:S}}${1:F21VZCRVECAAXXX5410610696}{4:{177:0404021720}{451:0}}{1:F01VZCRVECAAXXX5410610696}{2:09501717040402VZCRVECAAXXX40812675430404021720N}{3:{108:SCONNECT}}{4:
:20:MI081215
:25:2222222222
:28C:0519/018
:60M:C081215VEF000002074256,06
:61:081215C000000000405,40NTRF000000000257//180007
PAGO
:61:081215C000000000391,40NTRF000000000258//180007
PAGO
:61:081215C000000103192,37NTRF000000000262//180007
PAGO
:61:081215C000000096261,17NTRF000000000263//180007
PAGO
:61:081215C000000000444,90NTRF000000000255//180007
PAGO
:61:081215C000000000450,50NTRF000000000256//180007
PAGO
:61:081215C000000027752,39NTRF000000001693//180007
PAGO
:61:081215C000000003831,77NTRF000000001695//180007
PAGO
:61:081215C000000110082,69NTRF000000001696//180007
PAGO
:62M:C081215VEF000002417068,65
-}{5:{CHK:1143FB20924B}}{S:{COP:S}}${1:F21VZCRVECAAXXX5410610696}{4:{177:0404021720}{451:0}}{1:F01VZCRVECAAXXX5410610696}{2:09501717040402VZCRVECAAXXX40812675430404021720N}{3:{108:SCONNECT}}{4:
:20:MI081215
:25:2222222222
:28C:0519/019
:60M:C081215VEF000002417068,65
:61:081215C000000138300,00NTRF000000001697//180007
PAGO
:61:081215C000000068514,92NTRF000000001685//180007
PAGO
:61:081215C000000005851,58NTRF000000001655//180007
PAGO
:61:081215C000000024750,00NTRF000000000984//180007
PAGO
:61:081215C000000001594,80NTRF000000000312//180007
PAGO
:61:081215C000000007356,00NTRF000000000287//180007
PAGO
:61:081215C000000000431,40NTRF000000000254//180007
PAGO
:61:081215C000000003200,00NTRF000000000248//180007
PAGO
:61:081215C000000003000,00NTRF000000000249//180007
PAGO
:62M:C081215VEF000002670067,35
-}{5:{CHK:1143FB20924B}}{S:{COP:S}}${1:F21VZCRVECAAXXX5410610696}{4:{177:0404021720}{451:0}}{1:F01VZCRVECAAXXX5410610696}{2:09501717040402VZCRVECAAXXX40812675430404021720N}{3:{108:SCONNECT}}{4:
:20:MI081215
:25:2222222222
:28C:0519/020
:60M:C081215VEF000002670067,35
:61:081215C000000000380,80NTRF000000000250//180007
PAGO
:61:081215C000000000389,40NTRF000000000251//180007
PAGO
:61:081215C000000000436,30NTRF000000000252//180007
PAGO
:61:081215C000000000406,40NTRF000000000253//180007
PAGO
:61:081215C000000016677,26NTRF000000000208//180007
PAGO
:61:081215C000000008226,64NTRF000000001212//180007
PAGO
:61:081215C000000066373,17NTRF000000001217//180007
PAGO
:61:081215C000000071353,39NTRF000000001203//180007
PAGO
:61:081215C000000034037,50NTRF000000001183//180007
PAGO
:62M:C081215VEF000002868348,21
-}{5:{CHK:1143FB20924B}}{S:{COP:S}}${1:F21VZCRVECAAXXX5410610696}{4:{177:0404021720}{451:0}}{1:F01VZCRVECAAXXX5410610696}{2:09501717040402VZCRVECAAXXX40812675430404021720N}{3:{108:SCONNECT}}{4:
:20:MI081215
:25:2222222222
:28C:0519/021
:60M:C081215VEF000002868348,21
:61:081215C000000002887,43NTRF000000001190//180007
PAGO
:61:081215C000000003620,80NTRF000000001174//180007
PAGO
:61:081215C000000002506,00NTRF000000000551//180007
PAGO
:61:081215C000000000926,17NTRF000000000515//180007
PAGO
:61:081215C000000014141,63NTRF000000000482//180007
PAGO
:61:081215C000000011132,00NTRF000000000178//180007
PAGO
:61:081215C000000000227,23NTRF000000001804//180007
PAGO
:61:081215C000000000210,00NTRF000000001715//180007
PAGO
:61:081215C000000001702,10NTRF000000001720//180007
PAGO
:62M:C081215VEF000002905701,57
-}{5:{CHK:1143FB20924B}}{S:{COP:S}}${1:F21VZCRVECAAXXX5410610696}{4:{177:0404021720}{451:0}}{1:F01VZCRVECAAXXX5410610696}{2:09501717040402VZCRVECAAXXX40812675430404021720N}{3:{108:SCONNECT}}{4:
:20:MI081215
:25:2222222222
:28C:0519/022
:60M:C081215VEF000002905701,57
:61:081215C000000003129,11NTRF000000001721//180007
PAGO
:61:081215C000000000467,40NTRF000000001702//180007
PAGO
:61:081215C000000000500,00NTRF000000226157//180007
PAGO
:61:081215C000000001000,00NTRF000000226250//180007
PAGO
:61:081215C000000000600,00NTRF000000226277//180007
PAGO
:61:081215C000000001550,00NTRF000000226315//180007
PAGO
:61:081215C000000000980,00NTRF000000226374//180007
PAGO
:61:081215C000000005000,00NTRF000000225542//180007
PAGO
:61:081215C000000004000,00NTRF000000225564//180007
PAGO
:62M:C081215VEF000002922928,08
-}{5:{CHK:1143FB20924B}}{S:{COP:S}}${1:F21VZCRVECAAXXX5410610696}{4:{177:0404021720}{451:0}}{1:F01VZCRVECAAXXX5410610696}{2:09501717040402VZCRVECAAXXX40812675430404021720N}{3:{108:SCONNECT}}{4:
:20:MI081215
:25:2222222222
:28C:0519/023
:60M:C081215VEF000002922928,08
:61:081215C000000000400,00NTRF000000225572//180007
PAGO
:61:081215C000000000250,00NTRF000000225652//180007
PAGO
:61:081215C000000000250,00NTRF000000225654//180007
PAGO
:61:081215C000000000150,00NTRF000000225665//180007
PAGO
:61:081215C000000001000,00NTRF000000225706//180007
PAGO
:61:081215C000000000200,00NTRF000000225709//180007
PAGO
:61:081215C000000000100,00NTRF000000225714//180007
PAGO
:61:081215C000000002000,00NTRF000000225721//180007
PAGO
:61:081215C000000000300,00NTRF000000225760//180007
PAGO
:62M:C081215VEF000002927578,08
-}{5:{CHK:1143FB20924B}}{S:{COP:S}}${1:F21VZCRVECAAXXX5410610696}{4:{177:0404021720}{451:0}}{1:F01VZCRVECAAXXX5410610696}{2:09501717040402VZCRVECAAXXX40812675430404021720N}{3:{108:SCONNECT}}{4:
:20:MI081215
:25:2222222222
:28C:0519/024
:60M:C081215VEF000002927578,08
:61:081215C000000001000,00NTRF000000225765//180007
PAGO
:61:081215C000000000550,00NTRF000000225813//180007
PAGO
:61:081215C000000000396,31NTRF000000232240//180007
PAGO
:61:081215C000000001068,39NTRF000000232262//180007
PAGO
:61:081215C000000010000,00NTRF000000232273//180007
PAGO
:61:081215C000000000090,00NTRF000000231335//180007
PAGO
:61:081215C000000003508,00NTRF000000231344//180007
PAGO
:61:081215C000000000500,00NTRF000000231353//180007
PAGO
:61:081215C000000001605,00NTRF000000231364//180007
PAGO
:62M:C081215VEF000002946295,78
-}{5:{CHK:1143FB20924B}}{S:{COP:S}}${1:F21VZCRVECAAXXX5410610696}{4:{177:0404021720}{451:0}}{1:F01VZCRVECAAXXX5410610696}{2:09501717040402VZCRVECAAXXX40812675430404021720N}{3:{108:SCONNECT}}{4:
:20:MI081215
:25:2222222222
:28C:0519/025
:60M:C081215VEF000002946295,78
:61:081215C000000001600,00NTRF000000231418//180007
PAGO
:61:081215C000000000400,00NTRF000000231470//180007
PAGO
:61:081215C000000010000,00NTRF000000231492//180007
PAGO
:61:081215C000000000500,00NTRF000000231693//180007
PAGO
:61:081215C000000000971,50NTRF000000231707//180007
PAGO
:61:081215C000000003000,00NTRF000000231719//180007
PAGO
:61:081215C000000000150,00NTRF000000231722//180007
PAGO
:61:081215C000000000652,00NTRF000000231747//180007
PAGO
:61:081215C000000000420,00NTRF000000231760//180007
PAGO
:62M:C081215VEF000002963989,28
-}{5:{CHK:1143FB20924B}}{S:{COP:S}}${1:F21VZCRVECAAXXX5410610696}{4:{177:0404021720}{451:0}}{1:F01VZCRVECAAXXX5410610696}{2:09501717040402VZCRVECAAXXX40812675430404021720N}{3:{108:SCONNECT}}{4:
:20:MI081215
:25:2222222222
:28C:0519/026
:60M:C081215VEF000002963989,28
:61:081215C000000000311,00NTRF000000230793//180007
PAGO
:61:081215C000000000500,00NTRF000000230974//180007
PAGO
:61:081215C000000002500,00NTRF000000230987//180007
PAGO
:61:081215C000000002000,00NTRF000000231048//180007
PAGO
:61:081215C000000000340,00NTRF000000231080//180007
PAGO
:61:081215C000000000414,28NTRF000000231092//180007
PAGO
:61:081215C000000001500,00NTRF000000231123//180007
PAGO
:61:081215C000000000380,00NTRF000000231134//180007
PAGO
:61:081215C000000003000,00NTRF000000231155//180007
PAGO
:62M:C081215VEF000002974934,56
-}{5:{CHK:1143FB20924B}}{S:{COP:S}}${1:F21VZCRVECAAXXX5410610696}{4:{177:0404021720}{451:0}}{1:F01VZCRVECAAXXX5410610696}{2:09501717040402VZCRVECAAXXX40812675430404021720N}{3:{108:SCONNECT}}{4:
:20:MI081215
:25:2222222222
:28C:0519/027
:60M:C081215VEF000002974934,56
:61:081215C000000001360,00NTRF000000231180//180007
PAGO
:61:081215C000000001000,00NTRF000000231267//180007
PAGO
:61:081215C000000000700,00NTRF000000231303//180007
PAGO
:61:081215C000000000800,00NTRF000000231331//180007
PAGO
:61:081215C000000000040,00NTRF000000230294//180007
PAGO
:61:081215C000000000720,00NTRF000000230314//180007
PAGO
:61:081215C000000004000,00NTRF000000230373//180007
PAGO
:61:081215C000000005000,00NTRF000000230478//180007
PAGO
:61:081215C000000000150,00NTRF000000230488//180007
PAGO
:62M:C081215VEF000002988704,56
-}{5:{CHK:1143FB20924B}}{S:{COP:S}}${1:F21VZCRVECAAXXX5410610696}{4:{177:0404021720}{451:0}}{1:F01VZCRVECAAXXX5410610696}{2:09501717040402VZCRVECAAXXX40812675430404021720N}{3:{108:SCONNECT}}{4:
:20:MI081215
:25:2222222222
:28C:0519/028
:60M:C081215VEF000002988704,56
:61:081215C000000000100,00NTRF000000230539//180007
PAGO
:61:081215C000000000600,00NTRF000000230555//180007
PAGO
:61:081215C000000002000,00NTRF000000230598//180007
PAGO
:61:081215C000000006500,00NTRF000000230599//180007
PAGO
:61:081215C000000002500,00NTRF000000230618//180007
PAGO
:61:081215C000000002400,00NTRF000000230666//180007
PAGO
:61:081215C000000000125,00NTRF000000230761//180007
PAGO
:61:081215C000000000125,00NTRF000000230770//180007
PAGO
:61:081215C000000008000,00NTRF000000229751//180007
PAGO
:62M:C081215VEF000003011054,56
-}{5:{CHK:1143FB20924B}}{S:{COP:S}}${1:F21VZCRVECAAXXX5410610696}{4:{177:0404021720}{451:0}}{1:F01VZCRVECAAXXX5410610696}{2:09501717040402VZCRVECAAXXX40812675430404021720N}{3:{108:SCONNECT}}{4:
:20:MI081215
:25:2222222222
:28C:0519/029
:60M:C081215VEF000003011054,56
:61:081215C000000000825,00NTRF000000229757//180007
PAGO
:61:081215C000000000825,00NTRF000000229758//180007
PAGO
:61:081215C000000000089,00NTRF000000229801//180007
PAGO
:61:081215C000000002000,00NTRF000000229804//180007
PAGO
:61:081215C000000001000,00NTRF000000229886//180007
PAGO
:61:081215C000000002000,00NTRF000000229965//180007
PAGO
:61:081215C000000000660,00NTRF000000230104//180007
PAGO
:61:081215C000000000835,00NTRF000000230114//180007
PAGO
:61:081215C000000000600,00NTRF000000230175//180007
PAGO
:62M:C081215VEF000003019888,56
-}{5:{CHK:1143FB20924B}}{S:{COP:S}}${1:F21VZCRVECAAXXX5410610696}{4:{177:0404021720}{451:0}}{1:F01VZCRVECAAXXX5410610696}{2:09501717040402VZCRVECAAXXX40812675430404021720N}{3:{108:SCONNECT}}{4:
:20:MI081215
:25:2222222222
:28C:0519/030
:60M:C081215VEF000003019888,56
:61:081215C000000001000,00NTRF000000230211//180007
PAGO
:61:081215C000000001100,00NTRF000000230286//180007
PAGO
:61:081215C000000005000,00NTRF000000230289//180007
PAGO
:61:081215C000000000875,00NTRF000000229451//180007
PAGO
:61:081215C000000000050,00NTRF000000229518//180007
PAGO
:61:081215C000000001100,00NTRF000000229528//180007
PAGO
:61:081215C000000011500,00NTRF000000229583//180007
PAGO
:61:081215C000000000200,00NTRF000000229593//180007
PAGO
:61:081215C000000000200,00NTRF000000229597//180007
PAGO
:62M:C081215VEF000003040913,56
-}{5:{CHK:1143FB20924B}}{S:{COP:S}}${1:F21VZCRVECAAXXX5410610696}{4:{177:0404021720}{451:0}}{1:F01VZCRVECAAXXX5410610696}{2:09501717040402VZCRVECAAXXX40812675430404021720N}{3:{108:SCONNECT}}{4:
:20:MI081215
:25:2222222222
:28C:0519/031
:60M:C081215VEF000003040913,56
:61:081215C000000000400,00NTRF000000229601//180007
PAGO
:61:081215C000000000100,00NTRF000000229603//180007
PAGO
:61:081215C000000000500,00NTRF000000229624//180007
PAGO
:61:081215C000000005000,00NTRF000000229628//180007
PAGO
:61:081215C000000002000,00NTRF000000229638//180007
PAGO
:61:081215C000000001000,00NTRF000000229652//180007
PAGO
:61:081215C000000000400,00NTRF000000229696//180007
PAGO
:61:081215C000000000040,00NTRF000000229069//180007
PAGO
:61:081215C000000000270,00NTRF000000229078//180007
PAGO
:62M:C081215VEF000003050623,56
-}{5:{CHK:1143FB20924B}}{S:{COP:S}}${1:F21VZCRVECAAXXX5410610696}{4:{177:0404021720}{451:0}}{1:F01VZCRVECAAXXX5410610696}{2:09501717040402VZCRVECAAXXX40812675430404021720N}{3:{108:SCONNECT}}{4:
:20:MI081215
:25:2222222222
:28C:0519/032
:60M:C081215VEF000003050623,56
:61:081215C000000000980,00NTRF000000229149//180007
PAGO
:61:081215C000000000100,00NTRF000000229176//180007
PAGO
:61:081215C000000005000,00NTRF000000229203//180007
PAGO
:61:081215C000000000029,78NTRF000003251596//180007
PAGO
:61:081215C000000000500,00NTRF000000235651//180007
PAGO
:61:081215C000000000400,00NTRF000000235744//180007
PAGO
:61:081215C000000001500,00NTRF000000234033//180007
PAGO
:61:081215C000000000244,68NTRF000003251487//180007
PAGO
:61:081215C000000001000,00NTRF000000235724//180007
PAGO
:62M:C081215VEF000003060378,02
-}{5:{CHK:1143FB20924B}}{S:{COP:S}}${1:F21VZCRVECAAXXX5410610696}{4:{177:0404021720}{451:0}}{1:F01VZCRVECAAXXX5410610696}{2:09501717040402VZCRVECAAXXX40812675430404021720N}{3:{108:SCONNECT}}{4:
:20:MI081215
:25:2222222222
:28C:0519/033
:60M:C081215VEF000003060378,02
:61:081215C000000004000,00NTRF000000235605//180007
PAGO
:61:081215C000000004600,00NTRF000000235593//180007
PAGO
:61:081215C000000000030,00NTRF000015122008//180007
PAGO
:61:081215C000000000100,00NTRF000015122008//180007
PAGO
:61:081215C000000000150,00NTRF000015122008//180007
PAGO
:61:081215C000000000200,00NTRF000015122008//180007
PAGO
:61:081215C000000000071,50NTRF000015122008//180007
PAGO
:61:081215C000000000200,00NTRF000015122008//180007
PAGO
:61:081215C000000000750,00NTRF000015122008//180007
PAGO
:62M:C081215VEF000003070479,52
-}{5:{CHK:1143FB20924B}}{S:{COP:S}}${1:F21VZCRVECAAXXX5410610696}{4:{177:0404021720}{451:0}}{1:F01VZCRVECAAXXX5410610696}{2:09501717040402VZCRVECAAXXX40812675430404021720N}{3:{108:SCONNECT}}{4:
:20:MI081215
:25:2222222222
:28C:0519/034
:60M:C081215VEF000003070479,52
:61:081215C000000001000,00NTRF000015122008//180007
PAGO
:61:081215C000000001200,00NTRF000015122008//180007
PAGO
:61:081215C000000000200,00NTRF000015122008//180007
PAGO
:61:081215C000000000103,00NTRF000015122008//180007
PAGO
:61:081215C000000000500,00NTRF000015122008//180007
PAGO
:61:081215C000000000191,32NTRF000015122008//180007
PAGO
:61:081215C000000001000,00NTRF000015122008//180007
PAGO
:61:081215C000000000300,00NTRF000015122008//180007
PAGO
:61:081215C000000000200,00NTRF000015122008//180007
PAGO
:62M:C081215VEF000003075173,84
-}{5:{CHK:1143FB20924B}}{S:{COP:S}}${1:F21VZCRVECAAXXX5410610696}{4:{177:0404021720}{451:0}}{1:F01VZCRVECAAXXX5410610696}{2:09501717040402VZCRVECAAXXX40812675430404021720N}{3:{108:SCONNECT}}{4:
:20:MI081215
:25:2222222222
:28C:0519/035
:60M:C081215VEF000003075173,84
:61:081215C000000000200,00NTRF000015122008//180007
PAGO
:61:081215C000000000100,00NTRF000015122008//180007
PAGO
:61:081215C000000000550,00NTRF000015122008//180007
PAGO
:61:081215C000000000405,29NTRF000015122008//180007
PAGO
:61:081215C000000000800,00NTRF000015122008//180007
PAGO
:61:081215C000000000070,00NTRF000015122008//180007
PAGO
:61:081215C000000000500,00NTRF000015122008//180007
PAGO
:61:081215C000000000150,00NTRF000015122008//180007
PAGO
:61:081215C000000000150,00NTRF000015122008//180007
PAGO
:62M:C081215VEF000003078099,13
-}{5:{CHK:1143FB20924B}}{S:{COP:S}}${1:F21VZCRVECAAXXX5410610696}{4:{177:0404021720}{451:0}}{1:F01VZCRVECAAXXX5410610696}{2:09501717040402VZCRVECAAXXX40812675430404021720N}{3:{108:SCONNECT}}{4:
:20:MI081215
:25:2222222222
:28C:0519/036
:60M:C081215VEF000003078099,13
:61:081215C000000000200,00NTRF000015122008//180007
PAGO
:61:081215C000000000200,00NTRF000015122008//180007
PAGO
:61:081215C000000000600,00NTRF000015122008//180007
PAGO
:61:081215C000000003000,00NTRF000015122008//180007
PAGO
:61:081215C000000000200,00NTRF000015122008//180007
PAGO
:61:081215C000000000100,00NTRF000015122008//180007
PAGO
:61:081215C000000002000,00NTRF000015122008//180007
PAGO
:61:081215C000000000300,00NTRF000015122008//180007
PAGO
:61:081215C000000000250,00NTRF000015122008//180007
PAGO
:62M:C081215VEF000003084949,13
-}{5:{CHK:1143FB20924B}}{S:{COP:S}}${1:F21VZCRVECAAXXX5410610696}{4:{177:0404021720}{451:0}}{1:F01VZCRVECAAXXX5410610696}{2:09501717040402VZCRVECAAXXX40812675430404021720N}{3:{108:SCONNECT}}{4:
:20:MI081215
:25:2222222222
:28C:0519/037
:60M:C081215VEF000003084949,13
:61:081215C000000000800,00NTRF000015122008//180007
PAGO
:61:081215C000000000160,00NTRF000015122008//180007
PAGO
:61:081215C000000000752,00NTRF000015122008//180007
PAGO
:61:081215C000000001720,00NTRF000015122008//180007
PAGO
:61:081215C000000000200,00NTRF000015122008//180007
PAGO
:61:081215C000000000700,00NTRF000015122008//180007
PAGO
:61:081215C000000000413,28NTRF000015122008//180007
PAGO
:61:081215C000000000446,30NTRF000049780616//180007
PAGO
:61:081215C000000004000,00NTRF000075952797//180007
PAGO
:62M:C081215VEF000003094140,71
-}{5:{CHK:1143FB20924B}}{S:{COP:S}}${1:F21VZCRVECAAXXX5410610696}{4:{177:0404021720}{451:0}}{1:F01VZCRVECAAXXX5410610696}{2:09501717040402VZCRVECAAXXX40812675430404021720N}{3:{108:SCONNECT}}{4:
:20:MI081215
:25:2222222222
:28C:0519/038
:60M:C081215VEF000003094140,71
:61:081215C000000000200,00NTRF000051895032//180007
PAGO
:61:081215C000000001200,00NTRF000063975412//180007
PAGO
:61:081215C000000001000,00NTRF000037794570//180007
PAGO
:61:081215C000000001000,00NTRF000003314031//180007
PAGO
:61:081215C000000005000,00NTRF000025501288//180007
PAGO
:61:081215C000000000077,61NTRF000081769001//180007
PAGO
:61:081215C000000000300,00NTRF000064783225//180007
PAGO
:61:081215C000000000950,00NTRF000016594985//180007
PAGO
:61:081215C000000000220,00NTRF000006137544//180007
PAGO
:62M:C081215VEF000003104088,32
-}{5:{CHK:1143FB20924B}}{S:{COP:S}}${1:F21VZCRVECAAXXX5410610696}{4:{177:0404021720}{451:0}}{1:F01VZCRVECAAXXX5410610696}{2:09501717040402VZCRVECAAXXX40812675430404021720N}{3:{108:SCONNECT}}{4:
:20:MI081215
:25:2222222222
:28C:0519/039
:60M:C081215VEF000003104088,32
:61:081215C000000000450,00NTRF000004432559//180007
PAGO
:61:081215C000000001000,00NTRF000004449836//180007
PAGO
:61:081215C000000000400,00NTRF000007892722//180007
PAGO
:61:081215C000000000400,00NTRF000003264652//180007
PAGO
:61:081215C000000002692,50NTRF000025378948//180007
PAGO
:61:081215C000000000034,10NTRF000025294664//180007
PAGO
:61:081215C000000000350,00NTRF000025322865//180007
PAGO
:61:081215C000000001818,14NTRF000025296982//180007
PAGO
:61:081215C000000009000,00NTRF000025297548//180007
PAGO
:62M:C081215VEF000003120233,06
-}{5:{CHK:1143FB20924B}}{S:{COP:S}}${1:F21VZCRVECAAXXX5410610696}{4:{177:0404021720}{451:0}}{1:F01VZCRVECAAXXX5410610696}{2:09501717040402VZCRVECAAXXX40812675430404021720N}{3:{108:SCONNECT}}{4:
:20:MI081215
:25:2222222222
:28C:0519/040
:60M:C081215VEF000003120233,06
:61:081215C000000001621,88NTRF000025379273//180007
PAGO
:61:081215C000000006000,00NTRF000000165684//180007
PAGO
:61:081215C000000002900,00NTRF000000166602//180007
PAGO
:61:081215C000000000002,00NTRF000027314331//180007
PAGO
:61:081215C000000000200,00NTRF000027313964//180007
PAGO
:61:081215C000000000300,00NTRF000027314960//180007
PAGO
:61:081215C000000000800,00NTRF000027314899//180007
PAGO
:61:081215C000000001000,00NTRF000027315092//180007
PAGO
:61:081215C000000000400,00NTRF000027316369//180007
PAGO
:62M:C081215VEF000003133456,94
-}{5:{CHK:1143FB20924B}}{S:{COP:S}}${1:F21VZCRVECAAXXX5410610696}{4:{177:0404021720}{451:0}}{1:F01VZCRVECAAXXX5410610696}{2:09501717040402VZCRVECAAXXX40812675430404021720N}{3:{108:SCONNECT}}{4:
:20:MI081215
:25:2222222222
:28C:0519/041
:60M:C081215VEF000003133456,94
:61:081215C000000000300,00NTRF000027317111//180007
PAGO
:61:081215C000000000790,00NTRF000027314639//180007
PAGO
:61:081215C000000000122,70NTRF000082497380//180007
PAGO
:61:081215C000000013803,75NTRF000082497520//180007
PAGO
:61:081215C000000000294,79NTRF000082482794//180007
PAGO
:61:081215C000000000055,00NTRF000082490262//180007
PAGO
:61:081215C000000092185,28NTRF000082484463//180007
PAGO
:61:081215C000000001404,00NTRF000082498485//180007
PAGO
:61:081215C000000017524,23NTRF000082504984//180007
PAGO
:62M:C081215VEF000003259936,69
-}{5:{CHK:1143FB20924B}}{S:{COP:S}}${1:F21VZCRVECAAXXX5410610696}{4:{177:0404021720}{451:0}}{1:F01VZCRVECAAXXX5410610696}{2:09501717040402VZCRVECAAXXX40812675430404021720N}{3:{108:SCONNECT}}{4:
:20:MI081215
:25:2222222222
:28C:0519/042
:60M:C081215VEF000003259936,69
:61:081215C000000008332,38NTRF000082505065//180007
PAGO
:61:081215C000000027987,78NTRF000082496282//180007
PAGO
:61:081215C000000000319,69NTRF000082515274//180007
PAGO
:61:081215C000000000319,69NTRF000082515263//180007
PAGO
:61:081215C000000210937,33NTRF000082501801//180007
PAGO
:61:081215C000000008387,00NTRF000082502906//180007
PAGO
:61:081215C000000003000,00NTRF000082501963//180007
PAGO
:61:081215C000000004100,00NTRF000082504380//180007
PAGO
:61:081215C000000011027,50NTRF000082513384//180007
PAGO
:62M:C081215VEF000003534348,06
-}{5:{CHK:1143FB20924B}}{S:{COP:S}}${1:F21VZCRVECAAXXX5410610696}{4:{177:0404021720}{451:0}}{1:F01VZCRVECAAXXX5410610696}{2:09501717040402VZCRVECAAXXX40812675430404021720N}{3:{108:SCONNECT}}{4:
:20:MI081215
:25:2222222222
:28C:0519/043
:60M:C081215VEF000003534348,06
:61:081215C000000002638,05NTRF000082513502//180007
PAGO
:61:081215C000000001373,79NTRF000082513362//180007
PAGO
:61:081215C000000010765,51NTRF000082503842//180007
PAGO
:61:081215C000000056838,33NTRF000082514165//180007
PAGO
:61:081215C000000002787,88NTRF000082514493//180007
PAGO
:61:081215C000000000183,96NTRF000082514504//180007
PAGO
:61:081215C000000000319,69NTRF000082516906//180007
PAGO
:61:081215C000000005529,03NTRF000082493806//180007
PAGO
:61:081215C000000000236,08NTRF000082517223//180007
PAGO
:62M:C081215VEF000003615020,38
-}{5:{CHK:1143FB20924B}}{S:{COP:S}}${1:F21VZCRVECAAXXX5410610696}{4:{177:0404021720}{451:0}}{1:F01VZCRVECAAXXX5410610696}{2:09501717040402VZCRVECAAXXX40812675430404021720N}{3:{108:SCONNECT}}{4:
:20:MI081215
:25:2222222222
:28C:0519/044
:60M:C081215VEF000003615020,38
:61:081215C000000004428,86NTRF000082517772//180007
PAGO
:61:081215C000000009621,68NTRF000082496923//180007
PAGO
:61:081215C000000042290,54NTRF000082510260//180007
PAGO
:61:081215C000000001011,25NTRF000082509184//180007
PAGO
:61:081215C000000001438,33NTRF000082510960//180007
PAGO
:61:081215C000000024576,25NTRF000082510481//180007
PAGO
:61:081215C000000041896,94NTRF000082509066//180007
PAGO
:61:081215C000000000116,20NTRF000082509000//180007
PAGO
:61:081215C000000052281,60NTRF000082509361//180007
PAGO
:62M:C081215VEF000003792682,03
-}{5:{CHK:1143FB20924B}}{S:{COP:S}}${1:F21VZCRVECAAXXX5410610696}{4:{177:0404021720}{451:0}}{1:F01VZCRVECAAXXX5410610696}{2:09501717040402VZCRVECAAXXX40812675430404021720N}{3:{108:SCONNECT}}{4:
:20:MI081215
:25:2222222222
:28C:0519/045
:60M:C081215VEF000003792682,03
:61:081215C000000003961,88NTRF000082508311//180007
PAGO
:61:081215C000000010972,65NTRF000082485804//180007
PAGO
:61:081215C000000001327,85NTRF000082492944//180007
PAGO
:61:081215C000000004377,60NTRF000082494941//180007
PAGO
:61:081215C000000007957,30NTRF000082495604//180007
PAGO
:61:081215C000000000365,74NTRF000082494845//180007
PAGO
:61:081215C000000001896,37NTRF000082494344//180007
PAGO
:61:081215C000000003578,75NTRF000082503385//180007
PAGO
:61:081215C000000047600,00NTRF000082506885//180007
PAGO
:62M:C081215VEF000003874720,17
-}{5:{CHK:1143FB20924B}}{S:{COP:S}}${1:F21VZCRVECAAXXX5410610696}{4:{177:0404021720}{451:0}}{1:F01VZCRVECAAXXX5410610696}{2:09501717040402VZCRVECAAXXX40812675430404021720N}{3:{108:SCONNECT}}{4:
:20:MI081215
:25:2222222222
:28C:0519/046
:60M:C081215VEF000003874720,17
:61:081215C000000006135,00NTRF000082511984//180007
PAGO
:61:081215C000000020702,88NTRF000082506900//180007
PAGO
:61:081215C000000048600,00NTRF000082506863//180007
PAGO
:61:081215C000000003523,34NTRF000082504903//180007
PAGO
:61:081215C000000010100,22NTRF000082504925//180007
PAGO
:61:081215C000000000900,00NTRF000082505205//180007
PAGO
:61:081215C000000005846,34NTRF000082504962//180007
PAGO
:61:081215C000000022889,59NTRF000082484625//180007
PAGO
:61:081215C000000001315,81NTRF000082500740//180007
PAGO
:62M:C081215VEF000003994733,35
-}{5:{CHK:1143FB20924B}}{S:{COP:S}}${1:F21VZCRVECAAXXX5410610696}{4:{177:0404021720}{451:0}}{1:F01VZCRVECAAXXX5410610696}{2:09501717040402VZCRVECAAXXX40812675430404021720N}{3:{108:SCONNECT}}{4:
:20:MI081215
:25:2222222222
:28C:0519/047
:60M:C081215VEF000003994733,35
:61:081215C000000001748,47NTRF000082500961//180007
PAGO
:61:081215C000000003191,24NTRF000082484345//180007
PAGO
:61:081215C000000001595,09NTRF000082483306//180007
PAGO
:61:081215C000000000889,21NTRF000082490380//180007
PAGO
:61:081215C000000061241,88NTRF000082490100//180007
PAGO
:61:081215C000000020582,12NTRF000082489864//180007
PAGO
:61:081215C000000001873,98NTRF000082489945//180007
PAGO
:61:081215C000001099327,71NTRF000082488884//180007
PAGO
:61:081215C000000016170,68NTRF000082485303//180007
PAGO
:62M:C081215VEF000005201353,73
-}{5:{CHK:1143FB20924B}}{S:{COP:S}}${1:F21VZCRVECAAXXX5410610696}{4:{177:0404021720}{451:0}}{1:F01VZCRVECAAXXX5410610696}{2:09501717040402VZCRVECAAXXX40812675430404021720N}{3:{108:SCONNECT}}{4:
:20:MI081215
:25:2222222222
:28C:0519/048
:60M:C081215VEF000005201353,73
:61:081215C000000049692,63NTRF000082500143//180007
PAGO
:61:081215C000000053539,78NTRF000082499885//180007
PAGO
:61:081215C000000003930,52NTRF000082498942//180007
PAGO
:61:081215C000000003500,00NTRF000082498964//180007
PAGO
:61:081215C000000004442,82NTRF000082499686//180007
PAGO
:61:081215C000000001957,35NTRF000082490903//180007
PAGO
:61:081215C000000004805,45NTRF000082491463//180007
PAGO
:61:081215C000000078414,93NTRF000082491102//180007
PAGO
:61:081215C000000227304,90NTRF000082491345//180007
PAGO
:62M:C081215VEF000005628942,11
-}{5:{CHK:1143FB20924B}}{S:{COP:S}}${1:F21VZCRVECAAXXX5410610696}{4:{177:0404021720}{451:0}}{1:F01VZCRVECAAXXX5410610696}{2:09501717040402VZCRVECAAXXX40812675430404021720N}{3:{108:SCONNECT}}{4:
:20:MI081215
:25:2222222222
:28C:0519/049
:60M:C081215VEF000005628942,11
:61:081215C000000001345,40NTRF000082491360//180007
PAGO
:61:081215C000000011670,86NTRF000082491382//180007
PAGO
:61:081215C000000018254,56NTRF000082488685//180007
PAGO
:61:081215C000000004161,13NTRF000082489901//180007
PAGO
:61:081215C000000002229,42NTRF000082514515//180007
PAGO
:61:081215C000000001458,98NTRF000082484301//180007
PAGO
:61:081215C000000041871,15NTRF000082497962//180007
PAGO
:61:081215C000000006942,77NTRF000082497903//180007
PAGO
:61:081215C000000001329,25NTRF000082497763//180007
PAGO
:62M:C081215VEF000005718205,63
-}{5:{CHK:1143FB20924B}}{S:{COP:S}}${1:F21VZCRVECAAXXX5410610696}{4:{177:0404021720}{451:0}}{1:F01VZCRVECAAXXX5410610696}{2:09501717040402VZCRVECAAXXX40812675430404021720N}{3:{108:SCONNECT}}{4:
:20:MI081215
:25:2222222222
:28C:0519/050
:60M:C081215VEF000005718205,63
:61:081215C000000001946,43NTRF000082491765//180007
PAGO
:61:081215C000000027725,56NTRF000082491721//180007
PAGO
:61:081215C000000487067,88NTRF000082496385//180007
PAGO
:61:081215C000000003985,63NTRF000082489105//180007
PAGO
:61:081215C000000001059,48NTRF000082491242//180007
PAGO
:61:081215C000000111936,96NTRF000082498603//180007
PAGO
:61:081215C000000002300,00NTRF000082498861//180007
PAGO
:61:081215C000000002000,00NTRF000082482050//180007
PAGO
:61:081215C000000000336,00NTRF000002451412//180007
PAGO
:62M:C081215VEF000006356563,57
-}{5:{CHK:1143FB20924B}}{S:{COP:S}}${1:F21VZCRVECAAXXX5410610696}{4:{177:0404021720}{451:0}}{1:F01VZCRVECAAXXX5410610696}{2:09501717040402VZCRVECAAXXX40812675430404021720N}{3:{108:SCONNECT}}{4:
:20:MI081215
:25:2222222222
:28C:0519/051
:60M:C081215VEF000006356563,57
:61:081215C000000000319,69NTRF000002451413//180007
PAGO
:61:081215C000000000319,69NTRF000002451414//180007
PAGO
:61:081215C000000000322,00NTRF000002451415//180007
PAGO
:61:081215C000000097250,00NTRF000002451482//180007
PAGO
:61:081215C000000036676,10NTRF000002451529//180007
PAGO
:61:081215C000000002000,00NTRF000000212306//180007
PAGO
:61:081215C000000001943,80NTRF000000212317//180007
PAGO
:61:081215C000000000060,00NTRF000000212341//180007
PAGO
:61:081215C000000001000,00NTRF000000212378//180007
PAGO
:62M:C081215VEF000006496454,85
-}{5:{CHK:1143FB20924B}}{S:{COP:S}}${1:F21VZCRVECAAXXX5410610696}{4:{177:0404021720}{451:0}}{1:F01VZCRVECAAXXX5410610696}{2:09501717040402VZCRVECAAXXX40812675430404021720N}{3:{108:SCONNECT}}{4:
:20:MI081215
:25:2222222222
:28C:0519/052
:60M:C081215VEF000006496454,85
:61:081215C000000001400,00NTRF000000212409//180007
PAGO
:61:081215C000000007000,00NTRF000000212415//180007
PAGO
:61:081215C000000000400,00NTRF000000212428//180007
PAGO
:61:081215C000000006400,00NTRF000000212449//180007
PAGO
:61:081215C000000004500,00NTRF000000212490//180007
PAGO
:61:081215C000000000400,00NTRF000000212522//180007
PAGO
:61:081215C000000000530,00NTRF000000212608//180007
PAGO
:61:081215C000000000100,00NTRF000000212618//180007
PAGO
:61:081215C000000000600,00NTRF000000212640//180007
PAGO
:62M:C081215VEF000006517784,85
-}{5:{CHK:1143FB20924B}}{S:{COP:S}}${1:F21VZCRVECAAXXX5410610696}{4:{177:0404021720}{451:0}}{1:F01VZCRVECAAXXX5410610696}{2:09501717040402VZCRVECAAXXX40812675430404021720N}{3:{108:SCONNECT}}{4:
:20:MI081215
:25:2222222222
:28C:0519/053
:60M:C081215VEF000006517784,85
:61:081215C000000001000,00NTRF000000211896//180007
PAGO
:61:081215C000000000463,80NTRF000000211916//180007
PAGO
:61:081215C000000003210,00NTRF000002452138//180007
PAGO
:61:081215C000000006550,00NTRF000000219776//180007
PAGO
:61:081215C000000000100,00NTRF000000219782//180007
PAGO
:61:081215C000000002450,00NTRF000000219790//180007
PAGO
:61:081215C000000004000,00NTRF000000219840//180007
PAGO
:61:081215C000000000500,00NTRF000000219886//180007
PAGO
:61:081215C000000000100,00NTRF000000219906//180007
PAGO
:62M:C081215VEF000006536158,65
-}{5:{CHK:1143FB20924B}}{S:{COP:S}}${1:F21VZCRVECAAXXX5410610696}{4:{177:0404021720}{451:0}}{1:F01VZCRVECAAXXX5410610696}{2:09501717040402VZCRVECAAXXX40812675430404021720N}{3:{108:SCONNECT}}{4:
:20:MI081215
:25:2222222222
:28C:0519/054
:60M:C081215VEF000006536158,65
:61:081215C000000001100,00NTRF000000219912//180007
PAGO
:61:081215C000000001924,48NTRF000002451911//180007
PAGO
:61:081215C000000036644,59NTRF000003249884//180007
PAGO
:61:081215C000000002147,25NTRF000003250010//180007
PAGO
:61:081215C000000001942,75NTRF000003250011//180007
PAGO
:61:081215C000000002454,00NTRF000003250012//180007
PAGO
:61:081215C000000000684,64NTRF000003250208//180007
PAGO
:61:081215C000000000301,48NTRF000003250209//180007
PAGO
:61:081215C000000000263,55NTRF000003250210//180007
PAGO
:62M:C081215VEF000006583621,39
-}{5:{CHK:1143FB20924B}}{S:{COP:S}}${1:F21VZCRVECAAXXX5410610696}{4:{177:0404021720}{451:0}}{1:F01VZCRVECAAXXX5410610696}{2:09501717040402VZCRVECAAXXX40812675430404021720N}{3:{108:SCONNECT}}{4:
:20:MI081215
:25:2222222222
:28C:0519/055
:60M:C081215VEF000006583621,39
:61:081215C000000000344,27NTRF000003250211//180007
PAGO
:61:081215C000000000672,00NTRF000003250212//180007
PAGO
:61:081215C000000000326,76NTRF000003250498//180007
PAGO
:61:081215C000000000302,45NTRF000003250499//180007
PAGO
:61:081215C000000000878,17NTRF000003250500//180007
PAGO
:61:081215C000000000472,64NTRF000003250216//180007
PAGO
:61:081215C000000000342,32NTRF000003250217//180007
PAGO
:61:081215C000000000193,53NTRF000003250218//180007
PAGO
:61:081215C000000000465,83NTRF000003250219//180007
PAGO
:62M:C081215VEF000006587619,36
-}{5:{CHK:1143FB20924B}}{S:{COP:S}}${1:F21VZCRVECAAXXX5410610696}{4:{177:0404021720}{451:0}}{1:F01VZCRVECAAXXX5410610696}{2:09501717040402VZCRVECAAXXX40812675430404021720N}{3:{108:SCONNECT}}{4:
:20:MI081215
:25:2222222222
:28C:0519/056
:60M:C081215VEF000006587619,36
:61:081215C000000000342,32NTRF000003250220//180007
PAGO
:61:081215C000000018750,00NTRF000003250291//180007
PAGO
:61:081215C000000004350,00NTRF000000220901//180007
PAGO
:61:081215C000000003000,00NTRF000000220926//180007
PAGO
:61:081215C000000000100,00NTRF000000220954//180007
PAGO
:61:081215C000000010000,00NTRF000000221027//180007
PAGO
:61:081215C000000000250,00NTRF000000221076//180007
PAGO
:61:081215C000000000300,00NTRF000000221103//180007
PAGO
:61:081215C000000001300,00NTRF000000221107//180007
PAGO
:62M:C081215VEF000006626011,68
-}{5:{CHK:1143FB20924B}}{S:{COP:S}}${1:F21VZCRVECAAXXX5410610696}{4:{177:0404021720}{451:0}}{1:F01VZCRVECAAXXX5410610696}{2:09501717040402VZCRVECAAXXX40812675430404021720N}{3:{108:SCONNECT}}{4:
:20:MI081215
:25:2222222222
:28C:0519/057
:60M:C081215VEF000006626011,68
:61:081215C000000000475,55NTRF000003250488//180007
PAGO
:61:081215C000000001519,05NTRF000003250489//180007
PAGO
:61:081215C000000001000,00NTRF000000221177//180007
PAGO
:61:081215C000000003647,33NTRF000000221183//180007
PAGO
:61:081215C000000001000,00NTRF000000221185//180007
PAGO
:61:081215C000000000300,00NTRF000000221193//180007
PAGO
:61:081215C000000000100,00NTRF000000221207//180007
PAGO
:61:081215C000000003000,00NTRF000000221252//180007
PAGO
:61:081215C000000002500,00NTRF000000221287//180007
PAGO
:62M:C081215VEF000006639553,61
-}{5:{CHK:1143FB20924B}}{S:{COP:S}}${1:F21VZCRVECAAXXX5410610696}{4:{177:0404021720}{451:0}}{1:F01VZCRVECAAXXX5410610696}{2:09501717040402VZCRVECAAXXX40812675430404021720N}{3:{108:SCONNECT}}{4:
:20:MI081215
:25:2222222222
:28C:0519/058
:60M:C081215VEF000006639553,61
:61:081215C000000001187,00NTRF000000221315//180007
PAGO
:61:081215C000000001000,00NTRF000000221370//180007
PAGO
:61:081215C000000002500,00NTRF000000221755//180007
PAGO
:61:081215C000000000300,00NTRF000000221789//180007
PAGO
:61:081215C000000006600,00NTRF000000221869//180007
PAGO
:61:081215C000000000300,00NTRF000000221955//180007
PAGO
:61:081215C000000005000,00NTRF000000221988//180007
PAGO
:61:081215C000000005000,00NTRF000000222033//180007
PAGO
:61:081215C000000001400,00NTRF000000222077//180007
PAGO
:62M:C081215VEF000006662840,61
-}{5:{CHK:1143FB20924B}}{S:{COP:S}}${1:F21VZCRVECAAXXX5410610696}{4:{177:0404021720}{451:0}}{1:F01VZCRVECAAXXX5410610696}{2:09501717040402VZCRVECAAXXX40812675430404021720N}{3:{108:SCONNECT}}{4:
:20:MI081215
:25:2222222222
:28C:0519/059
:60M:C081215VEF000006662840,61
:61:081215C000000000250,00NTRF000000221133//180007
PAGO
:61:081215C000000000180,00NTRF000000221136//180007
PAGO
:61:081215C000000073190,00NTRF000003250839//180007
PAGO
:61:081215C000000004483,49NTRF000003250847//180007
PAGO
:61:081215C000000002470,00NTRF000003250864//180007
PAGO
:61:081215C000000000436,12NTRF000000221465//180007
PAGO
:61:081215C000000000500,00NTRF000000221553//180007
PAGO
:61:081215C000000000525,00NTRF000000221560//180007
PAGO
:61:081215C000000010000,00NTRF000000221615//180007
PAGO
:62M:C081215VEF000006754875,22
-}{5:{CHK:1143FB20924B}}{S:{COP:S}}${1:F21VZCRVECAAXXX5410610696}{4:{177:0404021720}{451:0}}{1:F01VZCRVECAAXXX5410610696}{2:09501717040402VZCRVECAAXXX40812675430404021720N}{3:{108:SCONNECT}}{4:
:20:MI081215
:25:2222222222
:28C:0519/060
:60M:C081215VEF000006754875,22
:61:081215C000000025000,00NTRF000000221676//180007
PAGO
:61:081215C000000000277,83NTRF000000221695//180007
PAGO
:61:081215C000000000400,00NTRF000000222637//180007
PAGO
:61:081215C000000000011,33NTRF000003250888//180007
PAGO
:61:081215C000000004641,64NTRF000003250981//180007
PAGO
:61:081215C000000000250,00NTRF000000222570//180007
PAGO
:61:081215C000000000923,41NTRF000000222573//180007
PAGO
:61:081215C000000002944,55NTRF000003250975//180007
PAGO
:61:081215C000000000010,00NTRF000003250886//180007
PAGO
:62M:C081215VEF000006789333,98
-}{5:{CHK:1143FB20924B}}{S:{COP:S}}${1:F21VZCRVECAAXXX5410610696}{4:{177:0404021720}{451:0}}{1:F01VZCRVECAAXXX5410610696}{2:09501717040402VZCRVECAAXXX40812675430404021720N}{3:{108:SCONNECT}}{4:
:20:MI081215
:25:2222222222
:28C:0519/061
:60M:C081215VEF000006789333,98
:61:081215C000000000400,00NTRF000000222925//180007
PAGO
:61:081215C000000000060,00NTRF000015122008//180007
PAGO
:61:081215C000000000300,00NTRF000015122008//180007
PAGO
:61:081215C000000000300,00NTRF000015122008//180007
PAGO
:61:081215C000000000463,00NTRF000015122008//180007
PAGO
:61:081215C000000000250,00NTRF000015122008//180007
PAGO
:61:081215C000000001000,00NTRF000015122008//180007
PAGO
:61:081215C000000000213,99NTRF000015122008//180007
PAGO
:61:081215C000000000400,00NTRF000015122008//180007
PAGO
:62M:C081215VEF000006792720,97
-}{5:{CHK:1143FB20924B}}{S:{COP:S}}${1:F21VZCRVECAAXXX5410610696}{4:{177:0404021720}{451:0}}{1:F01VZCRVECAAXXX5410610696}{2:09501717040402VZCRVECAAXXX40812675430404021720N}{3:{108:SCONNECT}}{4:
:20:MI081215
:25:2222222222
:28C:0519/062
:60M:C081215VEF000006792720,97
:61:081215C000000000600,00NTRF000015122008//180007
PAGO
:61:081215C000000000180,00NTRF000015122008//180007
PAGO
:61:081215C000000001300,00NTRF000015122008//180007
PAGO
:61:081215C000000000067,40NTRF000015122008//180007
PAGO
:61:081215C000000000265,00NTRF000015122008//180007
PAGO
:61:081215C000000000080,00NTRF000015122008//180007
PAGO
:61:081215C000000005000,00NTRF000015122008//180007
PAGO
:61:081215C000000000345,39NTRF000015122008//180007
PAGO
:61:081215C000000000400,00NTRF000015122008//180007
PAGO
:62M:C081215VEF000006800958,76
-}{5:{CHK:1143FB20924B}}{S:{COP:S}}${1:F21VZCRVECAAXXX5410610696}{4:{177:0404021720}{451:0}}{1:F01VZCRVECAAXXX5410610696}{2:09501717040402VZCRVECAAXXX40812675430404021720N}{3:{108:SCONNECT}}{4:
:20:MI081215
:25:2222222222
:28C:0519/063
:60M:C081215VEF000006800958,76
:61:081215C000000002000,00NTRF000015122008//180007
PAGO
:61:081215C000000001000,00NTRF000015122008//180007
PAGO
:61:081215C000000000222,00NTRF000015122008//180007
PAGO
:61:081215C000000000160,92NTRF000015122008//180007
PAGO
:61:081215C000000000100,00NTRF000015122008//180007
PAGO
:61:081215C000000000155,00NTRF000015122008//180007
PAGO
:61:081215C000000000200,00NTRF000015122008//180007
PAGO
:61:081215C000000000300,00NTRF000015122008//180007
PAGO
:61:081215C000000000200,00NTRF000015122008//180007
PAGO
:62M:C081215VEF000006805296,68
-}{5:{CHK:1143FB20924B}}{S:{COP:S}}${1:F21VZCRVECAAXXX5410610696}{4:{177:0404021720}{451:0}}{1:F01VZCRVECAAXXX5410610696}{2:09501717040402VZCRVECAAXXX40812675430404021720N}{3:{108:SCONNECT}}{4:
:20:MI081215
:25:2222222222
:28C:0519/064
:60M:C081215VEF000006805296,68
:61:081215C000000000187,00NTRF000015122008//180007
PAGO
:61:081215C000000000160,00NTRF000015122008//180007
PAGO
:61:081215C000000000500,00NTRF000015122008//180007
PAGO
:61:081215C000000000260,00NTRF000015122008//180007
PAGO
:61:081215C000000003000,00NTRF000015122008//180007
PAGO
:61:081215C000000000085,00NTRF000015122008//180007
PAGO
:61:081215C000000010302,22NTRF000015122008//180007
PAGO
:61:081215C000000001500,00NTRF000015122008//180007
PAGO
:61:081215C000000000150,00NTRF000015122008//180007
PAGO
:62M:C081215VEF000006821440,90
-}{5:{CHK:1143FB20924B}}{S:{COP:S}}${1:F21VZCRVECAAXXX5410610696}{4:{177:0404021720}{451:0}}{1:F01VZCRVECAAXXX5410610696}{2:09501717040402VZCRVECAAXXX40812675430404021720N}{3:{108:SCONNECT}}{4:
:20:MI081215
:25:2222222222
:28C:0519/065
:60M:C081215VEF000006821440,90
:61:081215C000000001000,00NTRF000015122008//180007
PAGO
:61:081215C000000013153,04NTRF000015122008//180007
PAGO
:61:081215C000000000100,00NTRF000015122008//180007
PAGO
:61:081215C000000000300,00NTRF000015122008//180007
PAGO
:61:081215C000000002000,00NTRF000015122008//180007
PAGO
:61:081215C000000000500,00NTRF000015122008//180007
PAGO
:61:081215C000000001000,00NTRF000015122008//180007
PAGO
:61:081215C000000001200,00NTRF000015122008//180007
PAGO
:61:081215C000000000200,00NTRF000015122008//180007
PAGO
:62M:C081215VEF000006840893,94
-}{5:{CHK:1143FB20924B}}{S:{COP:S}}${1:F21VZCRVECAAXXX5410610696}{4:{177:0404021720}{451:0}}{1:F01VZCRVECAAXXX5410610696}{2:09501717040402VZCRVECAAXXX40812675430404021720N}{3:{108:SCONNECT}}{4:
:20:MI081215
:25:2222222222
:28C:0519/066
:60M:C081215VEF000006840893,94
:61:081215C000000000655,00NTRF000015122008//180007
PAGO
:61:081215C000000036084,99NTRF000015122008//180007
PAGO
:61:081215C000000001423,00NTRF000015122008//180007
PAGO
:61:081215C000000006000,00NTRF000015122008//180007
PAGO
:61:081215C000000000500,00NTRF000015122008//180007
PAGO
:61:081215C000000000200,00NTRF000015122008//180007
PAGO
:61:081215C000000000100,00NTRF000000222645//180007
PAGO
:61:081215C000000000200,00NTRF000000222656//180007
PAGO
:61:081215C000000002578,00NTRF000000222733//180007
PAGO
:62M:C081215VEF000006888634,93
-}{5:{CHK:1143FB20924B}}{S:{COP:S}}${1:F21VZCRVECAAXXX5410610696}{4:{177:0404021720}{451:0}}{1:F01VZCRVECAAXXX5410610696}{2:09501717040402VZCRVECAAXXX40812675430404021720N}{3:{108:SCONNECT}}{4:
:20:MI081215
:25:2222222222
:28C:0519/067
:60M:C081215VEF000006888634,93
:61:081215C000000002110,00NTRF000000222816//180007
PAGO
:61:081215C000000003000,00NTRF000000222857//180007
PAGO
:61:081215C000000000650,00NTRF000000222921//180007
PAGO
:61:081215C000000002000,00NTRF000000222087//180007
PAGO
:61:081215C000000000486,24NTRF000002452207//180007
PAGO
:61:081215C000000001000,00NTRF000000222205//180007
PAGO
:61:081215C000000000200,00NTRF000000222215//180007
PAGO
:61:081215C000000001000,00NTRF000000222219//180007
PAGO
:61:081215C000000000370,00NTRF000000222235//180007
PAGO
:62M:C081215VEF000006899451,17
-}{5:{CHK:1143FB20924B}}{S:{COP:S}}${1:F21VZCRVECAAXXX5410610696}{4:{177:0404021720}{451:0}}{1:F01VZCRVECAAXXX5410610696}{2:09501717040402VZCRVECAAXXX40812675430404021720N}{3:{108:SCONNECT}}{4:
:20:MI081215
:25:2222222222
:28C:0519/068
:60M:C081215VEF000006899451,17
:61:081215C000000000300,00NTRF000000222236//180007
PAGO
:61:081215C000000002500,00NTRF000000222289//180007
PAGO
:61:081215C000000000425,00NTRF000003250805//180007
PAGO
:61:081215C000000000469,17NTRF000003250830//180007
PAGO
:61:081215C000000000827,00NTRF000000221410//180007
PAGO
:61:081215C000000000354,30NTRF000000221422//180007
PAGO
:61:081215C000000000574,75NTRF000003250501//180007
PAGO
:61:081215C000000000294,67NTRF000003250502//180007
PAGO
:61:081215C000000025562,50NTRF000003250625//180007
PAGO
:62M:C081215VEF000006930758,56
-}{5:{CHK:1143FB20924B}}{S:{COP:S}}${1:F21VZCRVECAAXXX5410610696}{4:{177:0404021720}{451:0}}{1:F01VZCRVECAAXXX5410610696}{2:09501717040402VZCRVECAAXXX40812675430404021720N}{3:{108:SCONNECT}}{4:
:20:MI081215
:25:2222222222
:28C:0519/069
:60M:C081215VEF000006930758,56
:61:081215C000000077313,75NTRF000003250665//180007
PAGO
:61:081215C000000005835,55NTRF000003250668//180007
PAGO
:61:081215C000000136031,15NTRF000003250732//180007
PAGO
:61:081215C000000000980,28NTRF000003250490//180007
PAGO
:61:081215C000000000624,35NTRF000003250491//180007
PAGO
:61:081215C000000000369,55NTRF000003250492//180007
PAGO
:61:081215C000000000834,41NTRF000003250493//180007
PAGO
:61:081215C000000000353,99NTRF000003250494//180007
PAGO
:61:081215C000000000837,32NTRF000003250495//180007
PAGO
:62M:C081215VEF000007153938,91
-}{5:{CHK:1143FB20924B}}{S:{COP:S}}${1:F21VZCRVECAAXXX5410610696}{4:{177:0404021720}{451:0}}{1:F01VZCRVECAAXXX5410610696}{2:09501717040402VZCRVECAAXXX40812675430404021720N}{3:{108:SCONNECT}}{4:
:20:MI081215
:25:2222222222
:28C:0519/070
:60M:C081215VEF000007153938,91
:61:081215C000000000268,41NTRF000003250496//180007
PAGO
:61:081215C000000000369,55NTRF000003250497//180007
PAGO
:61:081215C000000000195,47NTRF000003250481//180007
PAGO
:61:081215C000000000115,73NTRF000003250482//180007
PAGO
:61:081215C000000000247,99NTRF000003250483//180007
PAGO
:61:081215C000000000621,43NTRF000003250484//180007
PAGO
:61:081215C000000000945,76NTRF000003250485//180007
PAGO
:61:081215C000000000474,58NTRF000003250486//180007
PAGO
:61:081215C000000000279,11NTRF000003250487//180007
PAGO
:62M:C081215VEF000007157456,94
-}{5:{CHK:1143FB20924B}}{S:{COP:S}}${1:F21VZCRVECAAXXX5410610696}{4:{177:0404021720}{451:0}}{1:F01VZCRVECAAXXX5410610696}{2:09501717040402VZCRVECAAXXX40812675430404021720N}{3:{108:SCONNECT}}{4:
:20:MI081215
:25:2222222222
:28C:0519/071
:60M:C081215VEF000007157456,94
:61:081215C000000188483,19NTRF000003249811//180007
PAGO
:61:081215C000000000326,76NTRF000003250213//180007
PAGO
:61:081215C000000000382,19NTRF000003250214//180007
PAGO
:61:081215C000000000808,15NTRF000003250215//180007
PAGO
:61:081215C000000000475,90NTRF000002452071//180007
PAGO
:61:081215C000000001122,70NTRF000002452073//180007
PAGO
:61:081215C000000000165,00NTRF000002452077//180007
PAGO
:61:081215C000000000996,94NTRF000002452115//180007
PAGO
:61:081215C000000016071,39NTRF000002452126//180007
PAGO
:62M:C081215VEF000007366289,16
-}{5:{CHK:1143FB20924B}}{S:{COP:S}}${1:F21VZCRVECAAXXX5410610696}{4:{177:0404021720}{451:0}}{1:F01VZCRVECAAXXX5410610696}{2:09501717040402VZCRVECAAXXX40812675430404021720N}{3:{108:SCONNECT}}{4:
:20:MI081215
:25:2222222222
:28C:0519/072
:60M:C081215VEF000007366289,16
:61:081215C000000000152,66NTRF000002451924//180007
PAGO
:61:081215C000000000072,19NTRF000002451925//180007
PAGO
:61:081215C000000000493,00NTRF000002451927//180007
PAGO
:61:081215C000000000187,40NTRF000002451949//180007
PAGO
:61:081215C000000000115,12NTRF000002451952//180007
PAGO
:61:081215C000000000213,50NTRF000002451966//180007
PAGO
:61:081215C000000004073,75NTRF000002451969//180007
PAGO
:61:081215C000000000617,12NTRF000002452008//180007
PAGO
:61:081215C000000000050,00NTRF000000211919//180007
PAGO
:62M:C081215VEF000007372263,90
-}{5:{CHK:1143FB20924B}}{S:{COP:S}}${1:F21VZCRVECAAXXX5410610696}{4:{177:0404021720}{451:0}}{1:F01VZCRVECAAXXX5410610696}{2:09501717040402VZCRVECAAXXX40812675430404021720N}{3:{108:SCONNECT}}{4:
:20:MI081215
:25:2222222222
:28C:0519/073
:60M:C081215VEF000007372263,90
:61:081215C000000001000,00NTRF000000211956//180007
PAGO
:61:081215C000000000200,00NTRF000000211986//180007
PAGO
:61:081215C000000002000,00NTRF000000211989//180007
PAGO
:61:081215C000000000600,00NTRF000000212060//180007
PAGO
:61:081215C000000002000,00NTRF000000212090//180007
PAGO
:61:081215C000000000105,00NTRF000000212093//180007
PAGO
:61:081215C000000000300,00NTRF000000212107//180007
PAGO
:61:081215C000000002000,00NTRF000000212161//180007
PAGO
:61:081215C000000001500,00NTRF000000212201//180007
PAGO
:62M:C081215VEF000007381968,90
-}{5:{CHK:1143FB20924B}}{S:{COP:S}}${1:F21VZCRVECAAXXX5410610696}{4:{177:0404021720}{451:0}}{1:F01VZCRVECAAXXX5410610696}{2:09501717040402VZCRVECAAXXX40812675430404021720N}{3:{108:SCONNECT}}{4:
:20:MI081215
:25:2222222222
:28C:0519/074
:60M:C081215VEF000007381968,90
:61:081215C000000001259,30NTRF000000212287//180007
PAGO
:61:081215C000000000150,00NTRF000000211134//180007
PAGO
:61:081215C000000000640,00NTRF000000211146//180007
PAGO
:61:081215C000000000500,00NTRF000000211255//180007
PAGO
:61:081215C000000000200,00NTRF000000211280//180007
PAGO
:61:081215C000000001500,00NTRF000000211326//180007
PAGO
:61:081215C000000004085,33NTRF000000211335//180007
PAGO
:61:081215C000000001590,00NTRF000000211359//180007
PAGO
:61:081215C000000003000,00NTRF000000211450//180007
PAGO
:62M:C081215VEF000007394893,53
-}{5:{CHK:1143FB20924B}}{S:{COP:S}}${1:F21VZCRVECAAXXX5410610696}{4:{177:0404021720}{451:0}}{1:F01VZCRVECAAXXX5410610696}{2:09501717040402VZCRVECAAXXX40812675430404021720N}{3:{108:SCONNECT}}{4:
:20:MI081215
:25:2222222222
:28C:0519/075
:60M:C081215VEF000007394893,53
:61:081215C000000002700,00NTRF000000211486//180007
PAGO
:61:081215C000000000300,00NTRF000000211537//180007
PAGO
:61:081215C000000000050,00NTRF000000211700//180007
PAGO
:61:081215C000000000250,00NTRF000000211881//180007
PAGO
:61:081215C000000000798,74NTRF000000210345//180007
PAGO
:61:081215C000000001500,00NTRF000000210376//180007
PAGO
:61:081215C000000000106,53NTRF000000210394//180007
PAGO
:61:081215C000000000200,00NTRF000000210406//180007
PAGO
:61:081215C000000002024,96NTRF000000210418//180007
PAGO
:62M:C081215VEF000007402823,76
-}{5:{CHK:1143FB20924B}}{S:{COP:S}}${1:F21VZCRVECAAXXX5410610696}{4:{177:0404021720}{451:0}}{1:F01VZCRVECAAXXX5410610696}{2:09501717040402VZCRVECAAXXX40812675430404021720N}{3:{108:SCONNECT}}{4:
:20:MI081215
:25:2222222222
:28C:0519/076
:60M:C081215VEF000007402823,76
:61:081215C000000000500,00NTRF000000210445//180007
PAGO
:61:081215C000000002000,00NTRF000000210530//180007
PAGO
:61:081215C000000000580,00NTRF000000210598//180007
PAGO
:61:081215C000000003126,49NTRF000000210602//180007
PAGO
:61:081215C000000000150,00NTRF000000210655//180007
PAGO
:61:081215C000000010000,00NTRF000000210779//180007
PAGO
:61:081215C000000002200,00NTRF000000210958//180007
PAGO
:61:081215C000000000041,31NTRF000000211062//180007
PAGO
:61:081215C000000005000,00NTRF000000210131//180007
PAGO
:62M:C081215VEF000007426421,56
-}{5:{CHK:1143FB20924B}}{S:{COP:S}}${1:F21VZCRVECAAXXX5410610696}{4:{177:0404021720}{451:0}}{1:F01VZCRVECAAXXX5410610696}{2:09501717040402VZCRVECAAXXX40812675430404021720N}{3:{108:SCONNECT}}{4:
:20:MI081215
:25:2222222222
:28C:0519/077
:60M:C081215VEF000007426421,56
:61:081215C000000000200,00NTRF000000210148//180007
PAGO
:61:081215C000000005000,00NTRF000000210168//180007
PAGO
:61:081215C000000000150,00NTRF000000210196//180007
PAGO
:61:081215C000000001000,00NTRF000000210233//180007
PAGO
:61:081215C000000000220,00NTRF000000210264//180007
PAGO
:61:081215C000000009300,00NTRF000000210287//180007
PAGO
:61:081215C000000000386,15NTRF000002452029//180007
PAGO
:61:081215C000000000390,29NTRF000002452031//180007
PAGO
:61:081215C000000000277,62NTRF000002452041//180007
PAGO
:62M:C081215VEF000007443345,62
-}{5:{CHK:1143FB20924B}}{S:{COP:S}}${1:F21VZCRVECAAXXX5410610696}{4:{177:0404021720}{451:0}}{1:F01VZCRVECAAXXX5410610696}{2:09501717040402VZCRVECAAXXX40812675430404021720N}{3:{108:SCONNECT}}{4:
:20:MI081215
:25:2222222222
:28C:0519/078
:60M:C081215VEF000007443345,62
:61:081215C000000001268,74NTRF000002452064//180007
PAGO
:61:081215C000000000035,00NTRF000000219105//180007
PAGO
:61:081215C000000002300,00NTRF000000219163//180007
PAGO
:61:081215C000000011300,00NTRF000000219235//180007
PAGO
:61:081215C000000000450,00NTRF000000219244//180007
PAGO
:61:081215C000000000500,00NTRF000000219298//180007
PAGO
:61:081215C000000002927,72NTRF000002451845//180007
PAGO
:61:081215C000000011120,88NTRF000002451846//180007
PAGO
:61:081215C000000002362,19NTRF000002451859//180007
PAGO
:62M:C081215VEF000007475610,15
-}{5:{CHK:1143FB20924B}}{S:{COP:S}}${1:F21VZCRVECAAXXX5410610696}{4:{177:0404021720}{451:0}}{1:F01VZCRVECAAXXX5410610696}{2:09501717040402VZCRVECAAXXX40812675430404021720N}{3:{108:SCONNECT}}{4:
:20:MI081215
:25:2222222222
:28C:0519/079
:60M:C081215VEF000007475610,15
:61:081215C000000026065,00NTRF000002451868//180007
PAGO
:61:081215C000000001231,67NTRF000002451876//180007
PAGO
:61:081215C000000000065,90NTRF000002451887//180007
PAGO
:61:081215C000000002709,66NTRF000002451889//180007
PAGO
:61:081215C000000000131,59NTRF000002451910//180007
PAGO
:61:081215C000000000500,00NTRF000000218779//180007
PAGO
:61:081215C000000000035,00NTRF000000218784//180007
PAGO
:61:081215C000000000300,00NTRF000000218786//180007
PAGO
:61:081215C000000001848,00NTRF000000218797//180007
PAGO
:62M:C081215VEF000007508496,97
-}{5:{CHK:1143FB20924B}}{S:{COP:S}}${1:F21VZCRVECAAXXX5410610696}{4:{177:0404021720}{451:0}}{1:F01VZCRVECAAXXX5410610696}{2:09501717040402VZCRVECAAXXX40812675430404021720N}{3:{108:SCONNECT}}{4:
:20:MI081215
:25:2222222222
:28C:0519/080
:60M:C081215VEF000007508496,97
:61:081215C000000000250,00NTRF000000218953//180007
PAGO
:61:081215C000000004280,00NTRF000000218985//180007
PAGO
:61:081215C000000003000,00NTRF000000218987//180007
PAGO
:61:081215C000000003000,00NTRF000000219000//180007
PAGO
:61:081215C000000000250,00NTRF000000219002//180007
PAGO
:61:081215C000000000200,00NTRF000000219039//180007
PAGO
:61:081215C000000000250,00NTRF000000219075//180007
PAGO
:61:081215C000000000450,00NTRF000000219097//180007
PAGO
:61:081215C000000000592,46NTRF000000219099//180007
PAGO
:62M:C081215VEF000007520769,43
-}{5:{CHK:1143FB20924B}}{S:{COP:S}}${1:F21VZCRVECAAXXX5410610696}{4:{177:0404021720}{451:0}}{1:F01VZCRVECAAXXX5410610696}{2:09501717040402VZCRVECAAXXX40812675430404021720N}{3:{108:SCONNECT}}{4:
:20:MI081215
:25:2222222222
:28C:0519/081
:60M:C081215VEF000007520769,43
:61:081215C000000003200,00NTRF000000218176//180007
PAGO
:61:081215C000000001000,00NTRF000000218177//180007
PAGO
:61:081215C000000001000,00NTRF000000218192//180007
PAGO
:61:081215C000000000500,00NTRF000000218206//180007
PAGO
:61:081215C000000001450,00NTRF000000218320//180007
PAGO
:61:081215C000000001357,50NTRF000000218361//180007
PAGO
:61:081215C000000000715,00NTRF000000218402//180007
PAGO
:61:081215C000000000310,00NTRF000000218411//180007
PAGO
:61:081215C000000001420,00NTRF000000218435//180007
PAGO
:62M:C081215VEF000007531721,93
-}{5:{CHK:1143FB20924B}}{S:{COP:S}}${1:F21VZCRVECAAXXX5410610696}{4:{177:0404021720}{451:0}}{1:F01VZCRVECAAXXX5410610696}{2:09501717040402VZCRVECAAXXX40812675430404021720N}{3:{108:SCONNECT}}{4:
:20:MI081215
:25:2222222222
:28C:0519/082
:60M:C081215VEF000007531721,93
:61:081215C000000001845,00NTRF000000218560//180007
PAGO
:61:081215C000000000140,00NTRF000000218663//180007
PAGO
:61:081215C000000000100,00NTRF000000218698//180007
PAGO
:61:081215C000000002500,00NTRF000000218760//180007
PAGO
:61:081215C000000014983,03NTRF000002451748//180007
PAGO
:61:081215C000000003456,15NTRF000002451749//180007
PAGO
:61:081215C000000017895,22NTRF000002451750//180007
PAGO
:61:081215C000000001352,36NTRF000002451751//180007
PAGO
:61:081215C000000000760,00NTRF000003249519//180007
PAGO
:62M:C081215VEF000007574753,69
-}{5:{CHK:1143FB20924B}}{S:{COP:S}}${1:F21VZCRVECAAXXX5410610696}{4:{177:0404021720}{451:0}}{1:F01VZCRVECAAXXX5410610696}{2:09501717040402VZCRVECAAXXX40812675430404021720N}{3:{108:SCONNECT}}{4:
:20:MI081215
:25:2222222222
:28C:0519/083
:60M:C081215VEF000007574753,69
:61:081215C000000005130,00NTRF000003249613//180007
PAGO
:61:081215C000000001018,54NTRF000003249670//180007
PAGO
:61:081215C000000018076,41NTRF000003249686//180007
PAGO
:61:081215C000000003297,56NTRF000003249747//180007
PAGO
:61:081215C000000007132,96NTRF000003249791//180007
PAGO
:61:081215C000000002000,00NTRF000000218163//180007
PAGO
:61:081215C000000002000,00NTRF000000218168//180007
PAGO
:61:081215C000000002000,00NTRF000000218175//180007
PAGO
:61:081215C000000001100,00NTRF000000217143//180007
PAGO
:62M:C081215VEF000007616509,16
-}{5:{CHK:1143FB20924B}}{S:{COP:S}}${1:F21VZCRVECAAXXX5410610696}{4:{177:0404021720}{451:0}}{1:F01VZCRVECAAXXX5410610696}{2:09501717040402VZCRVECAAXXX40812675430404021720N}{3:{108:SCONNECT}}{4:
:20:MI081215
:25:2222222222
:28C:0519/084
:60M:C081215VEF000007616509,16
:61:081215C000000002828,00NTRF000000217225//180007
PAGO
:61:081215C000000001500,00NTRF000000217273//180007
PAGO
:61:081215C000000002500,00NTRF000000217365//180007
PAGO
:61:081215C000000001500,00NTRF000000217410//180007
PAGO
:61:081215C000000000200,00NTRF000000217507//180007
PAGO
:61:081215C000000000600,00NTRF000000217516//180007
PAGO
:61:081215C000000001000,00NTRF000000217563//180007
PAGO
:61:081215C000000000310,94NTRF000002451670//180007
PAGO
:61:081215C000000020760,84NTRF000002451701//180007
PAGO
:62M:C081215VEF000007647708,94
-}{5:{CHK:1143FB20924B}}{S:{COP:S}}${1:F21VZCRVECAAXXX5410610696}{4:{177:0404021720}{451:0}}{1:F01VZCRVECAAXXX5410610696}{2:09501717040402VZCRVECAAXXX40812675430404021720N}{3:{108:SCONNECT}}{4:
:20:MI081215
:25:2222222222
:28C:0519/085
:60M:C081215VEF000007647708,94
:61:081215C000000004617,55NTRF000002451702//180007
PAGO
:61:081215C000000020625,07NTRF000002451719//180007
PAGO
:61:081215C000000007780,00NTRF000002451720//180007
PAGO
:61:081215C000000010000,00NTRF000000216713//180007
PAGO
:61:081215C000000005000,00NTRF000000216737//180007
PAGO
:61:081215C000000005700,00NTRF000000216855//180007
PAGO
:61:081215C000000001800,00NTRF000000216874//180007
PAGO
:61:081215C000000003000,00NTRF000000216909//180007
PAGO
:61:081215C000000001500,00NTRF000000216951//180007
PAGO
:62M:C081215VEF000007707731,56
-}{5:{CHK:1143FB20924B}}{S:{COP:S}}${1:F21VZCRVECAAXXX5410610696}{4:{177:0404021720}{451:0}}{1:F01VZCRVECAAXXX5410610696}{2:09501717040402VZCRVECAAXXX40812675430404021720N}{3:{108:SCONNECT}}{4:
:20:MI081215
:25:2222222222
:28C:0519/086
:60M:C081215VEF000007707731,56
:61:081215C000000001500,00NTRF000000216952//180007
PAGO
:61:081215C000000001800,00NTRF000000216956//180007
PAGO
:61:081215C000000004000,00NTRF000000216999//180007
PAGO
:61:081215C000000001900,00NTRF000000217068//180007
PAGO
:61:081215C000000001276,00NTRF000000217079//180007
PAGO
:61:081215C000000002000,00NTRF000000217088//180007
PAGO
:61:081215C000000005000,00NTRF000000217118//180007
PAGO
:61:081215C000000001000,00NTRF000000216010//180007
PAGO
:61:081215C000000000500,00NTRF000000216080//180007
PAGO
:62M:C081215VEF000007726707,56
-}{5:{CHK:1143FB20924B}}{S:{COP:S}}${1:F21VZCRVECAAXXX5410610696}{4:{177:0404021720}{451:0}}{1:F01VZCRVECAAXXX5410610696}{2:09501717040402VZCRVECAAXXX40812675430404021720N}{3:{108:SCONNECT}}{4:
:20:MI081215
:25:2222222222
:28C:0519/087
:60M:C081215VEF000007726707,56
:61:081215C000000000300,00NTRF000000216106//180007
PAGO
:61:081215C000000002000,00NTRF000000216172//180007
PAGO
:61:081215C000000000060,00NTRF000000216244//180007
PAGO
:61:081215C000000005000,00NTRF000000216276//180007
PAGO
:61:081215C000000001000,00NTRF000000216473//180007
PAGO
:61:081215C000000006183,00NTRF000000216589//180007
PAGO
:61:081215C000000000579,00NTRF000000216610//180007
PAGO
:61:081215C000000005000,00NTRF000000216633//180007
PAGO
:61:081215C000000000568,00NTRF000000216654//180007
PAGO
:62M:C081215VEF000007747397,56
-}{5:{CHK:1143FB20924B}}{S:{COP:S}}${1:F21VZCRVECAAXXX5410610696}{4:{177:0404021720}{451:0}}{1:F01VZCRVECAAXXX5410610696}{2:09501717040402VZCRVECAAXXX40812675430404021720N}{3:{108:SCONNECT}}{4:
:20:MI081215
:25:2222222222
:28C:0519/088
:60M:C081215VEF000007747397,56
:61:081215C000000020000,00NTRF000000216677//180007
PAGO
:61:081215C000000001000,00NTRF000000216695//180007
PAGO
:61:081215C000000004800,00NTRF000000215368//180007
PAGO
:61:081215C000000003000,00NTRF000000215419//180007
PAGO
:61:081215C000000000200,00NTRF000000215426//180007
PAGO
:61:081215C000000000234,22NTRF000000215511//180007
PAGO
:61:081215C000000000500,00NTRF000000215526//180007
PAGO
:61:081215C000000000500,00NTRF000000215544//180007
PAGO
:61:081215C000000000720,00NTRF000000215665//180007
PAGO
:62M:C081215VEF000007778351,78
-}{5:{CHK:1143FB20924B}}{S:{COP:S}}${1:F21VZCRVECAAXXX5410610696}{4:{177:0404021720}{451:0}}{1:F01VZCRVECAAXXX5410610696}{2:09501717040402VZCRVECAAXXX40812675430404021720N}{3:{108:SCONNECT}}{4:
:20:MI081215
:25:2222222222
:28C:0519/089
:60M:C081215VEF000007778351,78
:61:081215C000000000520,00NTRF000000215744//180007
PAGO
:61:081215C000000000850,00NTRF000000215805//180007
PAGO
:61:081215C000000000050,00NTRF000000215822//180007
PAGO
:61:081215C000000000150,00NTRF000000215839//180007
PAGO
:61:081215C000000000270,00NTRF000000215915//180007
PAGO
:61:081215C000000000320,00NTRF000000215973//180007
PAGO
:61:081215C000000000200,00NTRF000000214812//180007
PAGO
:61:081215C000000012250,00NTRF000000214867//180007
PAGO
:61:081215C000000002000,00NTRF000000214916//180007
PAGO
:62M:C081215VEF000007794961,78
-}{5:{CHK:1143FB20924B}}{S:{COP:S}}${1:F21VZCRVECAAXXX5410610696}{4:{177:0404021720}{451:0}}{1:F01VZCRVECAAXXX5410610696}{2:09501717040402VZCRVECAAXXX40812675430404021720N}{3:{108:SCONNECT}}{4:
:20:MI081215
:25:2222222222
:28C:0519/090
:60M:C081215VEF000007794961,78
:61:081215C000000000150,00NTRF000000214918//180007
PAGO
:61:081215C000000001000,00NTRF000000214936//180007
PAGO
:61:081215C000000002050,00NTRF000000214971//180007
PAGO
:61:081215C000000004500,00NTRF000000214972//180007
PAGO
:61:081215C000000000085,00NTRF000000214988//180007
PAGO
:61:081215C000000001040,00NTRF000000215003//180007
PAGO
:61:081215C000000005000,00NTRF000000215024//180007
PAGO
:61:081215C000000000140,00NTRF000000215108//180007
PAGO
:61:081215C000000001000,00NTRF000000215158//180007
PAGO
:62M:C081215VEF000007809926,78
-}{5:{CHK:1143FB20924B}}{S:{COP:S}}${1:F21VZCRVECAAXXX5410610696}{4:{177:0404021720}{451:0}}{1:F01VZCRVECAAXXX5410610696}{2:09501717040402VZCRVECAAXXX40812675430404021720N}{3:{108:SCONNECT}}{4:
:20:MI081215
:25:2222222222
:28C:0519/091
:60M:C081215VEF000007809926,78
:61:081215C000000002000,00NTRF000000215364//180007
PAGO
:61:081215C000000000300,00NTRF000000214341//180007
PAGO
:61:081215C000000001000,00NTRF000000214350//180007
PAGO
:61:081215C000000000315,00NTRF000000214423//180007
PAGO
:61:081215C000000000400,00NTRF000000214441//180007
PAGO
:61:081215C000000001000,00NTRF000000214523//180007
PAGO
:61:081215C000000000250,00NTRF000000214539//180007
PAGO
:61:081215C000000001900,00NTRF000000214553//180007
PAGO
:61:081215C000000000280,00NTRF000000214590//180007
PAGO
:62M:C081215VEF000007817371,78
-}{5:{CHK:1143FB20924B}}{S:{COP:S}}${1:F21VZCRVECAAXXX5410610696}{4:{177:0404021720}{451:0}}{1:F01VZCRVECAAXXX5410610696}{2:09501717040402VZCRVECAAXXX40812675430404021720N}{3:{108:SCONNECT}}{4:
:20:MI081215
:25:2222222222
:28C:0519/092
:60M:C081215VEF000007817371,78
:61:081215C000000000500,00NTRF000000214618//180007
PAGO
:61:081215C000000004000,00NTRF000000214631//180007
PAGO
:61:081215C000000000400,00NTRF000000214699//180007
PAGO
:61:081215C000000000078,00NTRF000000214757//180007
PAGO
:61:081215C000000000200,00NTRF000000214768//180007
PAGO
:61:081215C000000000072,14NTRF000003249208//180007
PAGO
:61:081215C000000000020,81NTRF000003249226//180007
PAGO
:61:081215C000000000032,24NTRF000003249244//180007
PAGO
:61:081215C000000000078,88NTRF000003249306//180007
PAGO
:62M:C081215VEF000007822753,85
-}{5:{CHK:1143FB20924B}}{S:{COP:S}}${1:F21VZCRVECAAXXX5410610696}{4:{177:0404021720}{451:0}}{1:F01VZCRVECAAXXX5410610696}{2:09501717040402VZCRVECAAXXX40812675430404021720N}{3:{108:SCONNECT}}{4:
:20:MI081215
:25:2222222222
:28C:0519/093
:60M:C081215VEF000007822753,85
:61:081215C000000000246,57NTRF000003249335//180007
PAGO
:61:081215C000000000108,24NTRF000003249359//180007
PAGO
:61:081215C000000000023,16NTRF000003249402//180007
PAGO
:61:081215C000000000031,26NTRF000003249421//180007
PAGO
:61:081215C000000000017,44NTRF000003249446//180007
PAGO
:61:081215C000000000019,73NTRF000003249469//180007
PAGO
:61:081215C000000004250,00NTRF000000214321//180007
PAGO
:61:081215C000000013000,00NTRF000000214323//180007
PAGO
:61:081215C000000000300,00NTRF000000214335//180007
PAGO
:62M:C081215VEF000007840750,25
-}{5:{CHK:1143FB20924B}}{S:{COP:S}}${1:F21VZCRVECAAXXX5410610696}{4:{177:0404021720}{451:0}}{1:F01VZCRVECAAXXX5410610696}{2:09501717040402VZCRVECAAXXX40812675430404021720N}{3:{108:SCONNECT}}{4:
:20:MI081215
:25:2222222222
:28C:0519/094
:60M:C081215VEF000007840750,25
:61:081215C000000000023,17NTRF000003248956//180007
PAGO
:61:081215C000000000209,63NTRF000003248957//180007
PAGO
:61:081215C000000000642,57NTRF000003248973//180007
PAGO
:61:081215C000000000114,85NTRF000003248992//180007
PAGO
:61:081215C000000000368,64NTRF000003249042//180007
PAGO
:61:081215C000000000174,53NTRF000003249060//180007
PAGO
:61:081215C000000000029,22NTRF000003249089//180007
PAGO
:61:081215C000000000130,09NTRF000003249093//180007
PAGO
:61:081215C000000000104,37NTRF000003249125//180007
PAGO
:62M:C081215VEF000007842547,32
-}{5:{CHK:1143FB20924B}}{S:{COP:S}}${1:F21VZCRVECAAXXX5410610696}{4:{177:0404021720}{451:0}}{1:F01VZCRVECAAXXX5410610696}{2:09501717040402VZCRVECAAXXX40812675430404021720N}{3:{108:SCONNECT}}{4:
:20:MI081215
:25:2222222222
:28C:0519/095
:60M:C081215VEF000007842547,32
:61:081215C000000000307,81NTRF000003249127//180007
PAGO
:61:081215C000000000027,17NTRF000003249151//180007
PAGO
:61:081215C000000000431,27NTRF000003249186//180007
PAGO
:61:081215C000000005348,75NTRF000002451530//180007
PAGO
:61:081215C000000000260,00NTRF000002451543//180007
PAGO
:61:081215C000000013325,00NTRF000002451544//180007
PAGO
:61:081215C000000001000,00NTRF000000213139//180007
PAGO
:61:081215C000000007126,93NTRF000000213273//180007
PAGO
:61:081215C000000002000,00NTRF000000213344//180007
PAGO
:62M:C081215VEF000007872374,25
-}{5:{CHK:1143FB20924B}}{S:{COP:S}}${1:F21VZCRVECAAXXX5410610696}{4:{177:0404021720}{451:0}}{1:F01VZCRVECAAXXX5410610696}{2:09501717040402VZCRVECAAXXX40812675430404021720N}{3:{108:SCONNECT}}{4:
:20:MI081215
:25:2222222222
:28C:0519/096
:60M:C081215VEF000007872374,25
:61:081215C000000002500,00NTRF000000213397//180007
PAGO
:61:081215C000000001360,66NTRF000003248854//180007
PAGO
:61:081215C000000002939,85NTRF000003248867//180007
PAGO
:61:081215C000000000071,07NTRF000003248880//180007
PAGO
:61:081215C000000000021,10NTRF000003248881//180007
PAGO
:61:081215C000000000061,13NTRF000003248898//180007
PAGO
:61:081215C000000000012,20NTRF000003248912//180007
PAGO
:61:081215C000000000200,00NTRF000000212784//180007
PAGO
:61:081215C000000000480,00NTRF000002451406//180007
PAGO
:62M:C081215VEF000007880020,26
-}{5:{CHK:1143FB20924B}}{S:{COP:S}}${1:F21VZCRVECAAXXX5410610696}{4:{177:0404021720}{451:0}}{1:F01VZCRVECAAXXX5410610696}{2:09501717040402VZCRVECAAXXX40812675430404021720N}{3:{108:SCONNECT}}{4:
:20:MI081215
:25:2222222222
:28C:0519/097
:60M:C081215VEF000007880020,26
:61:081215C000000000664,00NTRF000002451407//180007
PAGO
:61:081215C000000000320,00NTRF000002451408//180007
PAGO
:61:081215C000000000889,20NTRF000002451409//180007
PAGO
:61:081215C000000000648,00NTRF000002451410//180007
PAGO
:61:081215C000000000310,10NTRF000002451411//180007
PAGO
:61:081215C000000000190,00NTRF000015122008//180007
PAGO
:61:081215C000000000200,00NTRF000015122008//180007
PAGO
:61:081215C000000000889,26NTRF000015122008//180007
PAGO
:61:081215C000000000100,00NTRF000015122008//180007
PAGO
:62M:C081215VEF000007884230,82
-}{5:{CHK:1143FB20924B}}{S:{COP:S}}${1:F21VZCRVECAAXXX5410610696}{4:{177:0404021720}{451:0}}{1:F01VZCRVECAAXXX5410610696}{2:09501717040402VZCRVECAAXXX40812675430404021720N}{3:{108:SCONNECT}}{4:
:20:MI081215
:25:2222222222
:28C:0519/098
:60M:C081215VEF000007884230,82
:61:081215C000000000300,00NTRF000015122008//180007
PAGO
:61:081215C000000000450,00NTRF000082461271//180007
PAGO
:61:081215C000000000209,10NTRF000082461772//180007
PAGO
:61:081215C000000001600,00NTRF000082463905//180007
PAGO
:61:081215C000000002305,00NTRF000082465272//180007
PAGO
:61:081215C000000000400,00NTRF000082392833//180007
PAGO
:61:081215C000000000075,00NTRF000082394454//180007
PAGO
:61:081215C000000000500,00NTRF000082376910//180007
PAGO
:61:081215C000000000100,00NTRF000082368086//180007
PAGO
:62M:C081215VEF000007890169,92
-}{5:{CHK:1143FB20924B}}{S:{COP:S}}${1:F21VZCRVECAAXXX5410610696}{4:{177:0404021720}{451:0}}{1:F01VZCRVECAAXXX5410610696}{2:09501717040402VZCRVECAAXXX40812675430404021720N}{3:{108:SCONNECT}}{4:
:20:MI081215
:25:2222222222
:28C:0519/099
:60M:C081215VEF000007890169,92
:61:081215C000000003000,00NTRF000082368344//180007
PAGO
:61:081215C000000000399,33NTRF000082368580//180007
PAGO
:61:081215C000000000306,00NTRF000082369081//180007
PAGO
:61:081215C000000000400,00NTRF000082369092//180007
PAGO
:61:081215C000000000050,00NTRF000082452893//180007
PAGO
:61:081215C000000000952,88NTRF000082457546//180007
PAGO
:61:081215C000000000700,00NTRF000082459042//180007
PAGO
:61:081215C000000000100,00NTRF000082466495//180007
PAGO
:61:081215C000000001000,00NTRF000082468094//180007
PAGO
:62M:C081215VEF000007897078,13
-}{5:{CHK:1143FB20924B}}{S:{COP:S}}${1:F21VZCRVECAAXXX5410610696}{4:{177:0404021720}{451:0}}{1:F01VZCRVECAAXXX5410610696}{2:09501717040402VZCRVECAAXXX40812675430404021720N}{3:{108:SCONNECT}}{4:
:20:MI081215
:25:2222222222
:28C:0519/100
:60M:C081215VEF000007897078,13
:61:081215C000000000200,00NTRF000082468326//180007
PAGO
:61:081215C000000000080,00NTRF000082468514//180007
PAGO
:61:081215C000000000400,00NTRF000082469564//180007
PAGO
:61:081215C000000000300,00NTRF000082470345//180007
PAGO
:61:081215C000000000250,00NTRF000082470732//180007
PAGO
:61:081215C000000000400,00NTRF000082473204//180007
PAGO
:61:081215C000000000500,00NTRF000082473963//180007
PAGO
:61:081215C000000000765,00NTRF000082439136//180007
PAGO
:61:081215C000000000550,00NTRF000082439162//180007
PAGO
:62M:C081215VEF000007900523,13
-}{5:{CHK:1143FB20924B}}{S:{COP:S}}${1:F21VZCRVECAAXXX5410610696}{4:{177:0404021720}{451:0}}{1:F01VZCRVECAAXXX5410610696}{2:09501717040402VZCRVECAAXXX40812675430404021720N}{3:{108:SCONNECT}}{4:
:20:MI081215
:25:2222222222
:28C:0519/101
:60M:C081215VEF000007900523,13
:61:081215C000000000300,18NTRF000082440050//180007
PAGO
:61:081215C000000002000,00NTRF000082444132//180007
PAGO
:61:081215C000000004000,00NTRF000082444331//180007
PAGO
:61:081215C000000000450,00NTRF000082444390//180007
PAGO
:61:081215C000000000450,00NTRF000082427435//180007
PAGO
:61:081215C000000001200,00NTRF000082430176//180007
PAGO
:61:081215C000000000275,00NTRF000082430670//180007
PAGO
:61:081215C000000000500,00NTRF000082431171//180007
PAGO
:61:081215C000000000125,00NTRF000082432431//180007
PAGO
:62M:C081215VEF000007909823,31
-}{5:{CHK:1143FB20924B}}{S:{COP:S}}${1:F21VZCRVECAAXXX5410610696}{4:{177:0404021720}{451:0}}{1:F01VZCRVECAAXXX5410610696}{2:09501717040402VZCRVECAAXXX40812675430404021720N}{3:{108:SCONNECT}}{4:
:20:MI081215
:25:2222222222
:28C:0519/102
:60M:C081215VEF000007909823,31
:61:081215C000000000040,00NTRF000082432626//180007
PAGO
:61:081215C000000005000,00NTRF000082433573//180007
PAGO
:61:081215C000000005000,00NTRF000082433842//180007
PAGO
:61:081215C000000200000,00NTRF000082413181//180007
PAGO
:61:081215C000000000215,00NTRF000082419201//180007
PAGO
:61:081215C000000000500,00NTRF000082420365//180007
PAGO
:61:081215C000000005000,00NTRF000082421791//180007
PAGO
:61:081215C000000005000,00NTRF000082423832//180007
PAGO
:61:081215C000000001500,00NTRF000082424392//180007
PAGO
:62M:C081215VEF000008132078,31
-}{5:{CHK:1143FB20924B}}{S:{COP:S}}${1:F21VZCRVECAAXXX5410610696}{4:{177:0404021720}{451:0}}{1:F01VZCRVECAAXXX5410610696}{2:09501717040402VZCRVECAAXXX40812675430404021720N}{3:{108:SCONNECT}}{4:
:20:MI081215
:25:2222222222
:28C:0519/103
:60M:C081215VEF000008132078,31
:61:081215C000000000050,00NTRF000082425022//180007
PAGO
:61:081215C000000000240,00NTRF000082435500//180007
PAGO
:61:081215C000000000477,12NTRF000082438101//180007
PAGO
:61:081215C000000009382,00NTRF000082439066//180007
PAGO
:61:081215C000000005000,00NTRF000082405676//180007
PAGO
:61:081215C000000000581,66NTRF000082406984//180007
PAGO
:61:081215C000000001000,00NTRF000082409246//180007
PAGO
:61:081215C000000000700,00NTRF000082409342//180007
PAGO
:61:081215C000000000250,00NTRF000082411626//180007
PAGO
:62M:C081215VEF000008149759,09
-}{5:{CHK:1143FB20924B}}{S:{COP:S}}${1:F21VZCRVECAAXXX5410610696}{4:{177:0404021720}{451:0}}{1:F01VZCRVECAAXXX5410610696}{2:09501717040402VZCRVECAAXXX40812675430404021720N}{3:{108:SCONNECT}}{4:
:20:MI081215
:25:2222222222
:28C:0519/104
:60M:C081215VEF000008149759,09
:61:081215C000000000250,00NTRF000082411895//180007
PAGO
:61:081215C000000005000,00NTRF000082403554//180007
PAGO
:61:081215C000001000000,00NTRF000082405326//180007
PAGO
:61:081215C000000003000,00NTRF000082444541//180007
PAGO
:61:081215C000000000867,20NTRF000082447934//180007
PAGO
:61:081215C000000000300,00NTRF000082449146//180007
PAGO
:61:081215C000000035000,00NTRF000082450491//180007
PAGO
:61:081215C000000001065,00NTRF000082451456//180007
PAGO
:61:081215C000000000620,00NTRF000082452381//180007
PAGO
:62M:C081215VEF000009195861,29
-}{5:{CHK:1143FB20924B}}{S:{COP:S}}${1:F21VZCRVECAAXXX5410610696}{4:{177:0404021720}{451:0}}{1:F01VZCRVECAAXXX5410610696}{2:09501717040402VZCRVECAAXXX40812675430404021720N}{3:{108:SCONNECT}}{4:
:20:MI081215
:25:2222222222
:28C:0519/105
:60M:C081215VEF000009195861,29
:61:081215C000000001000,00NTRF000082452565//180007
PAGO
:61:081215C000000008800,00NTRF000082425011//180007
PAGO
:61:081215C000000001804,00NTRF000082427295//180007
PAGO
:61:081215C000000006534,71NTRF000082390114//180007
PAGO
:61:081215C000000005000,00NTRF000082475654//180007
PAGO
:61:081215C000000000200,00NTRF000082476052//180007
PAGO
:61:081215C000000001000,00NTRF000082476800//180007
PAGO
:61:081215C000000000300,00NTRF000082476936//180007
PAGO
:61:081215C000000000408,00NTRF000082477485//180007
PAGO
:62M:C081215VEF000009220908,00
-}{5:{CHK:1143FB20924B}}{S:{COP:S}}${1:F21VZCRVECAAXXX5410610696}{4:{177:0404021720}{451:0}}{1:F01VZCRVECAAXXX5410610696}{2:09501717040402VZCRVECAAXXX40812675430404021720N}{3:{108:SCONNECT}}{4:
:20:MI081215
:25:2222222222
:28C:0519/106
:60M:C081215VEF000009220908,00
:61:081215C000000000180,00NTRF000082477710//180007
PAGO
:61:081215C000000000900,00NTRF000082477732//180007
PAGO
:61:081215C000000000050,00NTRF000082478745//180007
PAGO
:61:081215C000000005000,00NTRF000082374865//180007
PAGO
:61:081215C000000160000,00NTRF000082382193//180007
PAGO
:61:081215C000000003000,00NTRF000082384680//180007
PAGO
:61:081215C000000001000,00NTRF000082384761//180007
PAGO
:61:081215C000000001500,00NTRF000082385774//180007
PAGO
:61:081215C000000000250,00NTRF000082386721//180007
PAGO
:62M:C081215VEF000009392788,00
-}{5:{CHK:1143FB20924B}}{S:{COP:S}}${1:F21VZCRVECAAXXX5410610696}{4:{177:0404021720}{451:0}}{1:F01VZCRVECAAXXX5410610696}{2:09501717040402VZCRVECAAXXX40812675430404021720N}{3:{108:SCONNECT}}{4:
:20:MI081215
:25:2222222222
:28C:0519/107
:60M:C081215VEF000009392788,00
:61:081215C000000008210,45NTRF000082387034//180007
PAGO
:61:081215C000000000275,00NTRF000082388073//180007
PAGO
:61:081215C000000005000,00NTRF000082389871//180007
PAGO
:61:081215C000000002306,00NTRF000082377422//180007
PAGO
:61:081215C000000001497,47NTRF000082377934//180007
PAGO
:61:081215C000000002000,00NTRF000000126232//180007
PAGO
:61:081215C000000006000,00NTRF000000126235//180007
PAGO
:61:081215C000000004000,00NTRF000000126234//180007
PAGO
:61:081215C000000000200,00NTRF000000126222//180007
PAGO
:62M:C081215VEF000009422276,92
-}{5:{CHK:1143FB20924B}}{S:{COP:S}}${1:F21VZCRVECAAXXX5410610696}{4:{177:0404021720}{451:0}}{1:F01VZCRVECAAXXX5410610696}{2:09501717040402VZCRVECAAXXX40812675430404021720N}{3:{108:SCONNECT}}{4:
:20:MI081215
:25:2222222222
:28C:0519/108
:60M:C081215VEF000009422276,92
:61:081215C000000000198,00NTRF000000126223//180007
PAGO
:61:081215C000000002700,00NTRF000000126233//180007
PAGO
:61:081215C000000001200,00NTRF000000125208//180007
PAGO
:61:081215C000000000300,00NTRF000000126146//180007
PAGO
:61:081215C000000001300,00NTRF000000126149//180007
PAGO
:61:081215C000000001250,00NTRF000000126099//180007
PAGO
:61:081215C000000000600,00NTRF000000126074//180007
PAGO
:61:081215C000000000060,00NTRF000000126043//180007
PAGO
:61:081215C000000000120,00NTRF000000126013//180007
PAGO
:62M:C081215VEF000009430004,92
-}{5:{CHK:1143FB20924B}}{S:{COP:S}}${1:F21VZCRVECAAXXX5410610696}{4:{177:0404021720}{451:0}}{1:F01VZCRVECAAXXX5410610696}{2:09501717040402VZCRVECAAXXX40812675430404021720N}{3:{108:SCONNECT}}{4:
:20:MI081215
:25:2222222222
:28C:0519/109
:60M:C081215VEF000009430004,92
:61:081215C000000005000,00NTRF000000126015//180007
PAGO
:61:081215C000000001500,00NTRF000000125859//180007
PAGO
:61:081215C000000001827,21NTRF000000124745//180007
PAGO
:61:081215C000000000200,00NTRF000000124710//180007
PAGO
:61:081215C000000000885,00NTRF000000125834//180007
PAGO
:61:081215C000000000155,00NTRF000000125715//180007
PAGO
:61:081215C000000975864,99NTRF000000125716//180007
PAGO
:61:081215C000000002009,00NTRF000000125667//180007
PAGO
:61:081215C000000000200,00NTRF000000125613//180007
PAGO
:62M:C081215VEF000010417646,12
-}{5:{CHK:1143FB20924B}}{S:{COP:S}}${1:F21VZCRVECAAXXX5410610696}{4:{177:0404021720}{451:0}}{1:F01VZCRVECAAXXX5410610696}{2:09501717040402VZCRVECAAXXX40812675430404021720N}{3:{108:SCONNECT}}{4:
:20:MI081215
:25:2222222222
:28C:0519/110
:60M:C081215VEF000010417646,12
:61:081215C000000000500,00NTRF000000125584//180007
PAGO
:61:081215C000000000090,00NTRF000000125065//180007
PAGO
:61:081215C000000008100,00NTRF000000125036//180007
PAGO
:61:081215C000000001200,00NTRF000000124855//180007
PAGO
:61:081215C000000100000,00NTRF000000126210//180007
PAGO
:61:081215C000000001000,00NTRF000000124376//180007
PAGO
:61:081215C000000001200,00NTRF000000001909//180007
PAGO
:61:081215C000000000090,00NTRF000000001987//180007
PAGO
:61:081215C000000000200,00NTRF000000001776//180007
PAGO
:62M:C081215VEF000010530026,12
-}{5:{CHK:1143FB20924B}}{S:{COP:S}}${1:F21VZCRVECAAXXX5410610696}{4:{177:0404021720}{451:0}}{1:F01VZCRVECAAXXX5410610696}{2:09501717040402VZCRVECAAXXX40812675430404021720N}{3:{108:SCONNECT}}{4:
:20:MI081215
:25:2222222222
:28C:0519/111
:60M:C081215VEF000010530026,12
:61:081215C000000006000,00NTRF000000001567//180007
PAGO
:61:081215C000000000800,00NTRF000000001347//180007
PAGO
:61:081215C000000034758,19NTRF000000001073//180007
PAGO
:61:081215C000000003540,00NTRF000000001773//180007
PAGO
:61:081215C000000000500,00NTRF000000002074//180007
PAGO
:61:081215C000000000300,00NTRF000000134182//180007
PAGO
:61:081215C000000001000,00NTRF000000134207//180007
PAGO
:61:081215C000000002500,00NTRF000000134209//180007
PAGO
:61:081215C000000000750,00NTRF000000135784//180007
PAGO
:62M:C081215VEF000010580174,31
-}{5:{CHK:1143FB20924B}}{S:{COP:S}}${1:F21VZCRVECAAXXX5410610696}{4:{177:0404021720}{451:0}}{1:F01VZCRVECAAXXX5410610696}{2:09501717040402VZCRVECAAXXX40812675430404021720N}{3:{108:SCONNECT}}{4:
:20:MI081215
:25:2222222222
:28C:0519/112
:60M:C081215VEF000010580174,31
:61:081215C000000000100,00NTRF000000135722//180007
PAGO
:61:081215C000000000100,00NTRF000000135566//180007
PAGO
:61:081215C000000002000,00NTRF000000135530//180007
PAGO
:61:081215C000000001000,00NTRF000000135409//180007
PAGO
:61:081215C000000000150,00NTRF000000134982//180007
PAGO
:61:081215C000000001467,58NTRF000000134941//180007
PAGO
:61:081215C000000001760,00NTRF000000134921//180007
PAGO
:61:081215C000000001236,40NTRF000000134897//180007
PAGO
:61:081215C000000000175,00NTRF000000134738//180007
PAGO
:62M:C081215VEF000010588163,29
-}{5:{CHK:1143FB20924B}}{S:{COP:S}}${1:F21VZCRVECAAXXX5410610696}{4:{177:0404021720}{451:0}}{1:F01VZCRVECAAXXX5410610696}{2:09501717040402VZCRVECAAXXX40812675430404021720N}{3:{108:SCONNECT}}{4:
:20:MI081215
:25:2222222222
:28C:0519/113
:60M:C081215VEF000010588163,29
:61:081215C000000004140,00NTRF000000134739//180007
PAGO
:61:081215C000000003500,00NTRF000000134716//180007
PAGO
:61:081215C000000003000,00NTRF000000134664//180007
PAGO
:61:081215C000000000800,00NTRF000000134620//180007
PAGO
:61:081215C000000008965,80NTRF000000134627//180007
PAGO
:61:081215C000000019113,35NTRF000000134589//180007
PAGO
:61:081215C000000000100,00NTRF000000134464//180007
PAGO
:61:081215C000000000072,00NTRF000000134424//180007
PAGO
:61:081215C000000000150,00NTRF000000134367//180007
PAGO
:62M:C081215VEF000010628004,44
-}{5:{CHK:1143FB20924B}}{S:{COP:S}}${1:F21VZCRVECAAXXX5410610696}{4:{177:0404021720}{451:0}}{1:F01VZCRVECAAXXX5410610696}{2:09501717040402VZCRVECAAXXX40812675430404021720N}{3:{108:SCONNECT}}{4:
:20:MI081215
:25:2222222222
:28C:0519/114
:60M:C081215VEF000010628004,44
:61:081215C000000000200,00NTRF000000134319//180007
PAGO
:61:081215C000000007000,00NTRF000000134238//180007
PAGO
:61:081215C000000004000,00NTRF000052489414//180007
PAGO
:61:081215C000000001000,00NTRF000000114815//180007
PAGO
:61:081215C000000000195,91NTRF000000116405//180007
PAGO
:61:081215C000000000250,00NTRF000000116373//180007
PAGO
:61:081215C000000000060,00NTRF000000116297//180007
PAGO
:61:081215C000000005400,00NTRF000000116273//180007
PAGO
:61:081215C000000000500,00NTRF000000115724//180007
PAGO
:62M:C081215VEF000010646610,35
-}{5:{CHK:1143FB20924B}}{S:{COP:S}}${1:F21VZCRVECAAXXX5410610696}{4:{177:0404021720}{451:0}}{1:F01VZCRVECAAXXX5410610696}{2:09501717040402VZCRVECAAXXX40812675430404021720N}{3:{108:SCONNECT}}{4:
:20:MI081215
:25:2222222222
:28C:0519/115
:60M:C081215VEF000010646610,35
:61:081215C000000003050,00NTRF000000115666//180007
PAGO
:61:081215C000000000306,00NTRF000000115607//180007
PAGO
:61:081215C000000002000,00NTRF000000116161//180007
PAGO
:61:081215C000000004172,42NTRF000000116096//180007
PAGO
:61:081215C000000000250,00NTRF000000116060//180007
PAGO
:61:081215C000000001415,00NTRF000000116049//180007
PAGO
:61:081215C000000002250,00NTRF000000115953//180007
PAGO
:61:081215C000000000326,00NTRF000000115956//180007
PAGO
:61:081215C000000002000,00NTRF000000115831//180007
PAGO
:62M:C081215VEF000010662379,77
-}{5:{CHK:1143FB20924B}}{S:{COP:S}}${1:F21VZCRVECAAXXX5410610696}{4:{177:0404021720}{451:0}}{1:F01VZCRVECAAXXX5410610696}{2:09501717040402VZCRVECAAXXX40812675430404021720N}{3:{108:SCONNECT}}{4:
:20:MI081215
:25:2222222222
:28C:0519/116
:60M:C081215VEF000010662379,77
:61:081215C000000010000,00NTRF000000115798//180007
PAGO
:61:081215C000000000971,00NTRF000000115135//180007
PAGO
:61:081215C000000000500,00NTRF000000115096//180007
PAGO
:61:081215C000000001300,00NTRF000000115102//180007
PAGO
:61:081215C000000002000,00NTRF000000114986//180007
PAGO
:61:081215C000000001200,00NTRF000000115760//180007
PAGO
:61:081215C000000000300,00NTRF000000115561//180007
PAGO
:61:081215C000000000815,00NTRF000000115492//180007
PAGO
:61:081215C000000001278,00NTRF000000115493//180007
PAGO
:62M:C081215VEF000010680743,77
-}{5:{CHK:1143FB20924B}}{S:{COP:S}}${1:F21VZCRVECAAXXX5410610696}{4:{177:0404021720}{451:0}}{1:F01VZCRVECAAXXX5410610696}{2:09501717040402VZCRVECAAXXX40812675430404021720N}{3:{108:SCONNECT}}{4:
:20:MI081215
:25:2222222222
:28C:0519/117
:60M:C081215VEF000010680743,77
:61:081215C000000001115,93NTRF000000115390//180007
PAGO
:61:081215C000000000250,00NTRF000000115361//180007
PAGO
:61:081215C000000000500,00NTRF000000115280//180007
PAGO
:61:081215C000000000100,00NTRF000000115240//180007
PAGO
:61:081215C000000000550,00NTRF000000115183//180007
PAGO
:61:081215C000000000350,00NTRF000000116205//180007
PAGO
:61:081215C000000007500,00NTRF000000116269//180007
PAGO
:61:081215C000000002056,00NTRF000000116345//180007
PAGO
:61:081215C000000000220,00NTRF000000116406//180007
PAGO
:62M:C081215VEF000010693385,70
-}{5:{CHK:1143FB20924B}}{S:{COP:S}}${1:F21VZCRVECAAXXX5410610696}{4:{177:0404021720}{451:0}}{1:F01VZCRVECAAXXX5410610696}{2:09501717040402VZCRVECAAXXX40812675430404021720N}{3:{108:SCONNECT}}{4:
:20:MI081215
:25:2222222222
:28C:0519/118
:60M:C081215VEF000010693385,70
:61:081215C000000000500,00NTRF000000114834//180007
PAGO
:61:081215C000000000080,00NTRF000000114843//180007
PAGO
:61:081215C000000015557,95NTRF000000849480//180007
PAGO
:61:081215C000000000273,98NTRF000000850397//180007
PAGO
:61:081215C000000110000,00NTRF000000854032//180007
PAGO
:61:081215C000000002808,00NTRF000000850382//180007
PAGO
:61:081215C000000001000,00NTRF000000118704//180007
PAGO
:61:081215C000000005000,00NTRF000000118716//180007
PAGO
:61:081215C000000000433,46NTRF000000117795//180007
PAGO
:62M:C081215VEF000010829039,09
-}{5:{CHK:1143FB20924B}}{S:{COP:S}}${1:F21VZCRVECAAXXX5410610696}{4:{177:0404021720}{451:0}}{1:F01VZCRVECAAXXX5410610696}{2:09501717040402VZCRVECAAXXX40812675430404021720N}{3:{108:SCONNECT}}{4:
:20:MI081215
:25:2222222222
:28C:0519/119
:60M:C081215VEF000010829039,09
:61:081215C000000001500,00NTRF000000117724//180007
PAGO
:61:081215C000000005000,00NTRF000000117335//180007
PAGO
:61:081215C000000000065,00NTRF000000089375//180007
PAGO
:61:081215C000000000065,00NTRF000000089377//180007
PAGO
:61:081215C000000000732,00NTRF000000118335//180007
PAGO
:61:081215C000000000505,00NTRF000000118309//180007
PAGO
:61:081215C000000000532,00NTRF000000118281//180007
PAGO
:61:081215C000000001000,00NTRF000000118293//180007
PAGO
:61:081215C000000001250,00NTRF000000118271//180007
PAGO
:62M:C081215VEF000010839688,09
-}{5:{CHK:1143FB20924B}}{S:{COP:S}}${1:F21VZCRVECAAXXX5410610696}{4:{177:0404021720}{451:0}}{1:F01VZCRVECAAXXX5410610696}{2:09501717040402VZCRVECAAXXX40812675430404021720N}{3:{108:SCONNECT}}{4:
:20:MI081215
:25:2222222222
:28C:0519/120
:60M:C081215VEF000010839688,09
:61:081215C000000003000,00NTRF000000118245//180007
PAGO
:61:081215C000000000373,00NTRF000000118214//180007
PAGO
:61:081215C000000002000,00NTRF000000118182//180007
PAGO
:61:081215C000000002500,00NTRF000000118139//180007
PAGO
:61:081215C000000003800,00NTRF000000118112//180007
PAGO
:61:081215C000000000245,04NTRF000000118090//180007
PAGO
:61:081215C000000000520,00NTRF000000117989//180007
PAGO
:61:081215C000000001000,00NTRF000000117992//180007
PAGO
:61:081215C000000000010,00NTRF000000089561//180007
PAGO
:62M:C081215VEF000010853136,13
-}{5:{CHK:1143FB20924B}}{S:{COP:S}}${1:F21VZCRVECAAXXX5410610696}{4:{177:0404021720}{451:0}}{1:F01VZCRVECAAXXX5410610696}{2:09501717040402VZCRVECAAXXX40812675430404021720N}{3:{108:SCONNECT}}{4:
:20:MI081215
:25:2222222222
:28C:0519/121
:60M:C081215VEF000010853136,13
:61:081215C000000000400,00NTRF000000089484//180007
PAGO
:61:081215C000000001487,00NTRF000000089196//180007
PAGO
:61:081215C000000000440,00NTRF000000118900//180007
PAGO
:61:081215C000000000200,00NTRF000000534498//180007
PAGO
:61:081215C000000000410,00NTRF000000534790//180007
PAGO
:61:081215C000000000700,00NTRF000003033310//180007
PAGO
:61:081215C000000000800,00NTRF000003029804//180007
PAGO
:61:081215C000000000380,00NTRF000003034725//180007
PAGO
:61:081215C000000006650,20NTRF000000332878//180007
PAGO
:62M:C081215VEF000010864603,33
-}{5:{CHK:1143FB20924B}}{S:{COP:S}}${1:F21VZCRVECAAXXX5410610696}{4:{177:0404021720}{451:0}}{1:F01VZCRVECAAXXX5410610696}{2:09501717040402VZCRVECAAXXX40812675430404021720N}{3:{108:SCONNECT}}{4:
:20:MI081215
:25:2222222222
:28C:0519/122
:60M:C081215VEF000010864603,33
:61:081215C000000007000,00NTRF000000332831//180007
PAGO
:61:081215C000000050000,00NTRF000000332911//180007
PAGO
:61:081215C000000020570,00NTRF000000332549//180007
PAGO
:61:081215C000000000600,00NTRF000000333029//180007
PAGO
:61:081215C000000001865,00NTRF000000331426//180007
PAGO
:61:081215C000000001000,00NTRF000027371001//180007
PAGO
:61:081215C000000003200,00NTRF000027370736//180007
PAGO
:61:081215C000000000595,00NTRF000095120001//180007
PAGO
:61:081215C000000000484,00NTRF000050067435//180007
PAGO
:62M:C081215VEF000010949917,33
-}{5:{CHK:1143FB20924B}}{S:{COP:S}}${1:F21VZCRVECAAXXX5410610696}{4:{177:0404021720}{451:0}}{1:F01VZCRVECAAXXX5410610696}{2:09501717040402VZCRVECAAXXX40812675430404021720N}{3:{108:SCONNECT}}{4:
:20:MI081215
:25:2222222222
:28C:0519/123
:60M:C081215VEF000010949917,33
:61:081215C000000001000,00NTRF000026079856//180007
PAGO
:61:081215C000000000686,00NTRF000012150001//180007
PAGO
:61:081215C000000014466,12NTRF000012001624//180007
PAGO
:61:081215C000000080717,49NTRF000012001643//180007
PAGO
:61:081215C000000004308,08NTRF000012001644//180007
PAGO
:61:081215C000000000358,39NTRF000002213326//180007
PAGO
:61:081215C000000005997,09NTRF000012001619//180007
PAGO
:61:081215C000000006207,37NTRF000012001635//180007
PAGO
:61:081215C000000001000,00NTRF000000000015//180007
PAGO
:62M:C081215VEF000011064657,87
-}{5:{CHK:1143FB20924B}}{S:{COP:S}}${1:F21VZCRVECAAXXX5410610696}{4:{177:0404021720}{451:0}}{1:F01VZCRVECAAXXX5410610696}{2:09501717040402VZCRVECAAXXX40812675430404021720N}{3:{108:SCONNECT}}{4:
:20:MI081215
:25:2222222222
:28C:0519/124
:60M:C081215VEF000011064657,87
:61:081215C000000005000,00NTRF000000000000//180007
PAGO
:61:081215C000000000350,00NTRF000000000012//180007
PAGO
:61:081215C000000000210,00NTRF000000000000//180007
PAGO
:61:081215C000000000050,00NTRF000000000000//180007
PAGO
:61:081215C000000001500,00NTRF000095120001//180007
PAGO
:61:081215C000000000010,00NTRF000095120001//180007
PAGO
:61:081215C000000002000,00NTRF000000000000//180007
PAGO
:61:081215C000000000825,00NTRF000000000000//180007
PAGO
:61:081215C000000005512,65NTRF000000113216//180007
PAGO
:62M:C081215VEF000011080115,52
-}{5:{CHK:1143FB20924B}}{S:{COP:S}}${1:F21VZCRVECAAXXX5410610696}{4:{177:0404021720}{451:0}}{1:F01VZCRVECAAXXX5410610696}{2:09501717040402VZCRVECAAXXX40812675430404021720N}{3:{108:SCONNECT}}{4:
:20:MI081215
:25:2222222222
:28C:0519/125
:60M:C081215VEF000011080115,52
:61:081215C000000001164,39NTRF000000113268//180007
PAGO
:61:081215C000000000300,00NTRF000027369874//180007
PAGO
:61:081215C000000000125,00NTRF000027370242//180007
PAGO
:61:081215C000000000180,00NTRF000027369652//180007
PAGO
:61:081215C000000001800,00NTRF000027369177//180007
PAGO
:61:081215C000000000500,00NTRF000027369214//180007
PAGO
:61:081215C000000000247,00NTRF000027369154//180007
PAGO
:61:081215C000000000190,00NTRF000000030264//180007
PAGO
:61:081215C000000000500,00NTRF000000030261//180007
PAGO
:62M:C081215VEF000011085121,91
-}{5:{CHK:1143FB20924B}}{S:{COP:S}}${1:F21VZCRVECAAXXX5410610696}{4:{177:0404021720}{451:0}}{1:F01VZCRVECAAXXX5410610696}{2:09501717040402VZCRVECAAXXX40812675430404021720N}{3:{108:SCONNECT}}{4:
:20:MI081215
:25:2222222222
:28C:0519/126
:60M:C081215VEF000011085121,91
:61:081215C000000000500,00NTRF000000000742//180007
PAGO
:61:081215C000000000700,00NTRF000000000844//180007
PAGO
:61:081215C000000001272,83NTRF000000000885//180007
PAGO
:61:081215C000000000400,00NTRF000000325064//180007
PAGO
:61:081215C000000000500,00NTRF000000151208//180007
PAGO
:61:081215C000000001500,00NTRF000000000012//180007
PAGO
:61:081215C000000000550,00NTRF000001212082//180007
PAGO
:61:081215C000000001575,35NTRF000015122008//180007
PAGO
:61:081215C000000000288,00NTRF000015122008//180007
PAGO
:62M:C081215VEF000011092408,09
-}{5:{CHK:1143FB20924B}}{S:{COP:S}}${1:F21VZCRVECAAXXX5410610696}{4:{177:0404021720}{451:0}}{1:F01VZCRVECAAXXX5410610696}{2:09501717040402VZCRVECAAXXX40812675430404021720N}{3:{108:SCONNECT}}{4:
:20:MI081215
:25:2222222222
:28C:0519/127
:60M:C081215VEF000011092408,09
:61:081215C000000000200,00NTRF000015122008//180007
PAGO
:61:081215C000000009000,00NTRF000015122008//180007
PAGO
:61:081215C000000000200,00NTRF000015122008//180007
PAGO
:61:081215C000000000500,00NTRF000015122008//180007
PAGO
:61:081215C000000000109,93NTRF000015122008//180007
PAGO
:61:081215C000000003000,00NTRF000015122008//180007
PAGO
:61:081215C000000000191,00NTRF000015122008//180007
PAGO
:61:081215C000000000400,00NTRF000015122008//180007
PAGO
:61:081215C000000001000,00NTRF000015122008//180007
PAGO
:62M:C081215VEF000011107009,02
-}{5:{CHK:1143FB20924B}}{S:{COP:S}}${1:F21VZCRVECAAXXX5410610696}{4:{177:0404021720}{451:0}}{1:F01VZCRVECAAXXX5410610696}{2:09501717040402VZCRVECAAXXX40812675430404021720N}{3:{108:SCONNECT}}{4:
:20:MI081215
:25:2222222222
:28C:0519/128
:60M:C081215VEF000011107009,02
:61:081215C000000000300,00NTRF000015122008//180007
PAGO
:61:081215C000000000050,00NTRF000015122008//180007
PAGO
:61:081215C000000002800,00NTRF000015122008//180007
PAGO
:61:081215C000000000066,00NTRF000015122008//180007
PAGO
:61:081215C000000003000,00NTRF000015122008//180007
PAGO
:61:081215C000000004000,00NTRF000015122008//180007
PAGO
:61:081215C000000001042,90NTRF000063038419//180007
PAGO
:61:081215C000000001000,00NTRF000015604479//180007
PAGO
:61:081215C000000000640,00NTRF000064427649//180007
PAGO
:62M:C081215VEF000011119907,92
-}{5:{CHK:1143FB20924B}}{S:{COP:S}}${1:F21VZCRVECAAXXX5410610696}{4:{177:0404021720}{451:0}}{1:F01VZCRVECAAXXX5410610696}{2:09501717040402VZCRVECAAXXX40812675430404021720N}{3:{108:SCONNECT}}{4:
:20:MI081215
:25:2222222222
:28C:0519/129
:60M:C081215VEF000011119907,92
:61:081215C000000007000,00NTRF000026044997//180007
PAGO
:61:081215C000000001191,60NTRF000026043206//180007
PAGO
:61:081215C000000002200,00NTRF000003184733//180007
PAGO
:61:081215C000000000330,41NTRF000027366481//180007
PAGO
:61:081215C000000000540,00NTRF000027360871//180007
PAGO
:61:081215C000000000750,00NTRF000027361664//180007
PAGO
:61:081215C000000013800,00NTRF000027362408//180007
PAGO
:61:081215C000000000400,00NTRF000027362469//180007
PAGO
:61:081215C000000000250,00NTRF000027362613//180007
PAGO
:62M:C081215VEF000011146369,93
-}{5:{CHK:1143FB20924B}}{S:{COP:S}}${1:F21VZCRVECAAXXX5410610696}{4:{177:0404021720}{451:0}}{1:F01VZCRVECAAXXX5410610696}{2:09501717040402VZCRVECAAXXX40812675430404021720N}{3:{108:SCONNECT}}{4:
:20:MI081215
:25:2222222222
:28C:0519/130
:60M:C081215VEF000011146369,93
:61:081215C000000000150,00NTRF000027359356//180007
PAGO
:61:081215C000000000500,00NTRF000027359357//180007
PAGO
:61:081215C000000015830,00NTRF000027364097//180007
PAGO
:61:081215C000000000800,00NTRF000027364282//180007
PAGO
:61:081215C000000000100,00NTRF000027360058//180007
PAGO
:61:081215C000000000664,58NTRF000027360041//180007
PAGO
:61:081215C000000000120,00NTRF000027360301//180007
PAGO
:61:081215C000000001500,00NTRF000027364424//180007
PAGO
:61:081215C000000000500,00NTRF000027364769//180007
PAGO
:62M:C081215VEF000011166534,51
-}{5:{CHK:1143FB20924B}}{S:{COP:S}}${1:F21VZCRVECAAXXX5410610696}{4:{177:0404021720}{451:0}}{1:F01VZCRVECAAXXX5410610696}{2:09501717040402VZCRVECAAXXX40812675430404021720N}{3:{108:SCONNECT}}{4:
:20:MI081215
:25:2222222222
:28C:0519/131
:60M:C081215VEF000011166534,51
:61:081215C000000000360,00NTRF000027365254//180007
PAGO
:61:081215C000000001200,00NTRF000027366284//180007
PAGO
:61:081215C000000000535,00NTRF000000111332//180007
PAGO
:61:081215C000000000935,00NTRF000000101606//180007
PAGO
:61:081215C000000000900,00NTRF000000001911//180007
PAGO
:61:081215C000000001100,00NTRF000000056128//180007
PAGO
:61:081215C000000002000,00NTRF000000266364//180007
PAGO
:61:081215C000000000500,00NTRF000000206137//180007
PAGO
:61:081215C000000000200,00NTRF000000272631//180007
PAGO
:62M:C081215VEF000011174264,51
-}{5:{CHK:1143FB20924B}}{S:{COP:S}}${1:F21VZCRVECAAXXX5410610696}{4:{177:0404021720}{451:0}}{1:F01VZCRVECAAXXX5410610696}{2:09501717040402VZCRVECAAXXX40812675430404021720N}{3:{108:SCONNECT}}{4:
:20:MI081215
:25:2222222222
:28C:0519/132
:60M:C081215VEF000011174264,51
:61:081215C000000018000,00NTRF000000268088//180007
PAGO
:61:081215C000000025000,00NTRF000000133507//180007
PAGO
:61:081215C000000003500,00NTRF000000231731//180007
PAGO
:61:081215C000000000400,00NTRF000000266189//180007
PAGO
:61:081215C000000007355,00NTRF000000297559//180007
PAGO
:61:081215C000000000500,00NTRF000000204104//180007
PAGO
:61:081215C000000000065,00NTRF000000992157//180007
PAGO
:61:081215C000000000500,00NTRF000000269211//180007
PAGO
:61:081215C000000000600,00NTRF000000030109//180007
PAGO
:62M:C081215VEF000011230184,51
-}{5:{CHK:1143FB20924B}}{S:{COP:S}}${1:F21VZCRVECAAXXX5410610696}{4:{177:0404021720}{451:0}}{1:F01VZCRVECAAXXX5410610696}{2:09501717040402VZCRVECAAXXX40812675430404021720N}{3:{108:SCONNECT}}{4:
:20:MI081215
:25:2222222222
:28C:0519/133
:60M:C081215VEF000011230184,51
:61:081215C000000000300,00NTRF000000030111//180007
PAGO
:61:081215C000000003900,00NTRF000000030129//180007
PAGO
:61:081215C000000000480,00NTRF000000030118//180007
PAGO
:61:081215C000000000500,00NTRF000000030159//180007
PAGO
:61:081215C000000002500,00NTRF000000000000//180007
PAGO
:61:081215C000000000500,00NTRF000026038052//180007
PAGO
:61:081215C000000000300,00NTRF000026036957//180007
PAGO
:61:081215C000000000380,00NTRF000015122008//180007
PAGO
:61:081215C000000000200,00NTRF000000095578//180007
PAGO
:62M:C081215VEF000011239244,51
-}{5:{CHK:1143FB20924B}}{S:{COP:S}}${1:F21VZCRVECAAXXX5410610696}{4:{177:0404021720}{451:0}}{1:F01VZCRVECAAXXX5410610696}{2:09501717040402VZCRVECAAXXX40812675430404021720N}{3:{108:SCONNECT}}{4:
:20:MI081215
:25:2222222222
:28C:0519/134
:60M:C081215VEF000011239244,51
:61:081215C000000010000,00NTRF000000095455//180007
PAGO
:61:081215C000000001000,00NTRF000000095447//180007
PAGO
:61:081215C000000002500,00NTRF000000095454//180007
PAGO
:61:081215C000000000300,00NTRF000000095396//180007
PAGO
:61:081215C000000001350,00NTRF000000095453//180007
PAGO
:61:081215C000000001120,00NTRF000000040316//180007
PAGO
:61:081215C000000000510,00NTRF000000040023//180007
PAGO
:61:081215C000000004000,00NTRF000000095245//180007
PAGO
:61:081215C000000001400,00NTRF000000040607//180007
PAGO
:62M:C081215VEF000011261424,51
-}{5:{CHK:1143FB20924B}}{S:{COP:S}}${1:F21VZCRVECAAXXX5410610696}{4:{177:0404021720}{451:0}}{1:F01VZCRVECAAXXX5410610696}{2:09501717040402VZCRVECAAXXX40812675430404021720N}{3:{108:SCONNECT}}{4:
:20:MI081215
:25:2222222222
:28C:0519/135
:60M:C081215VEF000011261424,51
:61:081215C000000000482,66NTRF000000040535//180007
PAGO
:61:081215C000000002000,00NTRF000000040526//180007
PAGO
:61:081215C000000001549,81NTRF000000040480//180007
PAGO
:61:081215C000000000212,50NTRF000000040437//180007
PAGO
:61:081215C000000001050,00NTRF000000040372//180007
PAGO
:61:081215C000000001050,00NTRF000000040373//180007
PAGO
:61:081215C000000006000,00NTRF000000040355//180007
PAGO
:61:081215C000000000150,00NTRF000000040226//180007
PAGO
:61:081215C000000000500,00NTRF000000040174//180007
PAGO
:62M:C081215VEF000011274419,48
-}{5:{CHK:1143FB20924B}}{S:{COP:S}}${1:F21VZCRVECAAXXX5410610696}{4:{177:0404021720}{451:0}}{1:F01VZCRVECAAXXX5410610696}{2:09501717040402VZCRVECAAXXX40812675430404021720N}{3:{108:SCONNECT}}{4:
:20:MI081215
:25:2222222222
:28C:0519/136
:60M:C081215VEF000011274419,48
:61:081215C000000003000,00NTRF000000040084//180007
PAGO
:61:081215C000000006500,00NTRF000000040030//180007
PAGO
:61:081215C000000000450,00NTRF000000095491//180007
PAGO
:61:081215C000000001000,00NTRF000000095586//180007
PAGO
:61:081215C000000001000,00NTRF000000096207//180007
PAGO
:61:081215C000000007700,09NTRF000000096163//180007
PAGO
:61:081215C000000000040,00NTRF000000096045//180007
PAGO
:61:081215C000000002000,00NTRF000000095981//180007
PAGO
:61:081215C000000003000,00NTRF000000095892//180007
PAGO
:62M:C081215VEF000011299109,57
-}{5:{CHK:1143FB20924B}}{S:{COP:S}}${1:F21VZCRVECAAXXX5410610696}{4:{177:0404021720}{451:0}}{1:F01VZCRVECAAXXX5410610696}{2:09501717040402VZCRVECAAXXX40812675430404021720N}{3:{108:SCONNECT}}{4:
:20:MI081215
:25:2222222222
:28C:0519/137
:60M:C081215VEF000011299109,57
:61:081215C000000000300,00NTRF000000095850//180007
PAGO
:61:081215C000000001000,00NTRF000000095729//180007
PAGO
:61:081215C000000000267,09NTRF000000095655//180007
PAGO
:61:081215C000000006000,00NTRF000000095624//180007
PAGO
:61:081215C000000006000,00NTRF000000095625//180007
PAGO
:61:081215C000000010000,00NTRF000000095626//180007
PAGO
:61:081215C000000010000,00NTRF000000095627//180007
PAGO
:61:081215C000000001700,00NTRF000000095889//180007
PAGO
:61:081215C000000000680,00NTRF000000095951//180007
PAGO
:62M:C081215VEF000011335056,66
-}{5:{CHK:1143FB20924B}}{S:{COP:S}}${1:F21VZCRVECAAXXX5410610696}{4:{177:0404021720}{451:0}}{1:F01VZCRVECAAXXX5410610696}{2:09501717040402VZCRVECAAXXX40812675430404021720N}{3:{108:SCONNECT}}{4:
:20:MI081215
:25:2222222222
:28C:0519/138
:60M:C081215VEF000011335056,66
:61:081215C000000000100,00NTRF000000095991//180007
PAGO
:61:081215C000000000350,00NTRF000000096100//180007
PAGO
:61:081215C000000000200,00NTRF000000096319//180007
PAGO
:61:081215C000000000170,00NTRF000000096426//180007
PAGO
:61:081215C000000002500,00NTRF000000097088//180007
PAGO
:61:081215C000000000930,00NTRF000000096855//180007
PAGO
:61:081215C000000002250,00NTRF000000096624//180007
PAGO
:61:081215C000000001715,00NTRF000000096492//180007
PAGO
:61:081215C000000001000,00NTRF000000096455//180007
PAGO
:62M:C081215VEF000011344271,66
-}{5:{CHK:1143FB20924B}}{S:{COP:S}}${1:F21VZCRVECAAXXX5410610696}{4:{177:0404021720}{451:0}}{1:F01VZCRVECAAXXX5410610696}{2:09501717040402VZCRVECAAXXX40812675430404021720N}{3:{108:SCONNECT}}{4:
:20:MI081215
:25:2222222222
:28C:0519/139
:60M:C081215VEF000011344271,66
:61:081215C000000006000,00NTRF000000096479//180007
PAGO
:61:081215C000000000300,00NTRF000000096543//180007
PAGO
:61:081215C000000000050,00NTRF000000096786//180007
PAGO
:61:081215C000000000060,00NTRF000000095335//180007
PAGO
:61:081215C000000003500,00NTRF000000095699//180007
PAGO
:61:081215C000000000600,00NTRF000000071270//180007
PAGO
:61:081215C000000000500,00NTRF000000039946//180007
PAGO
:61:081215C000000000200,00NTRF000000039880//180007
PAGO
:61:081215C000000000040,00NTRF000000039829//180007
PAGO
:62M:C081215VEF000011355521,66
-}{5:{CHK:1143FB20924B}}{S:{COP:S}}${1:F21VZCRVECAAXXX5410610696}{4:{177:0404021720}{451:0}}{1:F01VZCRVECAAXXX5410610696}{2:09501717040402VZCRVECAAXXX40812675430404021720N}{3:{108:SCONNECT}}{4:
:20:MI081215
:25:2222222222
:28C:0519/140
:60M:C081215VEF000011355521,66
:61:081215C000000005100,00NTRF000000039485//180007
PAGO
:61:081215C000000005500,00NTRF000000039439//180007
PAGO
:61:081215C000000001900,00NTRF000000039917//180007
PAGO
:61:081215C000000000400,00NTRF000000039929//180007
PAGO
:61:081215C000000000500,00NTRF000000039949//180007
PAGO
:61:081215C000000001000,00NTRF000000103131//180007
PAGO
:61:081215C000000000275,00NTRF000000102970//180007
PAGO
:61:081215C000000000200,00NTRF000000102925//180007
PAGO
:61:081215C000000005000,00NTRF000000102868//180007
PAGO
:62M:C081215VEF000011375396,66
-}{5:{CHK:1143FB20924B}}{S:{COP:S}}${1:F21VZCRVECAAXXX5410610696}{4:{177:0404021720}{451:0}}{1:F01VZCRVECAAXXX5410610696}{2:09501717040402VZCRVECAAXXX40812675430404021720N}{3:{108:SCONNECT}}{4:
:20:MI081215
:25:2222222222
:28C:0519/141
:60M:C081215VEF000011375396,66
:61:081215C000000001000,00NTRF000000098893//180007
PAGO
:61:081215C000000003000,00NTRF000000071594//180007
PAGO
:61:081215C000000000600,00NTRF000000071537//180007
PAGO
:61:081215C000000005029,00NTRF000000071129//180007
PAGO
:61:081215C000000005000,00NTRF000000071130//180007
PAGO
:61:081215C000000001250,00NTRF000000071099//180007
PAGO
:61:081215C000000001250,00NTRF000000071098//180007
PAGO
:61:081215C000000005000,00NTRF000000070941//180007
PAGO
:61:081215C000000005000,00NTRF000000070942//180007
PAGO
:62M:C081215VEF000011402525,66
-}{5:{CHK:1143FB20924B}}{S:{COP:S}}${1:F21VZCRVECAAXXX5410610696}{4:{177:0404021720}{451:0}}{1:F01VZCRVECAAXXX5410610696}{2:09501717040402VZCRVECAAXXX40812675430404021720N}{3:{108:SCONNECT}}{4:
:20:MI081215
:25:2222222222
:28C:0519/142
:60M:C081215VEF000011402525,66
:61:081215C000000003473,85NTRF000000070918//180007
PAGO
:61:081215C000000003000,00NTRF000000070901//180007
PAGO
:61:081215C000000000362,50NTRF000000070817//180007
PAGO
:61:081215C000000003750,00NTRF000000070698//180007
PAGO
:61:081215C000000000423,44NTRF000000071297//180007
PAGO
:61:081215C000000000180,00NTRF000000072447//180007
PAGO
:61:081215C000000000702,00NTRF000000072366//180007
PAGO
:61:081215C000000001500,00NTRF000000072340//180007
PAGO
:61:081215C000000004550,00NTRF000000072232//180007
PAGO
:62M:C081215VEF000011420467,45
-}{5:{CHK:1143FB20924B}}{S:{COP:S}}${1:F21VZCRVECAAXXX5410610696}{4:{177:0404021720}{451:0}}{1:F01VZCRVECAAXXX5410610696}{2:09501717040402VZCRVECAAXXX40812675430404021720N}{3:{108:SCONNECT}}{4:
:20:MI081215
:25:2222222222
:28C:0519/143
:60M:C081215VEF000011420467,45
:61:081215C000000002000,00NTRF000000072146//180007
PAGO
:61:081215C000000000600,00NTRF000000071968//180007
PAGO
:61:081215C000000000770,00NTRF000000071937//180007
PAGO
:61:081215C000000000150,00NTRF000000071941//180007
PAGO
:61:081215C000000004000,00NTRF000000071620//180007
PAGO
:61:081215C000000000700,00NTRF000000098081//180007
PAGO
:61:081215C000000000215,26NTRF000000098064//180007
PAGO
:61:081215C000000000400,00NTRF000000097588//180007
PAGO
:61:081215C000000001500,00NTRF000000097590//180007
PAGO
:62M:C081215VEF000011430802,71
-}{5:{CHK:1143FB20924B}}{S:{COP:S}}${1:F21VZCRVECAAXXX5410610696}{4:{177:0404021720}{451:0}}{1:F01VZCRVECAAXXX5410610696}{2:09501717040402VZCRVECAAXXX40812675430404021720N}{3:{108:SCONNECT}}{4:
:20:MI081215
:25:2222222222
:28C:0519/144
:60M:C081215VEF000011430802,71
:61:081215C000000001303,00NTRF000000097594//180007
PAGO
:61:081215C000000006000,00NTRF000000097538//180007
PAGO
:61:081215C000000001400,00NTRF000000097459//180007
PAGO
:61:081215C000000006000,00NTRF000000097409//180007
PAGO
:61:081215C000000000040,00NTRF000000097380//180007
PAGO
:61:081215C000000000100,00NTRF000000097313//180007
PAGO
:61:081215C000000000400,00NTRF000000097299//180007
PAGO
:61:081215C000000000665,00NTRF000000097295//180007
PAGO
:61:081215C000000012000,00NTRF000000097216//180007
PAGO
:62M:C081215VEF000011458710,71
-}{5:{CHK:1143FB20924B}}{S:{COP:S}}${1:F21VZCRVECAAXXX5410610696}{4:{177:0404021720}{451:0}}{1:F01VZCRVECAAXXX5410610696}{2:09501717040402VZCRVECAAXXX40812675430404021720N}{3:{108:SCONNECT}}{4:
:20:MI081215
:25:2222222222
:28C:0519/145
:60M:C081215VEF000011458710,71
:61:081215C000000000200,00NTRF000000072482//180007
PAGO
:61:081215C000000004000,00NTRF000000098712//180007
PAGO
:61:081215C000000002689,00NTRF000000098649//180007
PAGO
:61:081215C000000001500,00NTRF000000098640//180007
PAGO
:61:081215C000000002524,00NTRF000000098571//180007
PAGO
:61:081215C000000000200,00NTRF000000098463//180007
PAGO
:61:081215C000000000820,00NTRF000000098371//180007
PAGO
:61:081215C000000000200,00NTRF000000098315//180007
PAGO
:61:081215C000000005000,00NTRF000000098195//180007
PAGO
:62M:C081215VEF000011475843,71
-}{5:{CHK:1143FB20924B}}{S:{COP:S}}${1:F21VZCRVECAAXXX5410610696}{4:{177:0404021720}{451:0}}{1:F01VZCRVECAAXXX5410610696}{2:09501717040402VZCRVECAAXXX40812675430404021720N}{3:{108:SCONNECT}}{4:
:20:MI081215
:25:2222222222
:28C:0519/146
:60M:C081215VEF000011475843,71
:61:081215C000000000040,00NTRF000000098128//180007
PAGO
:61:081215C000000000015,00NTRF000000071197//180007
PAGO
:61:081215C000000002500,00NTRF000000098713//180007
PAGO
:61:081215C000000001400,00NTRF000000098951//180007
PAGO
:61:081215C000000000200,00NTRF000000102906//180007
PAGO
:61:081215C000000000120,00NTRF000000102945//180007
PAGO
:61:081215C000000000350,00NTRF000000103318//180007
PAGO
:61:081215C000000000350,00NTRF000000103317//180007
PAGO
:61:081215C000000000660,00NTRF000000059368//180007
PAGO
:62M:C081215VEF000011481478,71
-}{5:{CHK:1143FB20924B}}{S:{COP:S}}${1:F21VZCRVECAAXXX5410610696}{4:{177:0404021720}{451:0}}{1:F01VZCRVECAAXXX5410610696}{2:09501717040402VZCRVECAAXXX40812675430404021720N}{3:{108:SCONNECT}}{4:
:20:MI081215
:25:2222222222
:28C:0519/147
:60M:C081215VEF000011481478,71
:61:081215C000000000280,00NTRF000000059369//180007
PAGO
:61:081215C000000002000,00NTRF000000060215//180007
PAGO
:61:081215C000000002240,00NTRF000000060050//180007
PAGO
:61:081215C000000000150,00NTRF000000059970//180007
PAGO
:61:081215C000000006000,00NTRF000000059919//180007
PAGO
:61:081215C000000003800,00NTRF000000059883//180007
PAGO
:61:081215C000000000400,00NTRF000000059866//180007
PAGO
:61:081215C000000000120,00NTRF000000059817//180007
PAGO
:61:081215C000000000150,00NTRF000000059740//180007
PAGO
:62M:C081215VEF000011496618,71
-}{5:{CHK:1143FB20924B}}{S:{COP:S}}${1:F21VZCRVECAAXXX5410610696}{4:{177:0404021720}{451:0}}{1:F01VZCRVECAAXXX5410610696}{2:09501717040402VZCRVECAAXXX40812675430404021720N}{3:{108:SCONNECT}}{4:
:20:MI081215
:25:2222222222
:28C:0519/148
:60M:C081215VEF000011496618,71
:61:081215C000000002000,00NTRF000000059527//180007
PAGO
:61:081215C000000000161,07NTRF000000060269//180007
PAGO
:61:081215C000000000500,00NTRF000000050414//180007
PAGO
:61:081215C000000000300,00NTRF000000050353//180007
PAGO
:61:081215C000000001500,00NTRF000000050258//180007
PAGO
:61:081215C000000001500,00NTRF000000050171//180007
PAGO
:61:081215C000000000235,00NTRF000000049987//180007
PAGO
:61:081215C000000000500,00NTRF000000050172//180007
PAGO
:61:081215C000000000500,00NTRF000000050185//180007
PAGO
:62M:C081215VEF000011503814,78
-}{5:{CHK:1143FB20924B}}{S:{COP:S}}${1:F21VZCRVECAAXXX5410610696}{4:{177:0404021720}{451:0}}{1:F01VZCRVECAAXXX5410610696}{2:09501717040402VZCRVECAAXXX40812675430404021720N}{3:{108:SCONNECT}}{4:
:20:MI081215
:25:2222222222
:28C:0519/149
:60M:C081215VEF000011503814,78
:61:081215C000000010000,00NTRF000000050343//180007
PAGO
:61:081215C000000010000,00NTRF000000050410//180007
PAGO
:61:081215C000000001500,00NTRF000000050779//180007
PAGO
:61:081215C000000007000,00NTRF000000050676//180007
PAGO
:61:081215C000000000280,00NTRF000000050855//180007
PAGO
:61:081215C000000001100,00NTRF000000051002//180007
PAGO
:61:081215C000000007500,00NTRF000000058922//180007
PAGO
:61:081215C000000003576,30NTRF000000059568//180007
PAGO
:61:081215C000000001500,00NTRF000000051091//180007
PAGO
:62M:C081215VEF000011546271,08
-}{5:{CHK:1143FB20924B}}{S:{COP:S}}${1:F21VZCRVECAAXXX5410610696}{4:{177:0404021720}{451:0}}{1:F01VZCRVECAAXXX5410610696}{2:09501717040402VZCRVECAAXXX40812675430404021720N}{3:{108:SCONNECT}}{4:
:20:MI081215
:25:2222222222
:28C:0519/150
:60M:C081215VEF000011546271,08
:61:081215C000000001600,00NTRF000000051213//180007
PAGO
:61:081215C000000000900,00NTRF000000059218//180007
PAGO
:61:081215C000000000600,00NTRF000000058894//180007
PAGO
:61:081215C000000001000,00NTRF000000051094//180007
PAGO
:61:081215C000000000600,00NTRF000000059319//180007
PAGO
:61:081215C000000000700,00NTRF000000040993//180007
PAGO
:61:081215C000000000300,00NTRF000000040875//180007
PAGO
:61:081215C000000005000,00NTRF000000040745//180007
PAGO
:61:081215C000000003500,00NTRF000000040747//180007
PAGO
:62M:C081215VEF000011560471,08
-}{5:{CHK:1143FB20924B}}{S:{COP:S}}${1:F21VZCRVECAAXXX5410610696}{4:{177:0404021720}{451:0}}{1:F01VZCRVECAAXXX5410610696}{2:09501717040402VZCRVECAAXXX40812675430404021720N}{3:{108:SCONNECT}}{4:
:20:MI081215
:25:2222222222
:28C:0519/151
:60M:C081215VEF000011560471,08
:61:081215C000000000850,00NTRF000000040718//180007
PAGO
:61:081215C000000001250,00NTRF000000040748//180007
PAGO
:61:081215C000000001362,50NTRF000000040746//180007
PAGO
:61:081215C000000008000,00NTRF000000040794//180007
PAGO
:61:081215C000000001000,00NTRF000000040920//180007
PAGO
:61:081215C000000000800,00NTRF000000040992//180007
PAGO
:61:081215C000000000200,00NTRF000000041017//180007
PAGO
:61:081215C000000004000,00NTRF000000041057//180007
PAGO
:61:081215C000000000200,00NTRF000000047328//180007
PAGO
:62M:C081215VEF000011578133,58
-}{5:{CHK:1143FB20924B}}{S:{COP:S}}${1:F21VZCRVECAAXXX5410610696}{4:{177:0404021720}{451:0}}{1:F01VZCRVECAAXXX5410610696}{2:09501717040402VZCRVECAAXXX40812675430404021720N}{3:{108:SCONNECT}}{4:
:20:MI081215
:25:2222222222
:28C:0519/152
:60M:C081215VEF000011578133,58
:61:081215C000000001300,00NTRF000000047314//180007
PAGO
:61:081215C000000001400,00NTRF000000047290//180007
PAGO
:61:081215C000000002000,00NTRF000000047299//180007
PAGO
:61:081215C000000000200,00NTRF000000047233//180007
PAGO
:61:081215C000000000300,00NTRF000000049846//180007
PAGO
:61:081215C000000001400,00NTRF000000049836//180007
PAGO
:61:081215C000000001000,00NTRF000000049801//180007
PAGO
:61:081215C000000000115,00NTRF000000049418//180007
PAGO
:61:081215C000000000425,00NTRF000000049377//180007
PAGO
:62M:C081215VEF000011586273,58
-}{5:{CHK:1143FB20924B}}{S:{COP:S}}${1:F21VZCRVECAAXXX5410610696}{4:{177:0404021720}{451:0}}{1:F01VZCRVECAAXXX5410610696}{2:09501717040402VZCRVECAAXXX40812675430404021720N}{3:{108:SCONNECT}}{4:
:20:MI081215
:25:2222222222
:28C:0519/153
:60M:C081215VEF000011586273,58
:61:081215C000000004900,00NTRF000000050389//180007
PAGO
:61:081215C000000001000,00NTRF000000050379//180007
PAGO
:61:081215C000000002500,00NTRF000000050370//180007
PAGO
:61:081215C000000000600,00NTRF000000047408//180007
PAGO
:61:081215C000000002050,00NTRF000000047369//180007
PAGO
:61:081215C000000000605,00NTRF000000047361//180007
PAGO
:61:081215C000000000400,00NTRF000000047317//180007
PAGO
:61:081215C000000002450,00NTRF000000049943//180007
PAGO
:61:081215C000000000473,56NTRF000000046748//180007
PAGO
:62M:C081215VEF000011601252,14
-}{5:{CHK:1143FB20924B}}{S:{COP:S}}${1:F21VZCRVECAAXXX5410610696}{4:{177:0404021720}{451:0}}{1:F01VZCRVECAAXXX5410610696}{2:09501717040402VZCRVECAAXXX40812675430404021720N}{3:{108:SCONNECT}}{4:
:20:MI081215
:25:2222222222
:28C:0519/154
:60M:C081215VEF000011601252,14
:61:081215C000000000850,00NTRF000000046589//180007
PAGO
:61:081215C000000005000,00NTRF000000046622//180007
PAGO
:61:081215C000000001500,00NTRF000000046691//180007
PAGO
:61:081215C000000001000,00NTRF000000046549//180007
PAGO
:61:081215C000000000770,58NTRF000000046489//180007
PAGO
:61:081215C000000001800,00NTRF000000046331//180007
PAGO
:61:081215C000000000450,00NTRF000000045812//180007
PAGO
:61:081215C000000001000,00NTRF000000045796//180007
PAGO
:61:081215C000000002378,38NTRF000000045617//180007
PAGO
:62M:C081215VEF000011616001,10
-}{5:{CHK:1143FB20924B}}{S:{COP:S}}${1:F21VZCRVECAAXXX5410610696}{4:{177:0404021720}{451:0}}{1:F01VZCRVECAAXXX5410610696}{2:09501717040402VZCRVECAAXXX40812675430404021720N}{3:{108:SCONNECT}}{4:
:20:MI081215
:25:2222222222
:28C:0519/155
:60M:C081215VEF000011616001,10
:61:081215C000000005000,00NTRF000000045584//180007
PAGO
:61:081215C000000004900,00NTRF000000045550//180007
PAGO
:61:081215C000000002200,00NTRF000000041158//180007
PAGO
:61:081215C000000000100,00NTRF000000041169//180007
PAGO
:61:081215C000000001700,00NTRF000000046158//180007
PAGO
:61:081215C000000000500,00NTRF000000046133//180007
PAGO
:61:081215C000000000300,00NTRF000000046120//180007
PAGO
:61:081215C000000004000,00NTRF000000046125//180007
PAGO
:61:081215C000000001400,00NTRF000000046043//180007
PAGO
:62M:C081215VEF000011636101,10
-}{5:{CHK:1143FB20924B}}{S:{COP:S}}${1:F21VZCRVECAAXXX5410610696}{4:{177:0404021720}{451:0}}{1:F01VZCRVECAAXXX5410610696}{2:09501717040402VZCRVECAAXXX40812675430404021720N}{3:{108:SCONNECT}}{4:
:20:MI081215
:25:2222222222
:28C:0519/156
:60M:C081215VEF000011636101,10
:61:081215C000000002630,00NTRF000000045930//180007
PAGO
:61:081215C000000002455,00NTRF000000045910//180007
PAGO
:61:081215C000000000667,00NTRF000000045892//180007
PAGO
:61:081215C000000001509,00NTRF000000045898//180007
PAGO
:61:081215C000000000920,00NTRF000000046315//180007
PAGO
:61:081215C000000000895,35NTRF000000046432//180007
PAGO
:61:081215C000000002000,00NTRF000000046519//180007
PAGO
:61:081215C000000000465,00NTRF000000046923//180007
PAGO
:61:081215C000000001000,00NTRF000000091673//180007
PAGO
:62M:C081215VEF000011648642,45
-}{5:{CHK:1143FB20924B}}{S:{COP:S}}${1:F21VZCRVECAAXXX5410610696}{4:{177:0404021720}{451:0}}{1:F01VZCRVECAAXXX5410610696}{2:09501717040402VZCRVECAAXXX40812675430404021720N}{3:{108:SCONNECT}}{4:
:20:MI081215
:25:2222222222
:28C:0519/157
:60M:C081215VEF000011648642,45
:61:081215C000000000950,00NTRF000000091750//180007
PAGO
:61:081215C000000000223,00NTRF000000091559//180007
PAGO
:61:081215C000000006180,00NTRF000000091287//180007
PAGO
:61:081215C000000000400,00NTRF000000091067//180007
PAGO
:61:081215C000000001548,00NTRF000000091017//180007
PAGO
:61:081215C000000001000,00NTRF000000076807//180007
PAGO
:61:081215C000000006000,00NTRF000000076727//180007
PAGO
:61:081215C000000002500,00NTRF000000076722//180007
PAGO
:61:081215C000000000130,00NTRF000000076726//180007
PAGO
:62M:C081215VEF000011667573,45
-}{5:{CHK:1143FB20924B}}{S:{COP:S}}${1:F21VZCRVECAAXXX5410610696}{4:{177:0404021720}{451:0}}{1:F01VZCRVECAAXXX5410610696}{2:09501717040402VZCRVECAAXXX40812675430404021720N}{3:{108:SCONNECT}}{4:
:20:MI081215
:25:2222222222
:28C:0519/158
:60M:C081215VEF000011667573,45
:61:081215C000000000820,00NTRF000000077526//180007
PAGO
:61:081215C000000001000,00NTRF000000077529//180007
PAGO
:61:081215C000000002000,00NTRF000000077401//180007
PAGO
:61:081215C000000001000,00NTRF000000077319//180007
PAGO
:61:081215C000000003710,80NTRF000000060384//180007
PAGO
:61:081215C000000000612,00NTRF000000060325//180007
PAGO
:61:081215C000000001500,00NTRF000000090946//180007
PAGO
:61:081215C000000000720,34NTRF000000090252//180007
PAGO
:61:081215C000000006443,55NTRF000000039270//180007
PAGO
:62M:C081215VEF000011685380,14
-}{5:{CHK:1143FB20924B}}{S:{COP:S}}${1:F21VZCRVECAAXXX5410610696}{4:{177:0404021720}{451:0}}{1:F01VZCRVECAAXXX5410610696}{2:09501717040402VZCRVECAAXXX40812675430404021720N}{3:{108:SCONNECT}}{4:
:20:MI081215
:25:2222222222
:28C:0519/159
:60M:C081215VEF000011685380,14
:61:081215C000000003000,00NTRF000000039275//180007
PAGO
:61:081215C000000001000,00NTRF000000060655//180007
PAGO
:61:081215C000000000780,00NTRF000000060583//180007
PAGO
:61:081215C000000001228,00NTRF000000060483//180007
PAGO
:61:081215C000000000400,00NTRF000000060440//180007
PAGO
:61:081215C000000000450,00NTRF000000060391//180007
PAGO
:61:081215C000000000650,00NTRF000000078257//180007
PAGO
:61:081215C000000004500,00NTRF000000078121//180007
PAGO
:61:081215C000000000800,00NTRF000000078105//180007
PAGO
:62M:C081215VEF000011698188,14
-}{5:{CHK:1143FB20924B}}{S:{COP:S}}${1:F21VZCRVECAAXXX5410610696}{4:{177:0404021720}{451:0}}{1:F01VZCRVECAAXXX5410610696}{2:09501717040402VZCRVECAAXXX40812675430404021720N}{3:{108:SCONNECT}}{4:
:20:MI081215
:25:2222222222
:28C:0519/160
:60M:C081215VEF000011698188,14
:61:081215C000000002000,00NTRF000000078089//180007
PAGO
:61:081215C000000002475,00NTRF000000077942//180007
PAGO
:61:081215C000000001800,00NTRF000000077774//180007
PAGO
:61:081215C000000000700,00NTRF000000077672//180007
PAGO
:61:081215C000000000150,00NTRF000000077066//180007
PAGO
:61:081215C000000001300,00NTRF000000076805//180007
PAGO
:61:081215C000000000571,00NTRF000000090798//180007
PAGO
:61:081215C000000002000,00NTRF000000090452//180007
PAGO
:61:081215C000000000330,00NTRF000000090415//180007
PAGO
:62M:C081215VEF000011709514,14
-}{5:{CHK:1143FB20924B}}{S:{COP:S}}${1:F21VZCRVECAAXXX5410610696}{4:{177:0404021720}{451:0}}{1:F01VZCRVECAAXXX5410610696}{2:09501717040402VZCRVECAAXXX40812675430404021720N}{3:{108:SCONNECT}}{4:
:20:MI081215
:25:2222222222
:28C:0519/161
:60M:C081215VEF000011709514,14
:61:081215C000000000450,00NTRF000000090414//180007
PAGO
:61:081215C000000000877,20NTRF000000090299//180007
PAGO
:61:081215C000000001000,00NTRF000000090296//180007
PAGO
:61:081215C000000007500,00NTRF000000090297//180007
PAGO
:61:081215C000000000323,00NTRF000000090156//180007
PAGO
:61:081215C000000002000,00NTRF000000078495//180007
PAGO
:61:081215C000000001500,00NTRF000000078493//180007
PAGO
:61:081215C000000002000,00NTRF000000078456//180007
PAGO
:61:081215C000000006000,00NTRF000000078467//180007
PAGO
:62M:C081215VEF000011731164,34
-}{5:{CHK:1143FB20924B}}{S:{COP:S}}${1:F21VZCRVECAAXXX5410610696}{4:{177:0404021720}{451:0}}{1:F01VZCRVECAAXXX5410610696}{2:09501717040402VZCRVECAAXXX40812675430404021720N}{3:{108:SCONNECT}}{4:
:20:MI081215
:25:2222222222
:28C:0519/162
:60M:C081215VEF000011731164,34
:61:081215C000000000300,00NTRF000000090795//180007
PAGO
:61:081215C000000000135,00NTRF000000091068//180007
PAGO
:61:081215C000000003560,00NTRF000000091254//180007
PAGO
:61:081215C000000001000,00NTRF000000091550//180007
PAGO
:61:081215C000000010772,72NTRF000000077272//180007
PAGO
:61:081215C000000001000,00NTRF000000090234//180007
PAGO
:61:081215C000000000500,00NTRF000000065825//180007
PAGO
:61:081215C000000000100,00NTRF000000066419//180007
PAGO
:61:081215C000000000250,00NTRF000000024842//180007
PAGO
:62M:C081215VEF000011748782,06
-}{5:{CHK:1143FB20924B}}{S:{COP:S}}${1:F21VZCRVECAAXXX5410610696}{4:{177:0404021720}{451:0}}{1:F01VZCRVECAAXXX5410610696}{2:09501717040402VZCRVECAAXXX40812675430404021720N}{3:{108:SCONNECT}}{4:
:20:MI081215
:25:2222222222
:28C:0519/163
:60M:C081215VEF000011748782,06
:61:081215C000000005000,00NTRF000000026601//180007
PAGO
:61:081215C000000000407,00NTRF000000026335//180007
PAGO
:61:081215C000000000100,00NTRF000000026319//180007
PAGO
:61:081215C000000002000,00NTRF000000026320//180007
PAGO
:61:081215C000000000171,00NTRF000000026264//180007
PAGO
:61:081215C000000000210,00NTRF000000026200//180007
PAGO
:61:081215C000000000300,00NTRF000000036909//180007
PAGO
:61:081215C000000003590,00NTRF000000027105//180007
PAGO
:61:081215C000000013000,00NTRF000000026922//180007
PAGO
:62M:C081215VEF000011773560,06
-}{5:{CHK:1143FB20924B}}{S:{COP:S}}${1:F21VZCRVECAAXXX5410610696}{4:{177:0404021720}{451:0}}{1:F01VZCRVECAAXXX5410610696}{2:09501717040402VZCRVECAAXXX40812675430404021720N}{3:{108:SCONNECT}}{4:
:20:MI081215
:25:2222222222
:28C:0519/164
:60M:C081215VEF000011773560,06
:61:081215C000000001530,07NTRF000000026897//180007
PAGO
:61:081215C000000000130,00NTRF000000026862//180007
PAGO
:61:081215C000000000130,00NTRF000000026863//180007
PAGO
:61:081215C000000000812,20NTRF000000026828//180007
PAGO
:61:081215C000000004000,00NTRF000000026815//180007
PAGO
:61:081215C000000001000,00NTRF000000026780//180007
PAGO
:61:081215C000000000300,00NTRF000000037775//180007
PAGO
:61:081215C000000000600,00NTRF000000037784//180007
PAGO
:61:081215C000000005000,00NTRF000000037664//180007
PAGO
:62M:C081215VEF000011787062,33
-}{5:{CHK:1143FB20924B}}{S:{COP:S}}${1:F21VZCRVECAAXXX5410610696}{4:{177:0404021720}{451:0}}{1:F01VZCRVECAAXXX5410610696}{2:09501717040402VZCRVECAAXXX40812675430404021720N}{3:{108:SCONNECT}}{4:
:20:MI081215
:25:2222222222
:28C:0519/165
:60M:C081215VEF000011787062,33
:61:081215C000000002000,00NTRF000000037665//180007
PAGO
:61:081215C000000002100,00NTRF000000037485//180007
PAGO
:61:081215C000000001500,00NTRF000000036958//180007
PAGO
:61:081215C000000006000,00NTRF000000036943//180007
PAGO
:61:081215C000000007840,00NTRF000000036944//180007
PAGO
:61:081215C000000000407,00NTRF000000036907//180007
PAGO
:61:081215C000000000167,00NTRF000000036908//180007
PAGO
:61:081215C000000000300,00NTRF000000036910//180007
PAGO
:61:081215C000000001000,00NTRF000000027020//180007
PAGO
:62M:C081215VEF000011808376,33
-}{5:{CHK:1143FB20924B}}{S:{COP:S}}${1:F21VZCRVECAAXXX5410610696}{4:{177:0404021720}{451:0}}{1:F01VZCRVECAAXXX5410610696}{2:09501717040402VZCRVECAAXXX40812675430404021720N}{3:{108:SCONNECT}}{4:
:20:MI081215
:25:2222222222
:28C:0519/166
:60M:C081215VEF000011808376,33
:61:081215C000000002000,00NTRF000000038799//180007
PAGO
:61:081215C000000110000,00NTRF000000038692//180007
PAGO
:61:081215C000000002100,00NTRF000000037663//180007
PAGO
:61:081215C000000011661,73NTRF000000038894//180007
PAGO
:61:081215C000000009960,36NTRF000000038895//180007
PAGO
:61:081215C000000000818,00NTRF000000038892//180007
PAGO
:61:081215C000000009000,00NTRF000000026092//180007
PAGO
:61:081215C000000001000,00NTRF000000026046//180007
PAGO
:61:081215C000000001000,00NTRF000000026013//180007
PAGO
:62M:C081215VEF000011955916,42
-}{5:{CHK:1143FB20924B}}{S:{COP:S}}${1:F21VZCRVECAAXXX5410610696}{4:{177:0404021720}{451:0}}{1:F01VZCRVECAAXXX5410610696}{2:09501717040402VZCRVECAAXXX40812675430404021720N}{3:{108:SCONNECT}}{4:
:20:MI081215
:25:2222222222
:28C:0519/167
:60M:C081215VEF000011955916,42
:61:081215C000000001800,00NTRF000000026011//180007
PAGO
:61:081215C000000000200,00NTRF000000025972//180007
PAGO
:61:081215C000000000560,00NTRF000000025975//180007
PAGO
:61:081215C000000000100,00NTRF000000025879//180007
PAGO
:61:081215C000000000830,00NTRF000000025765//180007
PAGO
:61:081215C000000010000,00NTRF000000025738//180007
PAGO
:61:081215C000000000180,00NTRF000000025726//180007
PAGO
:61:081215C000000000300,00NTRF000000025720//180007
PAGO
:61:081215C000000000450,00NTRF000000025611//180007
PAGO
:62M:C081215VEF000011970336,42
-}{5:{CHK:1143FB20924B}}{S:{COP:S}}${1:F21VZCRVECAAXXX5410610696}{4:{177:0404021720}{451:0}}{1:F01VZCRVECAAXXX5410610696}{2:09501717040402VZCRVECAAXXX40812675430404021720N}{3:{108:SCONNECT}}{4:
:20:MI081215
:25:2222222222
:28C:0519/168
:60M:C081215VEF000011970336,42
:61:081215C000000001300,00NTRF000000025542//180007
PAGO
:61:081215C000000004000,00NTRF000000037443//180007
PAGO
:61:081215C000000000330,00NTRF000000025642//180007
PAGO
:61:081215C000000009600,00NTRF000000026363//180007
PAGO
:61:081215C000000002046,15NTRF000000018242//180007
PAGO
:61:081215C000000001997,00NTRF000000018976//180007
PAGO
:61:081215C000000007045,86NTRF000000039178//180007
PAGO
:61:081215C000000000475,77NTRF000000039266//180007
PAGO
:61:081215C000000005500,00NTRF000000018214//180007
PAGO
:62M:C081215VEF000012002631,20
-}{5:{CHK:1143FB20924B}}{S:{COP:S}}${1:F21VZCRVECAAXXX5410610696}{4:{177:0404021720}{451:0}}{1:F01VZCRVECAAXXX5410610696}{2:09501717040402VZCRVECAAXXX40812675430404021720N}{3:{108:SCONNECT}}{4:
:20:MI081215
:25:2222222222
:28C:0519/169
:60M:C081215VEF000012002631,20
:61:081215C000000000100,00NTRF000000018108//180007
PAGO
:61:081215C000000000450,00NTRF000000017984//180007
PAGO
:61:081215C000000000500,00NTRF000000017723//180007
PAGO
:61:081215C000000001435,00NTRF000000017598//180007
PAGO
:61:081215C000000005680,05NTRF000000017589//180007
PAGO
:61:081215C000000000876,97NTRF000000017366//180007
PAGO
:61:081215C000000009700,00NTRF000000017443//180007
PAGO
:61:081215C000000000180,00NTRF000000017611//180007
PAGO
:61:081215C000000000800,00NTRF000000017696//180007
PAGO
:62M:C081215VEF000012022353,22
-}{5:{CHK:1143FB20924B}}{S:{COP:S}}${1:F21VZCRVECAAXXX5410610696}{4:{177:0404021720}{451:0}}{1:F01VZCRVECAAXXX5410610696}{2:09501717040402VZCRVECAAXXX40812675430404021720N}{3:{108:SCONNECT}}{4:
:20:MI081215
:25:2222222222
:28C:0519/170
:60M:C081215VEF000012022353,22
:61:081215C000000100000,00NTRF000000017969//180007
PAGO
:61:081215C000000006000,00NTRF000000018243//180007
PAGO
:61:081215C000000001000,00NTRF000000018663//180007
PAGO
:61:081215C000000013000,00NTRF000000018636//180007
PAGO
:61:081215C000000000900,00NTRF000000018485//180007
PAGO
:61:081215C000000000600,00NTRF000000018411//180007
PAGO
:61:081215C000000003000,00NTRF000000018355//180007
PAGO
:61:081215C000000003400,00NTRF000000018295//180007
PAGO
:61:081215C000000001650,00NTRF000000018282//180007
PAGO
:62M:C081215VEF000012151903,22
-}{5:{CHK:1143FB20924B}}{S:{COP:S}}${1:F21VZCRVECAAXXX5410610696}{4:{177:0404021720}{451:0}}{1:F01VZCRVECAAXXX5410610696}{2:09501717040402VZCRVECAAXXX40812675430404021720N}{3:{108:SCONNECT}}{4:
:20:MI081215
:25:2222222222
:28C:0519/171
:60M:C081215VEF000012151903,22
:61:081215C000000001766,00NTRF000000018376//180007
PAGO
:61:081215C000000002000,00NTRF000000018449//180007
PAGO
:61:081215C000000000339,90NTRF000000018524//180007
PAGO
:61:081215C000000000180,00NTRF000000018709//180007
PAGO
:61:081215C000000000862,76NTRF000000017294//180007
PAGO
:61:081215C000000002500,00NTRF000000018777//180007
PAGO
:61:081215C000000000300,00NTRF000000018223//180007
PAGO
:61:081215C000000002150,00NTRF000000026729//180007
PAGO
:61:081215C000000007500,00NTRF000000026160//180007
PAGO
:62M:C081215VEF000012169501,88
-}{5:{CHK:1143FB20924B}}{S:{COP:S}}${1:F21VZCRVECAAXXX5410610696}{4:{177:0404021720}{451:0}}{1:F01VZCRVECAAXXX5410610696}{2:09501717040402VZCRVECAAXXX40812675430404021720N}{3:{108:SCONNECT}}{4:
:20:MI081215
:25:2222222222
:28C:0519/172
:60M:C081215VEF000012169501,88
:61:081215C000000000125,00NTRF000000025595//180007
PAGO
:61:081215C000000001143,71NTRF000000038841//180007
PAGO
:61:081215C000000000200,00NTRF000000038807//180007
PAGO
:61:081215C000000003689,21NTRF000000038548//180007
PAGO
:61:081215C000000000150,00NTRF000000038533//180007
PAGO
:61:081215C000000003000,00NTRF000000037934//180007
PAGO
:61:081215C000000000400,00NTRF000000037941//180007
PAGO
:61:081215C000000000300,00NTRF000000037882//180007
PAGO
:61:081215C000000002189,63NTRF000000037822//180007
PAGO
:62M:C081215VEF000012180699,43
-}{5:{CHK:1143FB20924B}}{S:{COP:S}}${1:F21VZCRVECAAXXX5410610696}{4:{177:0404021720}{451:0}}{1:F01VZCRVECAAXXX5410610696}{2:09501717040402VZCRVECAAXXX40812675430404021720N}{3:{108:SCONNECT}}{4:
:20:MI081215
:25:2222222222
:28C:0519/173
:60M:C081215VEF000012180699,43
:61:081215C000000002000,00NTRF000000026732//180007
PAGO
:61:081215C000000001250,00NTRF000000026706//180007
PAGO
:61:081215C000000001943,00NTRF000000026683//180007
PAGO
:61:081215C000000001354,38NTRF000000001058//180007
PAGO
:61:081215C000000000175,49NTRF000000004018//180007
PAGO
:61:081215C000000000208,00NTRF000000428261//180007
PAGO
:61:081215C000000029900,50NTRF000000093956//180007
PAGO
:61:081215C000000024948,99NTRF000000427714//180007
PAGO
:61:081215C000000003500,00NTRF000000128091//180007
PAGO
:62M:C081215VEF000012245979,79
-}{5:{CHK:1143FB20924B}}{S:{COP:S}}${1:F21VZCRVECAAXXX5410610696}{4:{177:0404021720}{451:0}}{1:F01VZCRVECAAXXX5410610696}{2:09501717040402VZCRVECAAXXX40812675430404021720N}{3:{108:SCONNECT}}{4:
:20:MI081215
:25:2222222222
:28C:0519/174
:60M:C081215VEF000012245979,79
:61:081215C000000004674,00NTRF000000128103//180007
PAGO
:61:081215C000000003500,00NTRF000000128086//180007
PAGO
:61:081215C000000013223,83NTRF000000427742//180007
PAGO
:61:081215C000000036261,51NTRF000003458077//180007
PAGO
:61:081215C000000008899,94NTRF000000093953//180007
PAGO
:61:081215C000000005425,65NTRF000014826719//180007
PAGO
:61:081215C000000000569,50NTRF000000004019//180007
PAGO
:61:081215C000000300000,00NTRF000000081202//180007
PAGO
:61:081215C000000001257,67NTRF000000093969//180007
PAGO
:62M:C081215VEF000012619791,89
-}{5:{CHK:1143FB20924B}}{S:{COP:S}}${1:F21VZCRVECAAXXX5410610696}{4:{177:0404021720}{451:0}}{1:F01VZCRVECAAXXX5410610696}{2:09501717040402VZCRVECAAXXX40812675430404021720N}{3:{108:SCONNECT}}{4:
:20:MI081215
:25:2222222222
:28C:0519/175
:60M:C081215VEF000012619791,89
:61:081215C000000002042,50NTRF000000000086//180007
PAGO
:61:081215C000000000550,00NTRF000034680724//180007
PAGO
:61:081215C000000000130,00NTRF000000002445//180007
PAGO
:61:081215C000000001403,49NTRF000000002446//180007
PAGO
:61:081215C000000000491,22NTRF000000093968//180007
PAGO
:61:081215C000000027596,33NTRF000000427698//180007
PAGO
:61:081215C000000042936,66NTRF000000093965//180007
PAGO
:61:081215C000000082305,56NTRF000000345807//180007
PAGO
:61:081215C000000000817,56NTRF000000004020//180007
PAGO
:62M:C081215VEF000012778065,21
-}{5:{CHK:1143FB20924B}}{S:{COP:S}}${1:F21VZCRVECAAXXX5410610696}{4:{177:0404021720}{451:0}}{1:F01VZCRVECAAXXX5410610696}{2:09501717040402VZCRVECAAXXX40812675430404021720N}{3:{108:SCONNECT}}{4:
:20:MI081215
:25:2222222222
:28C:0519/176
:60M:C081215VEF000012778065,21
:61:081215C000000013726,12NTRF000000004021//180007
PAGO
:61:081215C000000000015,34NTRF000000004037//180007
PAGO
:61:081215C000000000505,78NTRF000000004038//180007
PAGO
:61:081215C000000001080,00NTRF000000004040//180007
PAGO
:61:081215C000000029828,78NTRF000000345807//180007
PAGO
:61:081215C000000001528,78NTRF000000102908//180007
PAGO
:61:081215C000000004559,40NTRF000003458073//180007
PAGO
:61:081215C000000002106,39NTRF000003478072//180007
PAGO
:61:081215C000000005935,00NTRF000000128079//180007
PAGO
:62M:C081215VEF000012837350,80
-}{5:{CHK:1143FB20924B}}{S:{COP:S}}${1:F21VZCRVECAAXXX5410610696}{4:{177:0404021720}{451:0}}{1:F01VZCRVECAAXXX5410610696}{2:09501717040402VZCRVECAAXXX40812675430404021720N}{3:{108:SCONNECT}}{4:
:20:MI081215
:25:2222222222
:28C:0519/177
:60M:C081215VEF000012837350,80
:61:081215C000000000250,62NTRF000056212008//180007
PAGO
:61:081215C000000004367,24NTRF000000128039//180007
PAGO
:61:081215C000000013138,84NTRF000000001045//180007
PAGO
:61:081215C000000006262,83NTRF000034780724//180007
PAGO
:61:081215C000000087000,00NTRF000001134885//180007
PAGO
:61:081215C000000002016,67NTRF000000336807//180007
PAGO
:61:081215C000000048497,48NTRF000000345807//180007
PAGO
:61:081215C000000064708,30NTRF000000001573//180007
PAGO
:61:081215C000000002120,29NTRF000000093972//180007
PAGO
:62M:C081215VEF000013065713,07
-}{5:{CHK:1143FB20924B}}{S:{COP:S}}${1:F21VZCRVECAAXXX5410610696}{4:{177:0404021720}{451:0}}{1:F01VZCRVECAAXXX5410610696}{2:09501717040402VZCRVECAAXXX40812675430404021720N}{3:{108:SCONNECT}}{4:
:20:MI081215
:25:2222222222
:28C:0519/178
:60M:C081215VEF000013065713,07
:61:081215C000000008215,49NTRF000000094043//180007
PAGO
:61:081215C000000003500,00NTRF000000336807//180007
PAGO
:61:081215C000000001750,00NTRF000003468071//180007
PAGO
:61:081215C000000001021,25NTRF000000000089//180007
PAGO
:61:081215C000000200000,00NTRF000000081202//180007
PAGO
:61:081215C000000620000,00NTRF000000081201//180007
PAGO
:61:081215C000000160000,00NTRF000000081201//180007
PAGO
:61:081215C000000000394,00NTRF000000113768//180007
PAGO
:61:081215C000000002141,32NTRF000000345807//180007
PAGO
:62M:C081215VEF000014062735,13
-}{5:{CHK:1143FB20924B}}{S:{COP:S}}${1:F21VZCRVECAAXXX5410610696}{4:{177:0404021720}{451:0}}{1:F01VZCRVECAAXXX5410610696}{2:09501717040402VZCRVECAAXXX40812675430404021720N}{3:{108:SCONNECT}}{4:
:20:MI081215
:25:2222222222
:28C:0519/179
:60M:C081215VEF000014062735,13
:61:081215C000000001197,44NTRF000003468071//180007
PAGO
:61:081215C000000001500,00NTRF000000000000//180007
PAGO
:61:081215C000000000600,00NTRF000000000000//180007
PAGO
:61:081215C000000000500,00NTRF000000000000//180007
PAGO
:61:081215C000000006306,18NTRF000000000000//180007
PAGO
:61:081215C000000000100,00NTRF000000000000//180007
PAGO
:61:081215C000000000900,00NTRF000000000000//180007
PAGO
:61:081215C000000000250,00NTRF000000000000//180007
PAGO
:61:081215C000000000200,00NTRF000000000000//180007
PAGO
:62M:C081215VEF000014074288,75
-}{5:{CHK:1143FB20924B}}{S:{COP:S}}${1:F21VZCRVECAAXXX5410610696}{4:{177:0404021720}{451:0}}{1:F01VZCRVECAAXXX5410610696}{2:09501717040402VZCRVECAAXXX40812675430404021720N}{3:{108:SCONNECT}}{4:
:20:MI081215
:25:2222222222
:28C:0519/180
:60M:C081215VEF000014074288,75
:61:081215C000000000400,00NTRF000000000000//180007
PAGO
:61:081215C000000000200,00NTRF000000000000//180007
PAGO
:61:081215C000000000200,00NTRF000026025630//180007
PAGO
:61:081215C000000000300,00NTRF000026024802//180007
PAGO
:61:081215C000000000196,00NTRF000026029106//180007
PAGO
:61:081215C000000004388,00NTRF000026026355//180007
PAGO
:61:081215C000000000199,00NTRF000026002438//180007
PAGO
:61:081215C000000000500,00NTRF000026009310//180007
PAGO
:61:081215C000000003000,00NTRF000025997688//180007
PAGO
:62M:C081215VEF000014083671,75
-}{5:{CHK:1143FB20924B}}{S:{COP:S}}${1:F21VZCRVECAAXXX5410610696}{4:{177:0404021720}{451:0}}{1:F01VZCRVECAAXXX5410610696}{2:09501717040402VZCRVECAAXXX40812675430404021720N}{3:{108:SCONNECT}}{4:
:20:MI081215
:25:2222222222
:28C:0519/181
:60M:C081215VEF000014083671,75
:61:081215C000000000130,00NTRF000025993476//180007
PAGO
:61:081215C000000005594,03NTRF000025991029//180007
PAGO
:61:081215C000000007000,00NTRF000025978924//180007
PAGO
:61:081215C000000003000,00NTRF000026012286//180007
PAGO
:61:081215C000000004000,00NTRF000000166947//180007
PAGO
:61:081215C000000000076,00NTRF000000000001//180007
PAGO
:61:081215C000000000203,00NTRF000000121208//180007
PAGO
:61:081215C000000005000,00NTRF000000161208//180007
PAGO
:61:081215C000000000060,00NTRF000000000000//180007
PAGO
:62M:C081215VEF000014108734,78
-}{5:{CHK:1143FB20924B}}{S:{COP:S}}${1:F21VZCRVECAAXXX5410610696}{4:{177:0404021720}{451:0}}{1:F01VZCRVECAAXXX5410610696}{2:09501717040402VZCRVECAAXXX40812675430404021720N}{3:{108:SCONNECT}}{4:
:20:MI081215
:25:2222222222
:28C:0519/182
:60M:C081215VEF000014108734,78
:61:081215C000000002800,00NTRF000000000000//180007
PAGO
:61:081215C000000000220,00NTRF000000000000//180007
PAGO
:61:081215C000000001000,00NTRF000000141208//180007
PAGO
:61:081215C000000001800,00NTRF000000000000//180007
PAGO
:61:081215C000000000600,00NTRF000000000000//180007
PAGO
:61:081215C000000004000,00NTRF000000000000//180007
PAGO
:61:081215C000000000570,00NTRF000000000000//180007
PAGO
:61:081215C000000005000,00NTRF000000000000//180007
PAGO
:61:081215C000000005000,00NTRF000000000000//180007
PAGO
:62M:C081215VEF000014129724,78
-}{5:{CHK:1143FB20924B}}{S:{COP:S}}${1:F21VZCRVECAAXXX5410610696}{4:{177:0404021720}{451:0}}{1:F01VZCRVECAAXXX5410610696}{2:09501717040402VZCRVECAAXXX40812675430404021720N}{3:{108:SCONNECT}}{4:
:20:MI081215
:25:2222222222
:28C:0519/183
:60M:C081215VEF000014129724,78
:61:081215C000000005000,00NTRF000000000000//180007
PAGO
:61:081215C000000005000,00NTRF000000000000//180007
PAGO
:61:081215C000000001000,00NTRF000000000000//180007
PAGO
:61:081215C000000001000,00NTRF000000000000//180007
PAGO
:61:081215C000000001802,49NTRF000000000000//180007
PAGO
:61:081215C000000000500,00NTRF000000000000//180007
PAGO
:61:081215C000000001152,36NTRF000000000000//180007
PAGO
:61:081215C000000000430,00NTRF000000000000//180007
PAGO
:61:081215C000000000080,00NTRF000000000000//180007
PAGO
:62M:C081215VEF000014145689,63
-}{5:{CHK:1143FB20924B}}{S:{COP:S}}${1:F21VZCRVECAAXXX5410610696}{4:{177:0404021720}{451:0}}{1:F01VZCRVECAAXXX5410610696}{2:09501717040402VZCRVECAAXXX40812675430404021720N}{3:{108:SCONNECT}}{4:
:20:MI081215
:25:2222222222
:28C:0519/184
:60M:C081215VEF000014145689,63
:61:081215C000000005000,00NTRF000000000000//180007
PAGO
:61:081215C000000000145,00NTRF000000000000//180007
PAGO
:61:081215C000000000500,00NTRF000000000000//180007
PAGO
:61:081215C000000000685,00NTRF000000000000//180007
PAGO
:61:081215C000000005000,00NTRF000000000000//180007
PAGO
:61:081215C000000000200,00NTRF000000000000//180007
PAGO
:61:081215C000000002000,00NTRF000000000000//180007
PAGO
:61:081215C000000000500,00NTRF000000000000//180007
PAGO
:61:081215C000000001629,61NTRF000014122008//180007
PAGO
:62M:C081215VEF000014161349,24
-}{5:{CHK:1143FB20924B}}{S:{COP:S}}${1:F21VZCRVECAAXXX5410610696}{4:{177:0404021720}{451:0}}{1:F01VZCRVECAAXXX5410610696}{2:09501717040402VZCRVECAAXXX40812675430404021720N}{3:{108:SCONNECT}}{4:
:20:MI081215
:25:2222222222
:28C:0519/185
:60M:C081215VEF000014161349,24
:61:081215C000000001000,00NTRF000000000000//180007
PAGO
:61:081215C000000002800,00NTRF000000000000//180007
PAGO
:61:081215C000000000100,00NTRF000000000000//180007
PAGO
:61:081215C000000000100,00NTRF000000000000//180007
PAGO
:61:081215C000000000050,00NTRF000000000000//180007
PAGO
:61:081215C000000000600,00NTRF000000000000//180007
PAGO
:61:081215C000000000291,00NTRF000000000000//180007
PAGO
:61:081215C000000000230,00NTRF000000000000//180007
PAGO
:61:081215C000000000100,00NTRF000027325738//180007
PAGO
:62M:C081215VEF000014166620,24
-}{5:{CHK:1143FB20924B}}{S:{COP:S}}${1:F21VZCRVECAAXXX5410610696}{4:{177:0404021720}{451:0}}{1:F01VZCRVECAAXXX5410610696}{2:09501717040402VZCRVECAAXXX40812675430404021720N}{3:{108:SCONNECT}}{4:
:20:MI081215
:25:2222222222
:28C:0519/186
:60M:C081215VEF000014166620,24
:61:081215C000000000330,00NTRF000027326449//180007
PAGO
:61:081215C000000002000,00NTRF000027326908//180007
PAGO
:61:081215C000000040000,00NTRF000027327202//180007
PAGO
:61:081215C000000000040,00NTRF000027327283//180007
PAGO
:61:081215C000000002000,00NTRF000027327578//180007
PAGO
:61:081215C000000000150,00NTRF000027328450//180007
PAGO
:61:081215C000000001140,66NTRF000027328558//180007
PAGO
:61:081215C000000000300,00NTRF000027329834//180007
PAGO
:61:081215C000000000100,03NTRF000027329894//180007
PAGO
:62M:C081215VEF000014212680,93
-}{5:{CHK:1143FB20924B}}{S:{COP:S}}${1:F21VZCRVECAAXXX5410610696}{4:{177:0404021720}{451:0}}{1:F01VZCRVECAAXXX5410610696}{2:09501717040402VZCRVECAAXXX40812675430404021720N}{3:{108:SCONNECT}}{4:
:20:MI081215
:25:2222222222
:28C:0519/187
:60M:C081215VEF000014212680,93
:61:081215C000000001000,00NTRF000027330199//180007
PAGO
:61:081215C000000000800,00NTRF000027331523//180007
PAGO
:61:081215C000000001000,00NTRF000027332035//180007
PAGO
:61:081215C000000000105,00NTRF000027333604//180007
PAGO
:61:081215C000000001800,00NTRF000027334230//180007
PAGO
:61:081215C000000001000,00NTRF000027334861//180007
PAGO
:61:081215C000000000400,00NTRF000027335148//180007
PAGO
:61:081215C000000000150,00NTRF000027335778//180007
PAGO
:61:081215C000000000070,00NTRF000027336955//180007
PAGO
:62M:C081215VEF000014219005,93
-}{5:{CHK:1143FB20924B}}{S:{COP:S}}${1:F21VZCRVECAAXXX5410610696}{4:{177:0404021720}{451:0}}{1:F01VZCRVECAAXXX5410610696}{2:09501717040402VZCRVECAAXXX40812675430404021720N}{3:{108:SCONNECT}}{4:
:20:MI081215
:25:2222222222
:28C:0519/188
:60M:C081215VEF000014219005,93
:61:081215C000000000900,00NTRF000027337414//180007
PAGO
:61:081215C000000000840,00NTRF000027338613//180007
PAGO
:61:081215C000000000240,00NTRF000027339655//180007
PAGO
:61:081215C000000000300,00NTRF000027338983//180007
PAGO
:61:081215C000000003637,50NTRF000027324631//180007
PAGO
:61:081215C000000013000,00NTRF000027321152//180007
PAGO
:61:081215C000000005000,00NTRF000027325264//180007
PAGO
:61:081215C000000001147,50NTRF000000002601//180007
PAGO
:61:081215C000000001111,50NTRF000000002600//180007
PAGO
:62M:C081215VEF000014245182,43
-}{5:{CHK:1143FB20924B}}{S:{COP:S}}${1:F21VZCRVECAAXXX5410610696}{4:{177:0404021720}{451:0}}{1:F01VZCRVECAAXXX5410610696}{2:09501717040402VZCRVECAAXXX40812675430404021720N}{3:{108:SCONNECT}}{4:
:20:MI081215
:25:2222222222
:28C:0519/189
:60M:C081215VEF000014245182,43
:61:081215C000000000433,70NTRF000020116702//180007
PAGO
:61:081215C000000000165,64NTRF000020116372//180007
PAGO
:61:081215C000000000700,00NTRF000027322536//180007
PAGO
:61:081215C000000002000,00NTRF000027322734//180007
PAGO
:61:081215C000000000700,00NTRF000027322746//180007
PAGO
:61:081215C000000005000,00NTRF000027323398//180007
PAGO
:61:081215C000000000350,00NTRF000027332179//180007
PAGO
:61:081215C000000007390,00NTRF000000341840//180007
PAGO
:61:081215C000000002000,00NTRF000000341819//180007
PAGO
:62M:C081215VEF000014263921,77
-}{5:{CHK:1143FB20924B}}{S:{COP:S}}${1:F21VZCRVECAAXXX5410610696}{4:{177:0404021720}{451:0}}{1:F01VZCRVECAAXXX5410610696}{2:09501717040402VZCRVECAAXXX40812675430404021720N}{3:{108:SCONNECT}}{4:
:20:MI081215
:25:2222222222
:28C:0519/190
:60M:C081215VEF000014263921,77
:61:081215C000000000429,69NTRF000020116493//180007
PAGO
:61:081215C000000000052,42NTRF000020116071//180007
PAGO
:61:081215C000000075175,98NTRF000099341232//180007
PAGO
:61:081215C000000000800,00NTRF000027323482//180007
PAGO
:61:081215C000000001540,00NTRF000027332406//180007
PAGO
:61:081215C000000000294,00NTRF000027332509//180007
PAGO
:61:081215C000000001500,00NTRF000027332661//180007
PAGO
:61:081215C000000001086,75NTRF000000002596//180007
PAGO
:61:081215C000000001086,75NTRF000000002590//180007
PAGO
:62M:C081215VEF000014345887,36
-}{5:{CHK:1143FB20924B}}{S:{COP:S}}${1:F21VZCRVECAAXXX5410610696}{4:{177:0404021720}{451:0}}{1:F01VZCRVECAAXXX5410610696}{2:09501717040402VZCRVECAAXXX40812675430404021720N}{3:{108:SCONNECT}}{4:
:20:MI081215
:25:2222222222
:28C:0519/191
:60M:C081215VEF000014345887,36
:61:081215C000000001147,50NTRF000000002592//180007
PAGO
:61:081215C000000001111,50NTRF000000002594//180007
PAGO
:61:081215C000000001309,50NTRF000000002595//180007
PAGO
:61:081215C000000001276,93NTRF000000002591//180007
PAGO
:61:081215C000000001086,75NTRF000000002589//180007
PAGO
:61:081215C000000001170,00NTRF000000002597//180007
PAGO
:61:081215C000000001544,85NTRF000000002606//180007
PAGO
:61:081215C000000003939,05NTRF000000002605//180007
PAGO
:61:081215C000000001350,00NTRF000000002604//180007
PAGO
:62M:C081215VEF000014359823,44
-}{5:{CHK:1143FB20924B}}{S:{COP:S}}${1:F21VZCRVECAAXXX5410610696}{4:{177:0404021720}{451:0}}{1:F01VZCRVECAAXXX5410610696}{2:09501717040402VZCRVECAAXXX40812675430404021720N}{3:{108:SCONNECT}}{4:
:20:MI081215
:25:2222222222
:28C:0519/192
:60M:C081215VEF000014359823,44
:61:081215C000000001111,50NTRF000000002603//180007
PAGO
:61:081215C000000001147,50NTRF000000002602//180007
PAGO
:61:081215C000000000034,77NTRF000020117052//180007
PAGO
:61:081215C000000001086,75NTRF000000002599//180007
PAGO
:61:081215C000000001086,75NTRF000000002598//180007
PAGO
:61:081215C000000001086,75NTRF000000002624//180007
PAGO
:61:081215C000000001086,75NTRF000000002620//180007
PAGO
:61:081215C000000001086,75NTRF000000002619//180007
PAGO
:61:081215C000000001086,75NTRF000000002616//180007
PAGO
:62M:C081215VEF000014368637,71
-}{5:{CHK:1143FB20924B}}{S:{COP:S}}${1:F21VZCRVECAAXXX5410610696}{4:{177:0404021720}{451:0}}{1:F01VZCRVECAAXXX5410610696}{2:09501717040402VZCRVECAAXXX40812675430404021720N}{3:{108:SCONNECT}}{4:
:20:MI081215
:25:2222222222
:28C:0519/193
:60M:C081215VEF000014368637,71
:61:081215C000000001086,75NTRF000000002610//180007
PAGO
:61:081215C000000001086,75NTRF000000002609//180007
PAGO
:61:081215C000000001309,50NTRF000000002608//180007
PAGO
:61:081215C000000001086,75NTRF000000002607//180007
PAGO
:61:081215C000000000185,00NTRF000002607681//180007
PAGO
:61:081215C000000003000,00NTRF000027352715//180007
PAGO
:61:081215C000000000030,00NTRF000027353200//180007
PAGO
:61:081215C000000000150,00NTRF000027354076//180007
PAGO
:61:081215C000000001000,00NTRF000027350802//180007
PAGO
:62M:C081215VEF000014377572,46
-}{5:{CHK:1143FB20924B}}{S:{COP:S}}${1:F21VZCRVECAAXXX5410610696}{4:{177:0404021720}{451:0}}{1:F01VZCRVECAAXXX5410610696}{2:09501717040402VZCRVECAAXXX40812675430404021720N}{3:{108:SCONNECT}}{4:
:20:MI081215
:25:2222222222
:28C:0519/194
:60M:C081215VEF000014377572,46
:61:081215C000000005000,00NTRF000027353948//180007
PAGO
:61:081215C000000001000,00NTRF000027320057//180007
PAGO
:61:081215C000000000300,00NTRF000027358639//180007
PAGO
:61:081215C000000011000,00NTRF000027355611//180007
PAGO
:61:081215C000000002500,00NTRF000027355540//180007
PAGO
:61:081215C000000001500,00NTRF000027355286//180007
PAGO
:61:081215C000000001000,00NTRF000027355249//180007
PAGO
:61:081215C000000003000,00NTRF000027355685//180007
PAGO
:61:081215C000000002000,00NTRF000027319435//180007
PAGO
:62M:C081215VEF000014404872,46
-}{5:{CHK:1143FB20924B}}{S:{COP:S}}${1:F21VZCRVECAAXXX5410610696}{4:{177:0404021720}{451:0}}{1:F01VZCRVECAAXXX5410610696}{2:09501717040402VZCRVECAAXXX40812675430404021720N}{3:{108:SCONNECT}}{4:
:20:MI081215
:25:2222222222
:28C:0519/195
:60M:C081215VEF000014404872,46
:61:081215C000000002800,00NTRF000027354483//180007
PAGO
:61:081215C000000000600,00NTRF000027352646//180007
PAGO
:61:081215C000000009800,00NTRF000027320304//180007
PAGO
:61:081215C000000000300,00NTRF000027321959//180007
PAGO
:61:081215C000000001000,00NTRF000027355190//180007
PAGO
:61:081215C000000000764,00NTRF000027343844//180007
PAGO
:61:081215C000000002000,00NTRF000027345015//180007
PAGO
:61:081215C000000009000,00NTRF000027345095//180007
PAGO
:61:081215C000000000320,00NTRF000027344978//180007
PAGO
:62M:C081215VEF000014431456,46
-}{5:{CHK:1143FB20924B}}{S:{COP:S}}${1:F21VZCRVECAAXXX5410610696}{4:{177:0404021720}{451:0}}{1:F01VZCRVECAAXXX5410610696}{2:09501717040402VZCRVECAAXXX40812675430404021720N}{3:{108:SCONNECT}}{4:
:20:MI081215
:25:2222222222
:28C:0519/196
:60M:C081215VEF000014431456,46
:61:081215C000000001650,00NTRF000027343830//180007
PAGO
:61:081215C000000009500,00NTRF000027345146//180007
PAGO
:61:081215C000000001000,00NTRF000027345223//180007
PAGO
:61:081215C000000001500,00NTRF000027347492//180007
PAGO
:61:081215C000000018000,00NTRF000027343177//180007
PAGO
:61:081215C000000000300,00NTRF000027341825//180007
PAGO
:61:081215C000000000600,00NTRF000027341591//180007
PAGO
:61:081215C000000000200,00NTRF000015122008//180007
PAGO
:61:081215C000000000180,00NTRF000015122008//180007
PAGO
:62M:C081215VEF000014464386,46
-}{5:{CHK:1143FB20924B}}{S:{COP:S}}${1:F21VZCRVECAAXXX5410610696}{4:{177:0404021720}{451:0}}{1:F01VZCRVECAAXXX5410610696}{2:09501717040402VZCRVECAAXXX40812675430404021720N}{3:{108:SCONNECT}}{4:
:20:MI081215
:25:2222222222
:28C:0519/197
:60M:C081215VEF000014464386,46
:61:081215C000000004000,00NTRF000015122008//180007
PAGO
:61:081215C000000001000,00NTRF000015122008//180007
PAGO
:61:081215C000000000370,00NTRF000015122008//180007
PAGO
:61:081215C000000000240,00NTRF000015122008//180007
PAGO
:61:081215C000000000066,00NTRF000015122008//180007
PAGO
:61:081215C000000000400,00NTRF000015122008//180007
PAGO
:61:081215C000000000400,00NTRF000015122008//180007
PAGO
:61:081215C000000000080,00NTRF000015122008//180007
PAGO
:61:081215C000000000460,00NTRF000015122008//180007
PAGO
:62M:C081215VEF000014471402,46
-}{5:{CHK:1143FB20924B}}{S:{COP:S}}${1:F21VZCRVECAAXXX5410610696}{4:{177:0404021720}{451:0}}{1:F01VZCRVECAAXXX5410610696}{2:09501717040402VZCRVECAAXXX40812675430404021720N}{3:{108:SCONNECT}}{4:
:20:MI081215
:25:2222222222
:28C:0519/198
:60M:C081215VEF000014471402,46
:61:081215C000000000474,00NTRF000015122008//180007
PAGO
:61:081215C000000000500,00NTRF000015122008//180007
PAGO
:61:081215C000000000400,00NTRF000015122008//180007
PAGO
:61:081215C000000000100,00NTRF000015122008//180007
PAGO
:61:081215C000000000200,00NTRF000015122008//180007
PAGO
:61:081215C000000000200,00NTRF000015122008//180007
PAGO
:61:081215C000000000248,73NTRF000015122008//180007
PAGO
:61:081215C000000001200,00NTRF000015122008//180007
PAGO
:61:081215C000000000100,00NTRF000015122008//180007
PAGO
:62M:C081215VEF000014474825,19
-}{5:{CHK:1143FB20924B}}{S:{COP:S}}${1:F21VZCRVECAAXXX5410610696}{4:{177:0404021720}{451:0}}{1:F01VZCRVECAAXXX5410610696}{2:09501717040402VZCRVECAAXXX40812675430404021720N}{3:{108:SCONNECT}}{4:
:20:MI081215
:25:2222222222
:28C:0519/199
:60M:C081215VEF000014474825,19
:61:081215C000000000300,00NTRF000015122008//180007
PAGO
:61:081215C000000000200,00NTRF000015122008//180007
PAGO
:61:081215C000000000400,00NTRF000015122008//180007
PAGO
:61:081215C000000003583,88NTRF000015122008//180007
PAGO
:61:081215C000000002920,00NTRF000015122008//180007
PAGO
:61:081215C000000000200,00NTRF000015122008//180007
PAGO
:61:081215C000000000083,00NTRF000015122008//180007
PAGO
:61:081215C000000000150,00NTRF000015122008//180007
PAGO
:61:081215C000000000500,00NTRF000015122008//180007
PAGO
:62M:C081215VEF000014483162,07
-}{5:{CHK:1143FB20924B}}{S:{COP:S}}${1:F21VZCRVECAAXXX5410610696}{4:{177:0404021720}{451:0}}{1:F01VZCRVECAAXXX5410610696}{2:09501717040402VZCRVECAAXXX40812675430404021720N}{3:{108:SCONNECT}}{4:
:20:MI081215
:25:2222222222
:28C:0519/200
:60M:C081215VEF000014483162,07
:61:081215C000000000139,44NTRF000015122008//180007
PAGO
:61:081215C000000000900,00NTRF000015122008//180007
PAGO
:61:081215C000000002610,00NTRF000015122008//180007
PAGO
:61:081215C000000000860,00NTRF000015122008//180007
PAGO
:61:081215C000000000100,00NTRF000015122008//180007
PAGO
:61:081215C000000000150,00NTRF000015122008//180007
PAGO
:61:081215C000000000050,69NTRF000003251611//180007
PAGO
:61:081215C000000000077,51NTRF000003251783//180007
PAGO
:61:081215C000000000011,35NTRF000003251913//180007
PAGO
:62M:C081215VEF000014488061,06
-}{5:{CHK:1143FB20924B}}{S:{COP:S}}${1:F21VZCRVECAAXXX5410610696}{4:{177:0404021720}{451:0}}{1:F01VZCRVECAAXXX5410610696}{2:09501717040402VZCRVECAAXXX40812675430404021720N}{3:{108:SCONNECT}}{4:
:20:MI081215
:25:2222222222
:28C:0519/201
:60M:C081215VEF000014488061,06
:61:081215C000000000049,73NTRF000003251928//180007
PAGO
:61:081215C000000001411,37NTRF000003252178//180007
PAGO
:61:081215C000000003325,64NTRF000003252239//180007
PAGO
:61:081215C000000010732,29NTRF000003252422//180007
PAGO
:61:081215C000000003550,00NTRF000000235515//180007
PAGO
:61:081215C000000004200,00NTRF000003251039//180007
PAGO
:61:081215C000000003144,30NTRF000003251090//180007
PAGO
:61:081215C000000004030,05NTRF000003251106//180007
PAGO
:61:081215C000000001328,00NTRF000003251109//180007
PAGO
:62M:C081215VEF000014519832,44
-}{5:{CHK:1143FB20924B}}{S:{COP:S}}${1:F21VZCRVECAAXXX5410610696}{4:{177:0404021720}{451:0}}{1:F01VZCRVECAAXXX5410610696}{2:09501717040402VZCRVECAAXXX40812675430404021720N}{3:{108:SCONNECT}}{4:
:20:MI081215
:25:2222222222
:28C:0519/202
:60M:C081215VEF000014519832,44
:61:081215C000000000261,10NTRF000003251277//180007
PAGO
:61:081215C000000000070,43NTRF000003251295//180007
PAGO
:61:081215C000000000050,00NTRF000000232875//180007
PAGO
:61:081215C000000000050,00NTRF000000232905//180007
PAGO
:61:081215C000000002038,69NTRF000002452373//180007
PAGO
:61:081215C000000000100,00NTRF000000232717//180007
PAGO
:61:081215C000000000050,00NTRF000000232728//180007
PAGO
:61:081215C000000000025,00NTRF000000232729//180007
PAGO
:61:081215C000000000100,00NTRF000000232802//180007
PAGO
:62M:C081215VEF000014522577,66
-}{5:{CHK:1143FB20924B}}{S:{COP:S}}${1:F21VZCRVECAAXXX5410610696}{4:{177:0404021720}{451:0}}{1:F01VZCRVECAAXXX5410610696}{2:09501717040402VZCRVECAAXXX40812675430404021720N}{3:{108:SCONNECT}}{4:
:20:MI081215
:25:2222222222
:28C:0519/203
:60M:C081215VEF000014522577,66
:61:081215C000000000050,00NTRF000000232830//180007
PAGO
:61:081215C000000003000,00NTRF000000231835//180007
PAGO
:61:081215C000000008000,00NTRF000000231902//180007
PAGO
:61:081215C000000001000,00NTRF000000231957//180007
PAGO
:61:081215C000000000050,00NTRF000000233315//180007
PAGO
:61:081215C000000000080,00NTRF000000233337//180007
PAGO
:61:081215C000000000910,00NTRF000000232284//180007
PAGO
:61:081215C000000001200,00NTRF000000232288//180007
PAGO
:61:081215C000000005000,00NTRF000000232312//180007
PAGO
:62M:C081215VEF000014541867,66
-}{5:{CHK:1143FB20924B}}{S:{COP:S}}${1:F21VZCRVECAAXXX5410610696}{4:{177:0404021720}{451:0}}{1:F01VZCRVECAAXXX5410610696}{2:09501717040402VZCRVECAAXXX40812675430404021720N}{3:{108:SCONNECT}}{4:
:20:MI081215
:25:2222222222
:28C:0519/204
:60M:C081215VEF000014541867,66
:61:081215C000000002000,00NTRF000000232458//180007
PAGO
:61:081215C000000005702,08NTRF000002452274//180007
PAGO
:61:081215C000000006737,88NTRF000002452334//180007
PAGO
:61:081215C000000007966,65NTRF000002452372//180007
PAGO
:61:081215C000000000120,00NTRF000000232992//180007
PAGO
:61:081215C000000000150,00NTRF000000233012//180007
PAGO
:61:081215C000000000250,00NTRF000000233016//180007
PAGO
:61:081215C000000001000,00NTRF000000233044//180007
PAGO
:61:081215C000000001000,00NTRF000000233085//180007
PAGO
:62M:C081215VEF000014566794,27
-}{5:{CHK:1143FB20924B}}{S:{COP:S}}${1:F21VZCRVECAAXXX5410610696}{4:{177:0404021720}{451:0}}{1:F01VZCRVECAAXXX5410610696}{2:09501717040402VZCRVECAAXXX40812675430404021720N}{3:{108:SCONNECT}}{4:
:20:MI081215
:25:2222222222
:28C:0519/205
:60M:C081215VEF000014566794,27
:61:081215C000000000500,00NTRF000000233213//180007
PAGO
:61:081215C000000000500,00NTRF000000233233//180007
PAGO
:61:081215C000000000250,00NTRF000000233301//180007
PAGO
:61:081215C000000000500,00NTRF000000233304//180007
PAGO
:61:081215C000000000310,00NTRF000000235522//180007
PAGO
:61:081215C000000002000,00NTRF000000235532//180007
PAGO
:61:081215C000000000200,00NTRF000000233369//180007
PAGO
:61:081215C000000000050,00NTRF000000233375//180007
PAGO
:61:081215C000000001500,00NTRF000000233389//180007
PAGO
:62M:C081215VEF000014572604,27
-}{5:{CHK:1143FB20924B}}{S:{COP:S}}${1:F21VZCRVECAAXXX5410610696}{4:{177:0404021720}{451:0}}{1:F01VZCRVECAAXXX5410610696}{2:09501717040402VZCRVECAAXXX40812675430404021720N}{3:{108:SCONNECT}}{4:
:20:MI081215
:25:2222222222
:28C:0519/206
:60M:C081215VEF000014572604,27
:61:081215C000000000075,00NTRF000000233407//180007
PAGO
:61:081215C000000003000,00NTRF000000233510//180007
PAGO
:61:081215C000000004200,00NTRF000003250993//180007
PAGO
:61:081215C000000018261,46NTRF000003251016//180007
PAGO
:61:081215C000000000879,67NTRF000000231958//180007
PAGO
:61:081215C000000000100,00NTRF000000232041//180007
PAGO
:61:081215C000000000200,00NTRF000000232089//180007
PAGO
:61:081215C000000000200,00NTRF000000232112//180007
PAGO
:61:081215C000000003606,20NTRF000000232160//180007
PAGO
:62M:C081215VEF000014603126,60
-}{5:{CHK:1143FB20924B}}{S:{COP:S}}${1:F21VZCRVECAAXXX5410610696}{4:{177:0404021720}{451:0}}{1:F01VZCRVECAAXXX5410610696}{2:09501717040402VZCRVECAAXXX40812675430404021720N}{3:{108:SCONNECT}}{4:
:20:MI081215
:25:2222222222
:28C:0519/207
:60M:C081215VEF000014603126,60
:61:081215C000000006000,00NTRF000000232184//180007
PAGO
:61:081215C000000008000,00NTRF000000232230//180007
PAGO
:61:081215C000000003000,00NTRF000000225093//180007
PAGO
:61:081215C000000001000,00NTRF000000225126//180007
PAGO
:61:081215C000000001900,00NTRF000000225174//180007
PAGO
:61:081215C000000000500,00NTRF000000225205//180007
PAGO
:61:081215C000000006500,00NTRF000000225213//180007
PAGO
:61:081215C000000000050,00NTRF000000225259//180007
PAGO
:61:081215C000000000100,00NTRF000000225267//180007
PAGO
:62M:C081215VEF000014630176,60
-}{5:{CHK:1143FB20924B}}{S:{COP:S}}${1:F21VZCRVECAAXXX5410610696}{4:{177:0404021720}{451:0}}{1:F01VZCRVECAAXXX5410610696}{2:09501717040402VZCRVECAAXXX40812675430404021720N}{3:{108:SCONNECT}}{4:
:20:MI081215
:25:2222222222
:28C:0519/208
:60M:C081215VEF000014630176,60
:61:081215C000000003000,00NTRF000000225270//180007
PAGO
:61:081215C000000000859,00NTRF000000225281//180007
PAGO
:61:081215C000000003400,00NTRF000000225307//180007
PAGO
:61:081215C000000000700,00NTRF000000225472//180007
PAGO
:61:081215C000000000422,50NTRF000000225535//180007
PAGO
:61:081215C000000000165,00NTRF000000225539//180007
PAGO
:61:081215C000000001805,00NTRF000000224756//180007
PAGO
:61:081215C000000005000,00NTRF000000224769//180007
PAGO
:61:081215C000000002000,00NTRF000000224780//180007
PAGO
:62M:C081215VEF000014647528,10
-}{5:{CHK:1143FB20924B}}{S:{COP:S}}${1:F21VZCRVECAAXXX5410610696}{4:{177:0404021720}{451:0}}{1:F01VZCRVECAAXXX5410610696}{2:09501717040402VZCRVECAAXXX40812675430404021720N}{3:{108:SCONNECT}}{4:
:20:MI081215
:25:2222222222
:28C:0519/209
:60M:C081215VEF000014647528,10
:61:081215C000000001800,00NTRF000000224785//180007
PAGO
:61:081215C000000000079,00NTRF000000224811//180007
PAGO
:61:081215C000000000950,00NTRF000000224821//180007
PAGO
:61:081215C000000000600,00NTRF000000224827//180007
PAGO
:61:081215C000000008000,00NTRF000000224914//180007
PAGO
:61:081215C000000000500,00NTRF000000224931//180007
PAGO
:61:081215C000000001500,00NTRF000000224955//180007
PAGO
:61:081215C000000000130,00NTRF000000224982//180007
PAGO
:61:081215C000000013000,00NTRF000000225001//180007
PAGO
:62M:C081215VEF000014674087,10
-}{5:{CHK:1143FB20924B}}{S:{COP:S}}${1:F21VZCRVECAAXXX5410610696}{4:{177:0404021720}{451:0}}{1:F01VZCRVECAAXXX5410610696}{2:09501717040402VZCRVECAAXXX40812675430404021720N}{3:{108:SCONNECT}}{4:
:20:MI081215
:25:2222222222
:28C:0519/210
:60M:C081215VEF000014674087,10
:61:081215C000000001100,00NTRF000000225034//180007
PAGO
:61:081215C000000000400,00NTRF000000224495//180007
PAGO
:61:081215C000000000190,00NTRF000000224503//180007
PAGO
:61:081215C000000000120,00NTRF000000224512//180007
PAGO
:61:081215C000000003000,00NTRF000000224526//180007
PAGO
:61:081215C000000002000,00NTRF000000224553//180007
PAGO
:61:081215C000000002500,00NTRF000000224607//180007
PAGO
:61:081215C000000000200,00NTRF000000224612//180007
PAGO
:61:081215C000000000363,24NTRF000000224613//180007
PAGO
:62M:C081215VEF000014683960,34
-}{5:{CHK:1143FB20924B}}{S:{COP:S}}${1:F21VZCRVECAAXXX5410610696}{4:{177:0404021720}{451:0}}{1:F01VZCRVECAAXXX5410610696}{2:09501717040402VZCRVECAAXXX40812675430404021720N}{3:{108:SCONNECT}}{4:
:20:MI081215
:25:2222222222
:28C:0519/211
:60M:C081215VEF000014683960,34
:61:081215C000000005000,00NTRF000000224648//180007
PAGO
:61:081215C000000001774,00NTRF000000224659//180007
PAGO
:61:081215C000000001140,00NTRF000000224670//180007
PAGO
:61:081215C000000001000,00NTRF000000224701//180007
PAGO
:61:081215C000000000252,00NTRF000000224722//180007
PAGO
:61:081215C000000002200,00NTRF000000224105//180007
PAGO
:61:081215C000000000300,00NTRF000000224161//180007
PAGO
:61:081215C000000014500,00NTRF000000224239//180007
PAGO
:61:081215C000000000500,00NTRF000000224261//180007
PAGO
:62M:C081215VEF000014710626,34
-}{5:{CHK:1143FB20924B}}{S:{COP:S}}${1:F21VZCRVECAAXXX5410610696}{4:{177:0404021720}{451:0}}{1:F01VZCRVECAAXXX5410610696}{2:09501717040402VZCRVECAAXXX40812675430404021720N}{3:{108:SCONNECT}}{4:
:20:MI081215
:25:2222222222
:28C:0519/212
:60M:C081215VEF000014710626,34
:61:081215C000000001400,00NTRF000000224312//180007
PAGO
:61:081215C000000000320,00NTRF000000224336//180007
PAGO
:61:081215C000000003000,00NTRF000000224343//180007
PAGO
:61:081215C000000002000,00NTRF000000224381//180007
PAGO
:61:081215C000000002000,00NTRF000000224392//180007
PAGO
:61:081215C000000002000,00NTRF000000224407//180007
PAGO
:61:081215C000000002000,00NTRF000000224420//180007
PAGO
:61:081215C000000000600,00NTRF000000224441//180007
PAGO
:61:081215C000000010000,00NTRF000000224473//180007
PAGO
:62M:C081215VEF000014733946,34
-}{5:{CHK:1143FB20924B}}{S:{COP:S}}${1:F21VZCRVECAAXXX5410610696}{4:{177:0404021720}{451:0}}{1:F01VZCRVECAAXXX5410610696}{2:09501717040402VZCRVECAAXXX40812675430404021720N}{3:{108:SCONNECT}}{4:
:20:MI081215
:25:2222222222
:28C:0519/213
:60M:C081215VEF000014733946,34
:61:081215C000000005300,00NTRF000000223495//180007
PAGO
:61:081215C000000000800,00NTRF000000223519//180007
PAGO
:61:081215C000000000500,00NTRF000000223597//180007
PAGO
:61:081215C000000001238,00NTRF000000223610//180007
PAGO
:61:081215C000000003000,00NTRF000000223708//180007
PAGO
:61:081215C000000002000,00NTRF000000223913//180007
PAGO
:61:081215C000000000350,00NTRF000000224018//180007
PAGO
:61:081215C000000001000,00NTRF000000224022//180007
PAGO
:61:081215C000000001000,00NTRF000000224025//180007
PAGO
:62M:C081215VEF000014749134,34
-}{5:{CHK:1143FB20924B}}{S:{COP:S}}${1:F21VZCRVECAAXXX5410610696}{4:{177:0404021720}{451:0}}{1:F01VZCRVECAAXXX5410610696}{2:09501717040402VZCRVECAAXXX40812675430404021720N}{3:{108:SCONNECT}}{4:
:20:MI081215
:25:2222222222
:28C:0519/214
:60M:C081215VEF000014749134,34
:61:081215C000000002500,00NTRF000000224028//180007
PAGO
:61:081215C000000000600,00NTRF000000224033//180007
PAGO
:61:081215C000000005000,00NTRF000000224061//180007
PAGO
:61:081215C000000002500,00NTRF000000224098//180007
PAGO
:61:081215C000000000200,00NTRF000000223051//180007
PAGO
:61:081215C000000000500,00NTRF000000223143//180007
PAGO
:61:081215C000000000500,00NTRF000000223147//180007
PAGO
:61:081215C000000000873,15NTRF000000223154//180007
PAGO
:61:081215C000000000500,00NTRF000000223201//180007
PAGO
:62M:C081215VEF000014762307,49
-}{5:{CHK:1143FB20924B}}{S:{COP:S}}${1:F21VZCRVECAAXXX5410610696}{4:{177:0404021720}{451:0}}{1:F01VZCRVECAAXXX5410610696}{2:09501717040402VZCRVECAAXXX40812675430404021720N}{3:{108:SCONNECT}}{4:
:20:MI081215
:25:2222222222
:28C:0519/215
:60M:C081215VEF000014762307,49
:61:081215C000000000300,00NTRF000000223210//180007
PAGO
:61:081215C000000010500,00NTRF000000223242//180007
PAGO
:61:081215C000000000600,00NTRF000000229218//180007
PAGO
:61:081215C000000002500,00NTRF000000229224//180007
PAGO
:61:081215C000000000085,00NTRF000000229232//180007
PAGO
:61:081215C000000000700,00NTRF000000229282//180007
PAGO
:61:081215C000000001000,00NTRF000000229298//180007
PAGO
:61:081215C000000003950,00NTRF000000229325//180007
PAGO
:61:081215C000000001000,00NTRF000000229362//180007
PAGO
:62M:C081215VEF000014782942,49
-}{5:{CHK:1143FB20924B}}{S:{COP:S}}${1:F21VZCRVECAAXXX5410610696}{4:{177:0404021720}{451:0}}{1:F01VZCRVECAAXXX5410610696}{2:09501717040402VZCRVECAAXXX40812675430404021720N}{3:{108:SCONNECT}}{4:
:20:MI081215
:25:2222222222
:28C:0519/216
:60M:C081215VEF000014782942,49
:61:081215C000000002373,00NTRF000000229405//180007
PAGO
:61:081215C000000002500,00NTRF000000227950//180007
PAGO
:61:081215C000000000334,00NTRF000000228159//180007
PAGO
:61:081215C000000002100,00NTRF000000228196//180007
PAGO
:61:081215C000000000400,00NTRF000000228225//180007
PAGO
:61:081215C000000010000,00NTRF000000228507//180007
PAGO
:61:081215C000000000106,00NTRF000000228574//180007
PAGO
:61:081215C000000009000,00NTRF000000228668//180007
PAGO
:61:081215C000000002400,00NTRF000000228681//180007
PAGO
:62M:C081215VEF000014812155,49
-}{5:{CHK:1143FB20924B}}{S:{COP:S}}${1:F21VZCRVECAAXXX5410610696}{4:{177:0404021720}{451:0}}{1:F01VZCRVECAAXXX5410610696}{2:09501717040402VZCRVECAAXXX40812675430404021720N}{3:{108:SCONNECT}}{4:
:20:MI081215
:25:2222222222
:28C:0519/217
:60M:C081215VEF000014812155,49
:61:081215C000000002300,00NTRF000000228742//180007
PAGO
:61:081215C000000000800,00NTRF000000228848//180007
PAGO
:61:081215C000000001000,00NTRF000000228967//180007
PAGO
:61:081215C000000003520,00NTRF000000229012//180007
PAGO
:61:081215C000000000480,00NTRF000000229068//180007
PAGO
:61:081215C000000000800,00NTRF000000227274//180007
PAGO
:61:081215C000000001000,00NTRF000000227307//180007
PAGO
:61:081215C000000000600,00NTRF000000227354//180007
PAGO
:61:081215C000000000400,00NTRF000000227365//180007
PAGO
:62M:C081215VEF000014823055,49
-}{5:{CHK:1143FB20924B}}{S:{COP:S}}${1:F21VZCRVECAAXXX5410610696}{4:{177:0404021720}{451:0}}{1:F01VZCRVECAAXXX5410610696}{2:09501717040402VZCRVECAAXXX40812675430404021720N}{3:{108:SCONNECT}}{4:
:20:MI081215
:25:2222222222
:28C:0519/218
:60M:C081215VEF000014823055,49
:61:081215C000000000800,00NTRF000000227442//180007
PAGO
:61:081215C000000000200,00NTRF000000227447//180007
PAGO
:61:081215C000000001200,00NTRF000000227482//180007
PAGO
:61:081215C000000001000,00NTRF000000227583//180007
PAGO
:61:081215C000000001000,00NTRF000000227586//180007
PAGO
:61:081215C000000001000,00NTRF000000227588//180007
PAGO
:61:081215C000000000300,00NTRF000000227616//180007
PAGO
:61:081215C000000000300,00NTRF000000227773//180007
PAGO
:61:081215C000000000206,00NTRF000000227801//180007
PAGO
:62M:C081215VEF000014829061,49
-}{5:{CHK:1143FB20924B}}{S:{COP:S}}${1:F21VZCRVECAAXXX5410610696}{4:{177:0404021720}{451:0}}{1:F01VZCRVECAAXXX5410610696}{2:09501717040402VZCRVECAAXXX40812675430404021720N}{3:{108:SCONNECT}}{4:
:20:MI081215
:25:2222222222
:28C:0519/219
:60M:C081215VEF000014829061,49
:61:081215C000000000690,00NTRF000000226378//180007
PAGO
:61:081215C000000000300,00NTRF000000226407//180007
PAGO
:61:081215C000000000300,00NTRF000000226441//180007
PAGO
:61:081215C000000001000,00NTRF000000226469//180007
PAGO
:61:081215C000000002040,50NTRF000000226508//180007
PAGO
:61:081215C000000000780,00NTRF000000226569//180007
PAGO
:61:081215C000000002100,00NTRF000000226594//180007
PAGO
:61:081215C000000000488,25NTRF000000226758//180007
PAGO
:61:081215C000000000300,00NTRF000000226852//180007
PAGO
:62M:C081215VEF000014837060,24
-}{5:{CHK:1143FB20924B}}{S:{COP:S}}${1:F21VZCRVECAAXXX5410610696}{4:{177:0404021720}{451:0}}{1:F01VZCRVECAAXXX5410610696}{2:09501717040402VZCRVECAAXXX40812675430404021720N}{3:{108:SCONNECT}}{4:
:20:MI081215
:25:2222222222
:28C:0519/220
:60M:C081215VEF000014837060,24
:61:081215C000000000338,00NTRF000000226891//180007
PAGO
:61:081215C000000002000,00NTRF000000226900//180007
PAGO
:61:081215C000000001200,00NTRF000000226978//180007
PAGO
:61:081215C000000000220,00NTRF000000227032//180007
PAGO
:61:081215C000000001000,00NTRF000000225830//180007
PAGO
:61:081215C000000000590,00NTRF000000225850//180007
PAGO
:61:081215C000000000200,00NTRF000000225859//180007
PAGO
:61:081215C000000008500,00NTRF000000225873//180007
PAGO
:61:081215C000000006500,00NTRF000000225892//180007
PAGO
:62M:C081215VEF000014857608,24
-}{5:{CHK:1143FB20924B}}{S:{COP:S}}${1:F21VZCRVECAAXXX5410610696}{4:{177:0404021720}{451:0}}{1:F01VZCRVECAAXXX5410610696}{2:09501717040402VZCRVECAAXXX40812675430404021720N}{3:{108:SCONNECT}}{4:
:20:MI081215
:25:2222222222
:28C:0519/221
:60M:C081215VEF000014857608,24
:61:081215C000000000800,00NTRF000000225915//180007
PAGO
:61:081215C000000001000,00NTRF000000226082//180007
PAGO
:61:081215C000000000121,07NTRF000000226127//180007
PAGO
:61:081215C000000000100,00NTRF000000079485//180007
PAGO
:61:081215C000000003291,40NTRF000000079283//180007
PAGO
:61:081215C000000004500,00NTRF000000079377//180007
PAGO
:61:081215C000000000100,00NTRF000000079479//180007
PAGO
:61:081215C000000000370,00NTRF000000079553//180007
PAGO
:61:081215C000000000794,44NTRF000000344262//180007
PAGO
:62M:C081215VEF000014868685,15
-}{5:{CHK:1143FB20924B}}{S:{COP:S}}${1:F21VZCRVECAAXXX5410610696}{4:{177:0404021720}{451:0}}{1:F01VZCRVECAAXXX5410610696}{2:09501717040402VZCRVECAAXXX40812675430404021720N}{3:{108:SCONNECT}}{4:
:20:MI081215
:25:2222222222
:28C:0519/222
:60M:C081215VEF000014868685,15
:61:081215C000000000126,00NTRF000000344258//180007
PAGO
:61:081215C000000001000,00NTRF000000000000//180007
PAGO
:61:081215C000000000350,00NTRF000000000000//180007
PAGO
:61:081215C000000001300,00NTRF000000000000//180007
PAGO
:61:081215C000000000171,50NTRF000000000000//180007
PAGO
:61:081215C000000000400,00NTRF000000000000//180007
PAGO
:61:081215C000000003000,00NTRF000082657050//180007
PAGO
:61:081215C000000000800,00NTRF000082635932//180007
PAGO
:61:081215C000000000500,00NTRF000082635943//180007
PAGO
:62M:C081215VEF000014876332,65
-}{5:{CHK:1143FB20924B}}{S:{COP:S}}${1:F21VZCRVECAAXXX5410610696}{4:{177:0404021720}{451:0}}{1:F01VZCRVECAAXXX5410610696}{2:09501717040402VZCRVECAAXXX40812675430404021720N}{3:{108:SCONNECT}}{4:
:20:MI081215
:25:2222222222
:28C:0519/223
:60M:C081215VEF000014876332,65
:61:081215C000000000351,78NTRF000082611443//180007
PAGO
:61:081215C000000000135,00NTRF000082613436//180007
PAGO
:61:081215C000000000450,00NTRF000082613860//180007
PAGO
:61:081215C000000000500,00NTRF000082614545//180007
PAGO
:61:081215C000000000405,23NTRF000082618325//180007
PAGO
:61:081215C000000001250,00NTRF000082618852//180007
PAGO
:61:081215C000000000295,00NTRF000082620871//180007
PAGO
:61:081215C000000000510,00NTRF000082620974//180007
PAGO
:61:081215C000000000100,00NTRF000082622120//180007
PAGO
:62M:C081215VEF000014880329,66
-}{5:{CHK:1143FB20924B}}{S:{COP:S}}${1:F21VZCRVECAAXXX5410610696}{4:{177:0404021720}{451:0}}{1:F01VZCRVECAAXXX5410610696}{2:09501717040402VZCRVECAAXXX40812675430404021720N}{3:{108:SCONNECT}}{4:
:20:MI081215
:25:2222222222
:28C:0519/224
:60M:C081215VEF000014880329,66
:61:081215C000000003800,00NTRF000082622175//180007
PAGO
:61:081215C000000001200,00NTRF000082623844//180007
PAGO
:61:081215C000000000250,00NTRF000082624135//180007
PAGO
:61:081215C000000000270,00NTRF000082624581//180007
PAGO
:61:081215C000000000220,00NTRF000082599860//180007
PAGO
:61:081215C000000000400,00NTRF000082600361//180007
PAGO
:61:081215C000000000100,00NTRF000082601046//180007
PAGO
:61:081215C000000003000,00NTRF000082602052//180007
PAGO
:61:081215C000000000300,00NTRF000082602273//180007
PAGO
:62M:C081215VEF000014889869,66
-}{5:{CHK:1143FB20924B}}{S:{COP:S}}${1:F21VZCRVECAAXXX5410610696}{4:{177:0404021720}{451:0}}{1:F01VZCRVECAAXXX5410610696}{2:09501717040402VZCRVECAAXXX40812675430404021720N}{3:{108:SCONNECT}}{4:
:20:MI081215
:25:2222222222
:28C:0519/225
:60M:C081215VEF000014889869,66
:61:081215C000000000600,00NTRF000082602450//180007
PAGO
:61:081215C000000004000,00NTRF000082607011//180007
PAGO
:61:081215C000000000350,00NTRF000082607582//180007
PAGO
:61:081215C000000005205,00NTRF000082608120//180007
PAGO
:61:081215C000000000460,00NTRF000082588505//180007
PAGO
:61:081215C000000000090,00NTRF000082588645//180007
PAGO
:61:081215C000000000900,00NTRF000082591493//180007
PAGO
:61:081215C000000003000,00NTRF000082592355//180007
PAGO
:61:081215C000000000780,00NTRF000082593254//180007
PAGO
:62M:C081215VEF000014905254,66
-}{5:{CHK:1143FB20924B}}{S:{COP:S}}${1:F21VZCRVECAAXXX5410610696}{4:{177:0404021720}{451:0}}{1:F01VZCRVECAAXXX5410610696}{2:09501717040402VZCRVECAAXXX40812675430404021720N}{3:{108:SCONNECT}}{4:
:20:MI081215
:25:2222222222
:28C:0519/226
:60M:C081215VEF000014905254,66
:61:081215C000000001300,00NTRF000082593582//180007
PAGO
:61:081215C000000000300,00NTRF000082596102//180007
PAGO
:61:081215C000000005000,00NTRF000082596706//180007
PAGO
:61:081215C000000002500,00NTRF000082581660//180007
PAGO
:61:081215C000000000400,00NTRF000082582113//180007
PAGO
:61:081215C000000000800,00NTRF000082582301//180007
PAGO
:61:081215C000000000400,00NTRF000082582452//180007
PAGO
:61:081215C000000000029,00NTRF000082583432//180007
PAGO
:61:081215C000000005000,00NTRF000082583955//180007
PAGO
:62M:C081215VEF000014920983,66
-}{5:{CHK:1143FB20924B}}{S:{COP:S}}${1:F21VZCRVECAAXXX5410610696}{4:{177:0404021720}{451:0}}{1:F01VZCRVECAAXXX5410610696}{2:09501717040402VZCRVECAAXXX40812675430404021720N}{3:{108:SCONNECT}}{4:
:20:MI081215
:25:2222222222
:28C:0519/227
:60M:C081215VEF000014920983,66
:61:081215C000000003000,00NTRF000082566282//180007
PAGO
:61:081215C000000001400,00NTRF000082566735//180007
PAGO
:61:081215C000000000450,00NTRF000082571683//180007
PAGO
:61:081215C000000004500,00NTRF000082573455//180007
PAGO
:61:081215C000000000700,00NTRF000082547920//180007
PAGO
:61:081215C000000001000,00NTRF000082548561//180007
PAGO
:61:081215C000000001200,00NTRF000082549762//180007
PAGO
:61:081215C000000000480,00NTRF000082549843//180007
PAGO
:61:081215C000000001650,00NTRF000082551081//180007
PAGO
:62M:C081215VEF000014935363,66
-}{5:{CHK:1143FB20924B}}{S:{COP:S}}${1:F21VZCRVECAAXXX5410610696}{4:{177:0404021720}{451:0}}{1:F01VZCRVECAAXXX5410610696}{2:09501717040402VZCRVECAAXXX40812675430404021720N}{3:{108:SCONNECT}}{4:
:20:MI081215
:25:2222222222
:28C:0519/228
:60M:C081215VEF000014935363,66
:61:081215C000000001200,00NTRF000082551464//180007
PAGO
:61:081215C000000001500,00NTRF000082538282//180007
PAGO
:61:081215C000000002017,40NTRF000082538470//180007
PAGO
:61:081215C000000000500,00NTRF000082539483//180007
PAGO
:61:081215C000000000240,00NTRF000082540231//180007
PAGO
:61:081215C000000000350,00NTRF000082540673//180007
PAGO
:61:081215C000000000500,00NTRF000082540710//180007
PAGO
:61:081215C000000001500,00NTRF000082541911//180007
PAGO
:61:081215C000000004000,00NTRF000082543871//180007
PAGO
:62M:C081215VEF000014947171,06
-}{5:{CHK:1143FB20924B}}{S:{COP:S}}${1:F21VZCRVECAAXXX5410610696}{4:{177:0404021720}{451:0}}{1:F01VZCRVECAAXXX5410610696}{2:09501717040402VZCRVECAAXXX40812675430404021720N}{3:{108:SCONNECT}}{4:
:20:MI081215
:25:2222222222
:28C:0519/229
:60M:C081215VEF000014947171,06
:61:081215C000000000090,00NTRF000082546085//180007
PAGO
:61:081215C000000000100,00NTRF000082546520//180007
PAGO
:61:081215C000000004000,00NTRF000082547883//180007
PAGO
:61:081215C000000001000,00NTRF000082529974//180007
PAGO
:61:081215C000000025264,49NTRF000082530582//180007
PAGO
:61:081215C000000002000,00NTRF000082530954//180007
PAGO
:61:081215C000000000400,00NTRF000082533290//180007
PAGO
:61:081215C000000000500,00NTRF000082534266//180007
PAGO
:61:081215C000000000300,00NTRF000082534605//180007
PAGO
:62M:C081215VEF000014980825,55
-}{5:{CHK:1143FB20924B}}{S:{COP:S}}${1:F21VZCRVECAAXXX5410610696}{4:{177:0404021720}{451:0}}{1:F01VZCRVECAAXXX5410610696}{2:09501717040402VZCRVECAAXXX40812675430404021720N}{3:{108:SCONNECT}}{4:
:20:MI081215
:25:2222222222
:28C:0519/230
:60M:C081215VEF000014980825,55
:61:081215C000000000500,00NTRF000082535305//180007
PAGO
:61:081215C000000000450,00NTRF000082535972//180007
PAGO
:61:081215C000000000098,37NTRF000082536856//180007
PAGO
:61:081215C000000000110,00NTRF000082536941//180007
PAGO
:61:081215C000000000025,00NTRF000082537022//180007
PAGO
:61:081215C000000000600,00NTRF000082537534//180007
PAGO
:61:081215C000000001500,00NTRF000082537556//180007
PAGO
:61:081215C000000000500,00NTRF000082520981//180007
PAGO
:61:081215C000000000150,00NTRF000082520955//180007
PAGO
:62M:C081215VEF000014984758,92
-}{5:{CHK:1143FB20924B}}{S:{COP:S}}${1:F21VZCRVECAAXXX5410610696}{4:{177:0404021720}{451:0}}{1:F01VZCRVECAAXXX5410610696}{2:09501717040402VZCRVECAAXXX40812675430404021720N}{3:{108:SCONNECT}}{4:
:20:MI081215
:25:2222222222
:28C:0519/231
:60M:C081215VEF000014984758,92
:61:081215C000000004000,00NTRF000082523383//180007
PAGO
:61:081215C000000001500,00NTRF000082523674//180007
PAGO
:61:081215C000000000600,00NTRF000082523954//180007
PAGO
:61:081215C000000000300,00NTRF000082524072//180007
PAGO
:61:081215C000000000325,98NTRF000082524816//180007
PAGO
:61:081215C000000000250,00NTRF000082525833//180007
PAGO
:61:081215C000000003000,00NTRF000082526522//180007
PAGO
:61:081215C000000000500,00NTRF000082526695//180007
PAGO
:61:081215C000000000650,00NTRF000082527723//180007
PAGO
:62M:C081215VEF000014995884,90
-}{5:{CHK:1143FB20924B}}{S:{COP:S}}${1:F21VZCRVECAAXXX5410610696}{4:{177:0404021720}{451:0}}{1:F01VZCRVECAAXXX5410610696}{2:09501717040402VZCRVECAAXXX40812675430404021720N}{3:{108:SCONNECT}}{4:
:20:MI081215
:25:2222222222
:28C:0519/232
:60M:C081215VEF000014995884,90
:61:081215C000000000500,00NTRF000082528235//180007
PAGO
:61:081215C000000000500,00NTRF000082529031//180007
PAGO
:61:081215C000000003000,00NTRF000082519345//180007
PAGO
:61:081215C000000000500,00NTRF000082519371//180007
PAGO
:61:081215C000000000399,62NTRF000082520815//180007
PAGO
:61:081215C000000005000,00NTRF000082551755//180007
PAGO
:61:081215C000000001500,00NTRF000082554135//180007
PAGO
:61:081215C000000000500,00NTRF000082554765//180007
PAGO
:61:081215C000000000600,00NTRF000082562664//180007
PAGO
:62M:C081215VEF000015008384,52
-}{5:{CHK:1143FB20924B}}{S:{COP:S}}${1:F21VZCRVECAAXXX5410610696}{4:{177:0404021720}{451:0}}{1:F01VZCRVECAAXXX5410610696}{2:09501717040402VZCRVECAAXXX40812675430404021720N}{3:{108:SCONNECT}}{4:
:20:MI081215
:25:2222222222
:28C:0519/233
:60M:C081215VEF000015008384,52
:61:081215C000000005000,00NTRF000082563401//180007
PAGO
:61:081215C000000001500,00NTRF000082565464//180007
PAGO
:61:081215C000000000207,00NTRF000082566013//180007
PAGO
:61:081215C000000001000,00NTRF000082537604//180007
PAGO
:61:081215C000000001219,00NTRF000082537700//180007
PAGO
:61:081215C000000003450,00NTRF000082566890//180007
PAGO
:61:081215C000000005000,00NTRF000082566912//180007
PAGO
:61:081215C000000004000,00NTRF000082568290//180007
PAGO
:61:081215C000000000350,30NTRF000082569362//180007
PAGO
:62M:C081215VEF000015030110,82
-}{5:{CHK:1143FB20924B}}{S:{COP:S}}${1:F21VZCRVECAAXXX5410610696}{4:{177:0404021720}{451:0}}{1:F01VZCRVECAAXXX5410610696}{2:09501717040402VZCRVECAAXXX40812675430404021720N}{3:{108:SCONNECT}}{4:
:20:MI081215
:25:2222222222
:28C:0519/234
:60M:C081215VEF000015030110,82
:61:081215C000000000475,00NTRF000082569443//180007
PAGO
:61:081215C000000000650,00NTRF000082570062//180007
PAGO
:61:081215C000000005000,00NTRF000082570445//180007
PAGO
:61:081215C000000000150,00NTRF000082571311//180007
PAGO
:61:081215C000000001000,00NTRF000082571333//180007
PAGO
:61:081215C000000001200,00NTRF000082598180//180007
PAGO
:61:081215C000000002000,00NTRF000082575290//180007
PAGO
:61:081215C000000000700,00NTRF000082576196//180007
PAGO
:61:081215C000000000500,00NTRF000082576900//180007
PAGO
:62M:C081215VEF000015041785,82
-}{5:{CHK:1143FB20924B}}{S:{COP:S}}${1:F21VZCRVECAAXXX5410610696}{4:{177:0404021720}{451:0}}{1:F01VZCRVECAAXXX5410610696}{2:09501717040402VZCRVECAAXXX40812675430404021720N}{3:{108:SCONNECT}}{4:
:20:MI081215
:25:2222222222
:28C:0519/235
:60M:C081215VEF000015041785,82
:61:081215C000000000750,00NTRF000082577283//180007
PAGO
:61:081215C000000003000,00NTRF000082578226//180007
PAGO
:61:081215C000000002000,00NTRF000082578812//180007
PAGO
:61:081215C000000000050,00NTRF000082579884//180007
PAGO
:61:081215C000000002000,00NTRF000082581531//180007
PAGO
:61:081215C000000000800,00NTRF000082609704//180007
PAGO
:61:081215C000000005000,00NTRF000082609715//180007
PAGO
:61:081215C000000000213,00NTRF000082611266//180007
PAGO
:61:081215C000000001500,00NTRF000082611270//180007
PAGO
:62M:C081215VEF000015057098,82
-}{5:{CHK:1143FB20924B}}{S:{COP:S}}${1:F21VZCRVECAAXXX5410610696}{4:{177:0404021720}{451:0}}{1:F01VZCRVECAAXXX5410610696}{2:09501717040402VZCRVECAAXXX40812675430404021720N}{3:{108:SCONNECT}}{4:
:20:MI081215
:25:2222222222
:28C:0519/236
:60M:C081215VEF000015057098,82
:61:081215C000000000800,00NTRF000082585311//180007
PAGO
:61:081215C000000001000,00NTRF000082585366//180007
PAGO
:61:081215C000000003000,00NTRF000082585705//180007
PAGO
:61:081215C000000002000,00NTRF000082586630//180007
PAGO
:61:081215C000000002000,00NTRF000082588133//180007
PAGO
:61:081215C000000000100,00NTRF000082628416//180007
PAGO
:61:081215C000000000300,00NTRF000082629050//180007
PAGO
:61:081215C000000004000,00NTRF000082629654//180007
PAGO
:61:081215C000000001300,00NTRF000082629853//180007
PAGO
:62M:C081215VEF000015071598,82
-}{5:{CHK:1143FB20924B}}{S:{COP:S}}${1:F21VZCRVECAAXXX5410610696}{4:{177:0404021720}{451:0}}{1:F01VZCRVECAAXXX5410610696}{2:09501717040402VZCRVECAAXXX40812675430404021720N}{3:{108:SCONNECT}}{4:
:20:MI081215
:25:2222222222
:28C:0519/237
:60M:C081215VEF000015071598,82
:61:081215C000000000080,00NTRF000082631345//180007
PAGO
:61:081215C000000000400,00NTRF000082633224//180007
PAGO
:61:081215C000000005000,00NTRF000082634160//180007
PAGO
:61:081215C000000003000,00NTRF000082635851//180007
PAGO
:61:081215C000000001000,00NTRF000082645835//180007
PAGO
:61:081215C000000001000,00NTRF000082646126//180007
PAGO
:61:081215C000000000500,00NTRF000082646174//180007
PAGO
:61:081215C000000002000,00NTRF000082646771//180007
PAGO
:61:081215C000000001900,00NTRF000082647401//180007
PAGO
:62M:C081215VEF000015086478,82
-}{5:{CHK:1143FB20924B}}{S:{COP:S}}${1:F21VZCRVECAAXXX5410610696}{4:{177:0404021720}{451:0}}{1:F01VZCRVECAAXXX5410610696}{2:09501717040402VZCRVECAAXXX40812675430404021720N}{3:{108:SCONNECT}}{4:
:20:MI081215
:25:2222222222
:28C:0519/238
:60M:C081215VEF000015086478,82
:61:081215C000000850672,57NTRF000082647574//180007
PAGO
:61:081215C000000000700,00NTRF000082624883//180007
PAGO
:61:081215C000000000100,00NTRF000082626261//180007
PAGO
:61:081215C000000000070,00NTRF000082627204//180007
PAGO
:61:081215C000000000150,00NTRF000082556880//180007
PAGO
:61:081215C000000002000,00NTRF000082558733//180007
PAGO
:61:081215C000003000000,00NTRF000082639410//180007
PAGO
:61:081215C000000000090,00NTRF000082639804//180007
PAGO
:61:081215C000000001000,00NTRF000082640950//180007
PAGO
:62M:C081215VEF000018941261,39
-}{5:{CHK:1143FB20924B}}{S:{COP:S}}${1:F21VZCRVECAAXXX5410610696}{4:{177:0404021720}{451:0}}{1:F01VZCRVECAAXXX5410610696}{2:09501717040402VZCRVECAAXXX40812675430404021720N}{3:{108:SCONNECT}}{4:
:20:MI081215
:25:2222222222
:28C:0519/239
:60M:C081215VEF000018941261,39
:61:081215C000000000150,00NTRF000082641285//180007
PAGO
:61:081215C000000000030,00NTRF000082641775//180007
PAGO
:61:081215C000000000500,00NTRF000082642173//180007
PAGO
:61:081215C000000001850,00NTRF000082642523//180007
PAGO
:61:081215C000000002000,00NTRF000082660314//180007
PAGO
:61:081215C000000000200,00NTRF000082657035//180007
PAGO
:61:081215C000000011375,00NTRF000082653664//180007
PAGO
:61:081215C000000002600,00NTRF000082651726//180007
PAGO
:61:081215C000000000450,00NTRF000082649221//180007
PAGO
:62M:C081215VEF000018960416,39
-}{5:{CHK:1143FB20924B}}{S:{COP:S}}${1:F21VZCRVECAAXXX5410610696}{4:{177:0404021720}{451:0}}{1:F01VZCRVECAAXXX5410610696}{2:09501717040402VZCRVECAAXXX40812675430404021720N}{3:{108:SCONNECT}}{4:
:20:MI081215
:25:2222222222
:28C:0519/240
:60M:C081215VEF000018960416,39
:61:081215C000000000500,00NTRF000082560284//180007
PAGO
:61:081215C000000000700,00NTRF000082559971//180007
PAGO
:61:081215C000000000300,00NTRF000082559746//180007
PAGO
:61:081215C000000005000,00NTRF000082559573//180007
PAGO
:61:081215C000000003550,00NTRF000082615470//180007
PAGO
:61:081215C000000001000,00NTRF000082632605//180007
PAGO
:61:081215C000000000206,00NTRF000082645371//180007
PAGO
:61:081215C000000000063,58NTRF000082529381//180007
PAGO
:61:081215C000000001000,00NTRF000082532656//180007
PAGO
:62M:C081215VEF000018972735,97
-}{5:{CHK:1143FB20924B}}{S:{COP:S}}${1:F21VZCRVECAAXXX5410610696}{4:{177:0404021720}{451:0}}{1:F01VZCRVECAAXXX5410610696}{2:09501717040402VZCRVECAAXXX40812675430404021720N}{3:{108:SCONNECT}}{4:
:20:MI081215
:25:2222222222
:28C:0519/241
:60M:C081215VEF000018972735,97
:61:081215C000000000100,00NTRF000082566083//180007
PAGO
:61:081215C000000000527,00NTRF000082575684//180007
PAGO
:61:081215C000000000338,00NTRF000082579556//180007
PAGO
:61:081215C000000000083,00NTRF000082585985//180007
PAGO
:61:081215C000000004000,00NTRF000082588763//180007
PAGO
:61:081215C000000000500,00NTRF000082602380//180007
PAGO
:61:081215C000000004000,00NTRF000082604605//180007
PAGO
:61:081215C000000001732,94NTRF000082525085//180007
PAGO
:61:081215C000000000130,00NTRF000082525612//180007
PAGO
:62M:C081215VEF000018984146,91
-}{5:{CHK:1143FB20924B}}{S:{COP:S}}${1:F21VZCRVECAAXXX5410610696}{4:{177:0404021720}{451:0}}{1:F01VZCRVECAAXXX5410610696}{2:09501717040402VZCRVECAAXXX40812675430404021720N}{3:{108:SCONNECT}}{4:
:20:MI081215
:25:2222222222
:28C:0519/242
:60M:C081215VEF000018984146,91
:61:081215C000000000003,00NTRF000082526161//180007
PAGO
:61:081215C000000000400,00NTRF000082576314//180007
PAGO
:61:081215C000000000150,00NTRF000082571786//180007
PAGO
:61:081215C000000000200,00NTRF000082545923//180007
PAGO
:61:081215C000000000200,00NTRF000082529554//180007
PAGO
:61:081215C000000000500,00NTRF000082649070//180007
PAGO
:61:081215C000000000290,38NTRF000082615256//180007
PAGO
:61:081215C000000000160,00NTRF000082614136//180007
PAGO
:61:081215C000000000180,00NTRF000082607604//180007
PAGO
:62M:C081215VEF000018986230,29
-}{5:{CHK:1143FB20924B}}{S:{COP:S}}${1:F21VZCRVECAAXXX5410610696}{4:{177:0404021720}{451:0}}{1:F01VZCRVECAAXXX5410610696}{2:09501717040402VZCRVECAAXXX40812675430404021720N}{3:{108:SCONNECT}}{4:
:20:MI081215
:25:2222222222
:28C:0519/243
:60M:C081215VEF000018986230,29
:61:081215C000000000400,00NTRF000082606381//180007
PAGO
:61:081215C000000000600,00NTRF000082560914//180007
PAGO
:61:081215C000000000734,70NTRF000082648241//180007
PAGO
:61:081215C000000000300,00NTRF000082648904//180007
PAGO
:61:081215C000000005000,00NTRF000082649630//180007
PAGO
:61:081215C000000015000,00NTRF000082653082//180007
PAGO
:61:081215C000000001350,00NTRF000082655344//180007
PAGO
:61:081215C000000001600,00NTRF000000399273//180007
PAGO
:61:081215C000000003000,00NTRF000000399050//180007
PAGO
:62M:C081215VEF000019014214,99
-}{5:{CHK:1143FB20924B}}{S:{COP:S}}${1:F21VZCRVECAAXXX5410610696}{4:{177:0404021720}{451:0}}{1:F01VZCRVECAAXXX5410610696}{2:09501717040402VZCRVECAAXXX40812675430404021720N}{3:{108:SCONNECT}}{4:
:20:MI081215
:25:2222222222
:28C:0519/244
:60M:C081215VEF000019014214,99
:61:081215C000000008000,00NTRF000000399278//180007
PAGO
:61:081215C000000000300,00NTRF000000398696//180007
PAGO
:61:081215C000000000070,00NTRF000000399489//180007
PAGO
:61:081215C000000000200,00NTRF000000278443//180007
PAGO
:61:081215C000000000250,00NTRF000000276649//180007
PAGO
:61:081215C000000000700,00NTRF000000401081//180007
PAGO
:61:081215C000000000150,00NTRF000000277995//180007
PAGO
:61:081215C000000054347,39NTRF000052084922//180007
PAGO
:61:081215C000000003348,35NTRF000000398408//180007
PAGO
:62M:C081215VEF000019081580,73
-}{5:{CHK:1143FB20924B}}{S:{COP:S}}${1:F21VZCRVECAAXXX5410610696}{4:{177:0404021720}{451:0}}{1:F01VZCRVECAAXXX5410610696}{2:09501717040402VZCRVECAAXXX40812675430404021720N}{3:{108:SCONNECT}}{4:
:20:MI081215
:25:2222222222
:28C:0519/245
:60M:C081215VEF000019081580,73
:61:081215C000000005201,45NTRF000000397809//180007
PAGO
:61:081215C000000001900,00NTRF000000397032//180007
PAGO
:61:081215C000000001000,00NTRF000000396036//180007
PAGO
:61:081215C000000024865,08NTRF000000398421//180007
PAGO
:61:081215C000000000150,00NTRF000000398427//180007
PAGO
:61:081215C000000001500,00NTRF000000400965//180007
PAGO
:61:081215C000000010000,00NTRF000000400219//180007
PAGO
:61:081215C000000010000,00NTRF000000400220//180007
PAGO
:61:081215C000000010000,00NTRF000000400228//180007
PAGO
:62M:C081215VEF000019146197,26
-}{5:{CHK:1143FB20924B}}{S:{COP:S}}${1:F21VZCRVECAAXXX5410610696}{4:{177:0404021720}{451:0}}{1:F01VZCRVECAAXXX5410610696}{2:09501717040402VZCRVECAAXXX40812675430404021720N}{3:{108:SCONNECT}}{4:
:20:MI081215
:25:2222222222
:28C:0519/246
:60M:C081215VEF000019146197,26
:61:081215C000000001000,00NTRF000000399965//180007
PAGO
:61:081215C000000000500,00NTRF000000399928//180007
PAGO
:61:081215C000000001100,00NTRF000000399891//180007
PAGO
:61:081215C000000000200,00NTRF000000399750//180007
PAGO
:61:081215C000000000200,00NTRF000000399547//180007
PAGO
:61:081215C000000001410,00NTRF000000400263//180007
PAGO
:61:081215C000000000750,00NTRF000000239579//180007
PAGO
:61:081215C000000000534,70NTRF000000239584//180007
PAGO
:61:081215C000000000300,00NTRF000000239643//180007
PAGO
:62M:C081215VEF000019152191,96
-}{5:{CHK:1143FB20924B}}{S:{COP:S}}${1:F21VZCRVECAAXXX5410610696}{4:{177:0404021720}{451:0}}{1:F01VZCRVECAAXXX5410610696}{2:09501717040402VZCRVECAAXXX40812675430404021720N}{3:{108:SCONNECT}}{4:
:20:MI081215
:25:2222222222
:28C:0519/247
:60M:C081215VEF000019152191,96
:61:081215C000000000400,00NTRF000000240666//180007
PAGO
:61:081215C000000000325,00NTRF000000240707//180007
PAGO
:61:081215C000000002000,00NTRF000000240046//180007
PAGO
:61:081215C000000000500,00NTRF000000240057//180007
PAGO
:61:081215C000000000200,00NTRF000000240082//180007
PAGO
:61:081215C000000000400,00NTRF000000240102//180007
PAGO
:61:081215C000000004000,00NTRF000000240106//180007
PAGO
:61:081215C000000002000,00NTRF000000240135//180007
PAGO
:61:081215C000000001350,00NTRF000000240156//180007
PAGO
:62M:C081215VEF000019163366,96
-}{5:{CHK:1143FB20924B}}{S:{COP:S}}${1:F21VZCRVECAAXXX5410610696}{4:{177:0404021720}{451:0}}{1:F01VZCRVECAAXXX5410610696}{2:09501717040402VZCRVECAAXXX40812675430404021720N}{3:{108:SCONNECT}}{4:
:20:MI081215
:25:2222222222
:28C:0519/248
:60M:C081215VEF000019163366,96
:61:081215C000000000500,00NTRF000000240677//180007
PAGO
:61:081215C000000000750,00NTRF000000240629//180007
PAGO
:61:081215C000000013440,00NTRF000000240589//180007
PAGO
:61:081215C000000002000,00NTRF000000240496//180007
PAGO
:61:081215C000000001344,00NTRF000000240514//180007
PAGO
:61:081215C000000001000,00NTRF000000240568//180007
PAGO
:61:081215C000000000760,00NTRF000000240442//180007
PAGO
:61:081215C000000006000,00NTRF000000240394//180007
PAGO
:61:081215C000000000100,00NTRF000000240386//180007
PAGO
:62M:C081215VEF000019189260,96
-}{5:{CHK:1143FB20924B}}{S:{COP:S}}${1:F21VZCRVECAAXXX5410610696}{4:{177:0404021720}{451:0}}{1:F01VZCRVECAAXXX5410610696}{2:09501717040402VZCRVECAAXXX40812675430404021720N}{3:{108:SCONNECT}}{4:
:20:MI081215
:25:2222222222
:28C:0519/249
:60M:C081215VEF000019189260,96
:61:081215C000000000500,00NTRF000000240612//180007
PAGO
:61:081215C000000000300,00NTRF000000239686//180007
PAGO
:61:081215C000000000100,00NTRF000000239698//180007
PAGO
:61:081215C000000000400,00NTRF000000239711//180007
PAGO
:61:081215C000000001500,00NTRF000000239798//180007
PAGO
:61:081215C000000000300,00NTRF000000239799//180007
PAGO
:61:081215C000000000739,00NTRF000000239810//180007
PAGO
:61:081215C000000000442,00NTRF000000239815//180007
PAGO
:61:081215C000000000620,00NTRF000000239856//180007
PAGO
:62M:C081215VEF000019194161,96
-}{5:{CHK:1143FB20924B}}{S:{COP:S}}${1:F21VZCRVECAAXXX5410610696}{4:{177:0404021720}{451:0}}{1:F01VZCRVECAAXXX5410610696}{2:09501717040402VZCRVECAAXXX40812675430404021720N}{3:{108:SCONNECT}}{4:
:20:MI081215
:25:2222222222
:28C:0519/250
:60M:C081215VEF000019194161,96
:61:081215C000000001620,00NTRF000000239339//180007
PAGO
:61:081215C000000000500,00NTRF000000239363//180007
PAGO
:61:081215C000000000800,00NTRF000000239452//180007
PAGO
:61:081215C000000002000,00NTRF000000239482//180007
PAGO
:61:081215C000000002100,00NTRF000000239524//180007
PAGO
:61:081215C000000025000,00NTRF000000239534//180007
PAGO
:61:081215C000000000550,00NTRF000000238466//180007
PAGO
:61:081215C000000001000,00NTRF000000238484//180007
PAGO
:61:081215C000000000400,00NTRF000000238918//180007
PAGO
:62M:C081215VEF000019228131,96
-}{5:{CHK:1143FB20924B}}{S:{COP:S}}${1:F21VZCRVECAAXXX5410610696}{4:{177:0404021720}{451:0}}{1:F01VZCRVECAAXXX5410610696}{2:09501717040402VZCRVECAAXXX40812675430404021720N}{3:{108:SCONNECT}}{4:
:20:MI081215
:25:2222222222
:28C:0519/251
:60M:C081215VEF000019228131,96
:61:081215C000000000150,00NTRF000000238942//180007
PAGO
:61:081215C000000002400,00NTRF000000237656//180007
PAGO
:61:081215C000000000150,00NTRF000000237695//180007
PAGO
:61:081215C000000000900,00NTRF000000237720//180007
PAGO
:61:081215C000000000346,51NTRF000000237814//180007
PAGO
:61:081215C000000000200,00NTRF000000237881//180007
PAGO
:61:081215C000000001000,00NTRF000000237951//180007
PAGO
:61:081215C000000004500,00NTRF000000237376//180007
PAGO
:61:081215C000000002000,00NTRF000000237379//180007
PAGO
:62M:C081215VEF000019239778,47
-}{5:{CHK:1143FB20924B}}{S:{COP:S}}${1:F21VZCRVECAAXXX5410610696}{4:{177:0404021720}{451:0}}{1:F01VZCRVECAAXXX5410610696}{2:09501717040402VZCRVECAAXXX40812675430404021720N}{3:{108:SCONNECT}}{4:
:20:MI081215
:25:2222222222
:28C:0519/252
:60M:C081215VEF000019239778,47
:61:081215C000000002000,00NTRF000000237401//180007
PAGO
:61:081215C000000000168,55NTRF000000237425//180007
PAGO
:61:081215C000000001750,00NTRF000000237495//180007
PAGO
:61:081215C000000007000,00NTRF000000237496//180007
PAGO
:61:081215C000000000300,00NTRF000000237586//180007
PAGO
:61:081215C000000003000,00NTRF000000237593//180007
PAGO
:61:081215C000000001000,00NTRF000000237124//180007
PAGO
:61:081215C000000001000,00NTRF000000237133//180007
PAGO
:61:081215C000000005000,00NTRF000000237144//180007
PAGO
:62M:C081215VEF000019260997,02
-}{5:{CHK:1143FB20924B}}{S:{COP:S}}${1:F21VZCRVECAAXXX5410610696}{4:{177:0404021720}{451:0}}{1:F01VZCRVECAAXXX5410610696}{2:09501717040402VZCRVECAAXXX40812675430404021720N}{3:{108:SCONNECT}}{4:
:20:MI081215
:25:2222222222
:28C:0519/253
:60M:C081215VEF000019260997,02
:61:081215C000000004990,00NTRF000000237236//180007
PAGO
:61:081215C000000000705,00NTRF000000237300//180007
PAGO
:61:081215C000000000910,00NTRF000000237314//180007
PAGO
:61:081215C000000001000,00NTRF000000237316//180007
PAGO
:61:081215C000000000500,00NTRF000000236569//180007
PAGO
:61:081215C000000000875,00NTRF000000236860//180007
PAGO
:61:081215C000000000500,00NTRF000000236880//180007
PAGO
:61:081215C000000000300,00NTRF000000236894//180007
PAGO
:61:081215C000000001500,00NTRF000000236295//180007
PAGO
:62M:C081215VEF000019272277,02
-}{5:{CHK:1143FB20924B}}{S:{COP:S}}${1:F21VZCRVECAAXXX5410610696}{4:{177:0404021720}{451:0}}{1:F01VZCRVECAAXXX5410610696}{2:09501717040402VZCRVECAAXXX40812675430404021720N}{3:{108:SCONNECT}}{4:
:20:MI081215
:25:2222222222
:28C:0519/254
:60M:C081215VEF000019272277,02
:61:081215C000000000799,23NTRF000000236328//180007
PAGO
:61:081215C000000020000,00NTRF000000236329//180007
PAGO
:61:081215C000000010000,00NTRF000000236400//180007
PAGO
:61:081215C000000000680,00NTRF000000236424//180007
PAGO
:61:081215C000000002000,00NTRF000000236437//180007
PAGO
:61:081215C000000001000,00NTRF000000236474//180007
PAGO
:61:081215C000000007300,00NTRF000000236478//180007
PAGO
:61:081215C000000004000,00NTRF000000236531//180007
PAGO
:61:081215C000000002000,00NTRF000000236540//180007
PAGO
:62M:C081215VEF000019320056,25
-}{5:{CHK:1143FB20924B}}{S:{COP:S}}${1:F21VZCRVECAAXXX5410610696}{4:{177:0404021720}{451:0}}{1:F01VZCRVECAAXXX5410610696}{2:09501717040402VZCRVECAAXXX40812675430404021720N}{3:{108:SCONNECT}}{4:
:20:MI081215
:25:2222222222
:28C:0519/255
:60M:C081215VEF000019320056,25
:61:081215C000000000500,00NTRF000000236547//180007
PAGO
:61:081215C000000000500,00NTRF000000236560//180007
PAGO
:61:081215C000000005000,00NTRF000000236564//180007
PAGO
:61:081215C000000001842,59NTRF000000221424//180007
PAGO
:61:081215C000000103927,55NTRF000000221445//180007
PAGO
:61:081215C000000000364,00NTRF000000221546//180007
PAGO
:61:081215C000000006003,60NTRF000000222070//180007
PAGO
:61:081215C000000001500,00NTRF000000222959//180007
PAGO
:61:081215C000000003980,00NTRF000000223571//180007
PAGO
:62M:C081215VEF000019443673,99
-}{5:{CHK:1143FB20924B}}{S:{COP:S}}${1:F21VZCRVECAAXXX5410610696}{4:{177:0404021720}{451:0}}{1:F01VZCRVECAAXXX5410610696}{2:09501717040402VZCRVECAAXXX40812675430404021720N}{3:{108:SCONNECT}}{4:
:20:MI081215
:25:2222222222
:28C:0519/256
:60M:C081215VEF000019443673,99
:61:081215C000000000220,00NTRF000000228113//180007
PAGO
:61:081215C000000000150,00NTRF000000228119//180007
PAGO
:61:081215C000000000500,00NTRF000000235807//180007
PAGO
:61:081215C000000000150,00NTRF000000235835//180007
PAGO
:61:081215C000000000100,00NTRF000000235843//180007
PAGO
:61:081215C000000001700,00NTRF000000235912//180007
PAGO
:61:081215C000000004000,00NTRF000000236222//180007
PAGO
:61:081215C000000040000,00NTRF000000218591//180007
PAGO
:61:081215C000000030000,00NTRF000000218804//180007
PAGO
:62M:C081215VEF000019520493,99
-}{5:{CHK:1143FB20924B}}{S:{COP:S}}${1:F21VZCRVECAAXXX5410610696}{4:{177:0404021720}{451:0}}{1:F01VZCRVECAAXXX5410610696}{2:09501717040402VZCRVECAAXXX40812675430404021720N}{3:{108:SCONNECT}}{4:
:20:MI081215
:25:2222222222
:28C:0519/257
:60M:C081215VEF000019520493,99
:61:081215C000000000252,95NTRF000000218900//180007
PAGO
:61:081215C000000000714,98NTRF000000218928//180007
PAGO
:61:081215C000000022147,26NTRF000000219042//180007
PAGO
:61:081215C000000004160,00NTRF000000219236//180007
PAGO
:61:081215C000000001866,96NTRF000000219313//180007
PAGO
:61:081215C000000006450,00NTRF000000219681//180007
PAGO
:61:081215C000000006146,08NTRF000000219730//180007
PAGO
:61:081215C000000016322,80NTRF000000219927//180007
PAGO
:61:081215C000000000290,00NTRF000000221056//180007
PAGO
:62M:C081215VEF000019578845,02
-}{5:{CHK:1143FB20924B}}{S:{COP:S}}${1:F21VZCRVECAAXXX5410610696}{4:{177:0404021720}{451:0}}{1:F01VZCRVECAAXXX5410610696}{2:09501717040402VZCRVECAAXXX40812675430404021720N}{3:{108:SCONNECT}}{4:
:20:MI081215
:25:2222222222
:28C:0519/258
:60M:C081215VEF000019578845,02
:61:081215C000000020775,20NTRF000000221187//180007
PAGO
:61:081215C000000028242,46NTRF000000221391//180007
PAGO
:61:081215C000000001500,00NTRF000000209849//180007
PAGO
:61:081215C000000040000,00NTRF000000211088//180007
PAGO
:61:081215C000000004000,00NTRF000000211437//180007
PAGO
:61:081215C000000800000,00NTRF000000212715//180007
PAGO
:61:081215C000000500000,00NTRF000000214540//180007
PAGO
:61:081215C000000000582,08NTRF000000214615//180007
PAGO
:61:081215C000000030000,00NTRF000000214713//180007
PAGO
:62M:C081215VEF000021003944,76
-}{5:{CHK:1143FB20924B}}{S:{COP:S}}${1:F21VZCRVECAAXXX5410610696}{4:{177:0404021720}{451:0}}{1:F01VZCRVECAAXXX5410610696}{2:09501717040402VZCRVECAAXXX40812675430404021720N}{3:{108:SCONNECT}}{4:
:20:MI081215
:25:2222222222
:28C:0519/259
:60M:C081215VEF000021003944,76
:61:081215C000000003931,93NTRF000000217556//180007
PAGO
:61:081215C000000003870,13NTRF000000217557//180007
PAGO
:61:081215C000000000500,00NTRF000000236585//180007
PAGO
:61:081215C000000002100,00NTRF000000236635//180007
PAGO
:61:081215C000000002000,00NTRF000000236688//180007
PAGO
:61:081215C000000001000,00NTRF000000236727//180007
PAGO
:61:081215C000000000080,00NTRF000000236757//180007
PAGO
:61:081215C000000000450,00NTRF000000236778//180007
PAGO
:61:081215C000000000662,00NTRF000000236832//180007
PAGO
:62M:C081215VEF000021018538,82
-}{5:{CHK:1143FB20924B}}{S:{COP:S}}${1:F21VZCRVECAAXXX5410610696}{4:{177:0404021720}{451:0}}{1:F01VZCRVECAAXXX5410610696}{2:09501717040402VZCRVECAAXXX40812675430404021720N}{3:{108:SCONNECT}}{4:
:20:MI081215
:25:2222222222
:28C:0519/260
:60M:C081215VEF000021018538,82
:61:081215C000000000875,00NTRF000000236851//180007
PAGO
:61:081215C000000000800,00NTRF000000236855//180007
PAGO
:61:081215C000000000800,00NTRF000000237596//180007
PAGO
:61:081215C000000001100,00NTRF000000237614//180007
PAGO
:61:081215C000000000300,00NTRF000000237616//180007
PAGO
:61:081215C000000000120,00NTRF000000236917//180007
PAGO
:61:081215C000000000150,00NTRF000000236955//180007
PAGO
:61:081215C000000003000,00NTRF000000237016//180007
PAGO
:61:081215C000000000200,00NTRF000000237071//180007
PAGO
:62M:C081215VEF000021025883,82
-}{5:{CHK:1143FB20924B}}{S:{COP:S}}${1:F21VZCRVECAAXXX5410610696}{4:{177:0404021720}{451:0}}{1:F01VZCRVECAAXXX5410610696}{2:09501717040402VZCRVECAAXXX40812675430404021720N}{3:{108:SCONNECT}}{4:
:20:MI081215
:25:2222222222
:28C:0519/261
:60M:C081215VEF000021025883,82
:61:081215C000000000032,00NTRF000000237088//180007
PAGO
:61:081215C000000001000,00NTRF000000237117//180007
PAGO
:61:081215C000000001000,00NTRF000000238084//180007
PAGO
:61:081215C000000004000,00NTRF000000238165//180007
PAGO
:61:081215C000000000140,00NTRF000000238316//180007
PAGO
:61:081215C000000005000,00NTRF000000238379//180007
PAGO
:61:081215C000000005000,00NTRF000000238385//180007
PAGO
:61:081215C000000005000,00NTRF000000238429//180007
PAGO
:61:081215C000000001500,00NTRF000000238459//180007
PAGO
:62M:C081215VEF000021048555,82
-}{5:{CHK:1143FB20924B}}{S:{COP:S}}${1:F21VZCRVECAAXXX5410610696}{4:{177:0404021720}{451:0}}{1:F01VZCRVECAAXXX5410610696}{2:09501717040402VZCRVECAAXXX40812675430404021720N}{3:{108:SCONNECT}}{4:
:20:MI081215
:25:2222222222
:28C:0519/262
:60M:C081215VEF000021048555,82
:61:081215C000000007000,00NTRF000000237319//180007
PAGO
:61:081215C000000004850,00NTRF000000237346//180007
PAGO
:61:081215C000000001000,00NTRF000000238500//180007
PAGO
:61:081215C000000000276,00NTRF000000238518//180007
PAGO
:61:081215C000000000500,00NTRF000000238589//180007
PAGO
:61:081215C000000000050,00NTRF000000238656//180007
PAGO
:61:081215C000000007500,00NTRF000000238665//180007
PAGO
:61:081215C000000000400,00NTRF000000238672//180007
PAGO
:61:081215C000000000200,00NTRF000000238682//180007
PAGO
:62M:C081215VEF000021070331,82
-}{5:{CHK:1143FB20924B}}{S:{COP:S}}${1:F21VZCRVECAAXXX5410610696}{4:{177:0404021720}{451:0}}{1:F01VZCRVECAAXXX5410610696}{2:09501717040402VZCRVECAAXXX40812675430404021720N}{3:{108:SCONNECT}}{4:
:20:MI081215
:25:2222222222
:28C:0519/263
:60M:C081215VEF000021070331,82
:61:081215C000000002000,00NTRF000000238748//180007
PAGO
:61:081215C000000000050,00NTRF000000238884//180007
PAGO
:61:081215C000000001270,00NTRF000000239898//180007
PAGO
:61:081215C000000000391,00NTRF000000239918//180007
PAGO
:61:081215C000000001700,00NTRF000000238947//180007
PAGO
:61:081215C000000000252,00NTRF000000239043//180007
PAGO
:61:081215C000000003000,00NTRF000000239115//180007
PAGO
:61:081215C000000001000,00NTRF000000239131//180007
PAGO
:61:081215C000000000569,88NTRF000000239217//180007
PAGO
:62M:C081215VEF000021080564,70
-}{5:{CHK:1143FB20924B}}{S:{COP:S}}${1:F21VZCRVECAAXXX5410610696}{4:{177:0404021720}{451:0}}{1:F01VZCRVECAAXXX5410610696}{2:09501717040402VZCRVECAAXXX40812675430404021720N}{3:{108:SCONNECT}}{4:
:20:MI081215
:25:2222222222
:28C:0519/264
:60M:C081215VEF000021080564,70
:61:081215C000000001250,00NTRF000000239236//180007
PAGO
:61:081215C000000000200,00NTRF000000239290//180007
PAGO
:61:081215C000000000200,00NTRF000000240203//180007
PAGO
:61:081215C000000000068,52NTRF000000240206//180007
PAGO
:61:081215C000000001000,00NTRF000000240217//180007
PAGO
:61:081215C000000000500,00NTRF000000240278//180007
PAGO
:61:081215C000000000101,00NTRF000000240310//180007
PAGO
:61:081215C000000000900,00NTRF000000240344//180007
PAGO
:61:081215C000000000959,10NTRF000000850783//180007
PAGO
:62M:C081215VEF000021085743,32
-}{5:{CHK:1143FB20924B}}{S:{COP:S}}${1:F21VZCRVECAAXXX5410610696}{4:{177:0404021720}{451:0}}{1:F01VZCRVECAAXXX5410610696}{2:09501717040402VZCRVECAAXXX40812675430404021720N}{3:{108:SCONNECT}}{4:
:20:MI081215
:25:2222222222
:28C:0519/265
:60M:C081215VEF000021085743,32
:61:081215C000000000300,00NTRF000000536885//180007
PAGO
:61:081215C000000000920,00NTRF000000536920//180007
PAGO
:61:081215C000000006403,10NTRF000000535853//180007
PAGO
:61:081215C000000000500,00NTRF000000537016//180007
PAGO
:61:081215C000000000825,00NTRF000000536423//180007
PAGO
:61:081215C000000001500,00NTRF000015120800//180007
PAGO
:61:081215C000000004000,00NTRF000000000000//180007
PAGO
:61:081215C000000001000,00NTRF000000000000//180007
PAGO
:61:081215C000000000800,00NTRF000055068366//180007
PAGO
:62M:C081215VEF000021101991,42
-}{5:{CHK:1143FB20924B}}{S:{COP:S}}${1:F21VZCRVECAAXXX5410610696}{4:{177:0404021720}{451:0}}{1:F01VZCRVECAAXXX5410610696}{2:09501717040402VZCRVECAAXXX40812675430404021720N}{3:{108:SCONNECT}}{4:
:20:MI081215
:25:2222222222
:28C:0519/266
:60M:C081215VEF000021101991,42
:61:081215C000000002000,00NTRF000005203931//180007
PAGO
:61:081215C000000000232,98NTRF000055151125//180007
PAGO
:61:081215C000000000400,00NTRF000055153630//180007
PAGO
:61:081215C000000011500,00NTRF000055077265//180007
PAGO
:61:081215C000000005000,00NTRF000055054001//180007
PAGO
:61:081215C000000002100,00NTRF000055116313//180007
PAGO
:61:081215C000000008000,00NTRF000005202984//180007
PAGO
:61:081215C000000008000,00NTRF000055284936//180007
PAGO
:61:081215C000000000250,00NTRF000055273522//180007
PAGO
:62M:C081215VEF000021139474,40
-}{5:{CHK:1143FB20924B}}{S:{COP:S}}${1:F21VZCRVECAAXXX5410610696}{4:{177:0404021720}{451:0}}{1:F01VZCRVECAAXXX5410610696}{2:09501717040402VZCRVECAAXXX40812675430404021720N}{3:{108:SCONNECT}}{4:
:20:MI081215
:25:2222222222
:28C:0519/267
:60M:C081215VEF000021139474,40
:61:081215C000000000500,00NTRF000055268266//180007
PAGO
:61:081215C000000004000,00NTRF000055257534//180007
PAGO
:61:081215C000000000200,00NTRF000055232377//180007
PAGO
:61:081215C000000000600,00NTRF000055026290//180007
PAGO
:61:081215C000000000180,00NTRF000055013063//180007
PAGO
:61:081215C000000000797,00NTRF000055009460//180007
PAGO
:61:081215C000000000250,00NTRF000055003826//180007
PAGO
:61:081215C000000002000,00NTRF000055183067//180007
PAGO
:61:081215C000000005000,00NTRF000055166331//180007
PAGO
:62M:C081215VEF000021153001,40
-}{5:{CHK:1143FB20924B}}{S:{COP:S}}${1:F21VZCRVECAAXXX5410610696}{4:{177:0404021720}{451:0}}{1:F01VZCRVECAAXXX5410610696}{2:09501717040402VZCRVECAAXXX40812675430404021720N}{3:{108:SCONNECT}}{4:
:20:MI081215
:25:2222222222
:28C:0519/268
:60M:C081215VEF000021153001,40
:61:081215C000000002000,00NTRF000055144311//180007
PAGO
:61:081215C000000001727,94NTRF000055203428//180007
PAGO
:61:081215C000000000500,00NTRF000055252016//180007
PAGO
:61:081215C000000000600,00NTRF000055261737//180007
PAGO
:61:081215C000000002500,00NTRF000055284291//180007
PAGO
:61:081215C000000000250,00NTRF000055278929//180007
PAGO
:61:081215C000000000100,00NTRF000055284659//180007
PAGO
:61:081215C000000001100,00NTRF000055293555//180007
PAGO
:61:081215C000000000473,00NTRF000000124366//180007
PAGO
:61:081215D000021162252,34NTRF000020081215//180007
N/D
:62F:C081215VEF000000000000,00
-}{5:{CHK:96FA6004455F}}{S:{COP:S}}
