{1:F21BODEVE2MAXXX4200640723}{4:{177:0907170801}{451:0}}{1:F01BODEVE2MAXXX4200640723}{2:O9500252090717CHASUS33BXXX89869962370907170801N}{3:{108:DDA07165422213}}{4:
:20:ST07160544749693
:25:544749693
:28C:00137/00001
:60F:C090716USD2095207,63
:61:090716CD6319308,96S202806380//2727900197FS
BANCO CENTRAL DE VENEZUELA SA CARA
:61:090716CD9600,00NTRFOBDBTCOAMERIC//4324109197FF
DEUTSCHE BANK TRUST CO AMERICAS NE
:61:090716CD5716,00NTRF630090716500098//4785500197FC
CARLOS E CAMACHO DORDY A/O MARACAY
:61:090716CD2358,43NTRF39152OY01H5F//0371900197FC
WATERS TECHNOLOGIES CORPORATION MI
:61:090716DD2700000,00S202CT.FDS.160701//4080400197FS
:61:090716DD1817421,82S202CI34727//2139600197FS
:61:090716DD1001500,00S202CCANJEEFEC.USD//1487700195FS
:61:090716DD600000,00S103C008783419//5428000197FS
:61:090716DD130560,00S103C010076275//5426400197FS
:61:090716DD109269,00S103C008999630//5426300197FS
:61:090716DD104799,74S103C009223787//5425900197FS
:61:090716DD104799,74S103C009223958//5426000197FS
:61:090716DD79450,00S103C008282875//5426600197FS
:61:090716DD67583,20S103C008871324//5426200197FS
:61:090716DD62064,00S103C008265482//5426500197FS
:61:090716DD59235,92S103C009803151//5427400197FS
:61:090716DD54701,72S103C009932843//5427300197FS
:61:090716DD54701,72S103C009932779//5427800197FS
:61:090716DD52399,87S103C008596028//5426100197FS
:61:090716DD49853,00S103C010503863//5429300197FS
:61:090716DD49804,00S103C011050312//5428700197FS
:61:090716DD48800,00S103C011074425//5428900197FS
:61:090716DD48175,00S103C010557732//5427700197FS
:61:090716DD47941,73S103C010935522//5430400197FS
:61:090716DD47482,40S103C010633578//5428100197FS
:61:090716DD46178,61S103C010902441//5430200197FS
:61:090716DD44594,64S103C010831288//5428400197FS
:61:090716DD41301,00S103C009998283//5429000197FS
:61:090716DD33218,00S103C009421018//5424600197FS
:61:090716DD33218,00S103C009464303//5424700197FS
:61:090716DD33218,00S103C009464309//5424800197FS
:62M:C090716USD909919,91
-}{5:{CHK:EA196AADEDAC}{DLM:}}{S:{COP:P}}${1:F21BODEVE2MAXXX4200640725}{4:{177:0907170801}{451:0}}{1:F01BODEVE2MAXXX4200640725}{2:O9500252090717CHASUS33BXXX89869962410907170801N}{3:{108:DDA07165422214}}{4:
:20:ST07160544749693
:25:544749693
:28C:00137/00002
:60M:C090716USD909919,91
:61:090716DD33218,00S103C009420882//5424900197FS
:61:090716DD33218,00S103C009420634//5425000197FS
:61:090716DD33218,00S103C009420757//5425100197FS
:61:090716DD33218,00S103C009420575//5425700197FS
:61:090716DD33218,00S103C009464288//5425800197FS
:61:090716DD32972,94S103C010807971//5428600197FS
:61:090716DD28400,01S103C008309066//5427000197FS
:61:090716DD19107,20S103C010490266//5428800197FS
:61:090716DD18460,42S103C010633876//5427600197FS
:61:090716DD16267,00S103C011126560//5430700197FS
:61:090716DD13541,37S103C010782199//5430500197FS
:61:090716DD10703,38S103C010753281//5429500197FS
:61:090716DD10165,00S103C010728055//5427500197FS
:61:090716DD7800,00S103C011088813//5431000197FS
:61:090716DD7400,00S103C011126560//5430600197FS
:61:090716DD5200,00S103C010975377//5430900197FS
:61:090716DD3900,00S103C010924838//5430800197FS
:61:090716DD3713,10S103C010441350//5427900197FS
:61:090716DD1042,50S103C010602976//5429400197FS
:61:090716DD900,00S103C011106318JUL//5432800197FS
:61:090716DD900,00S103C011112580JUL//5433300197FS
:61:090716DD900,00S103C007592066JUL//5433600197FS
:61:090716DD900,00S103C010603733//5433700197FS
:61:090716DD900,00S103C011087856JUL//5433800197FS
:61:090716DD900,00S103C011112489JUL//5434000197FS
:61:090716DD880,00S103C007432416JUL//5432600197FS
:61:090716DD880,00S103C007826740JUL//5432700197FS
:61:090716DD770,41S103C010628121//5429200197FS
:61:090716DD749,00S103C008799472JUL//5432500197FS
:61:090716DD600,00S103C011208237JUL//5431100197FS
:61:090716DD600,00S103C003875618JUL//5431200197FS
:61:090716DD600,00S103C007505009JUL//R-5431900197FS
:61:090716DD600,00S103C007690804JUL//5432000197FS
:61:090716DD600,00S103C008031051JUL//5432100197FS
:62M:C090716USD553477,58
-}{5:{CHK:C81E2A9FD232}{DLM:}}{S:{COP:P}}${1:F21BODEVE2MAXXX4200640724}{4:{177:0907170801}{451:0}}{1:F01BODEVE2MAXXX4200640724}{2:O9500252090717CHASUS33BXXX89869962390907170801N}{3:{108:DDA07165422215}}{4:
:20:ST07160544749693
:25:544749693
:28C:00137/00003
:60M:C090716USD553477,58
:61:090716DD600,00S103C009093202JUL//5432200197FS
:61:090716DD600,00S103C010625738JUL//5432300197FS
:61:090716DD600,00S103C006913192JUL//5432400197FS
:61:090716DD300,00S103C003486032JUL//5433900197FS
:61:090716DD300,00S103C004914567JUL//5434100197FS
:61:090716DD300,00S103C003518876JUL//5434200197FS
:61:090716DD300,00S103C005659267JUL//5434300197FS
:61:090716DD300,00S103C001413940JUL//5434400197FS
:61:090716DD300,00S103C000894630JUL//5434800197FS
:61:090716DD300,00S103C011075181JUL1//5434900197FS
:61:090716DD300,00S103C011075181JUL2//5435000197FS
:61:090716DD300,00S103C008477660JUL1//5435100197FS
:61:090716DD300,00S103C008477660JUL2//5435200197FS
:61:090716DD300,00S103C008477660JUL3//5435300197FS
:61:090716DD300,00S103C011072961JUL1//R-5435400197FS
:61:090716DD300,00S103C011072961JUL2//R-5435500197FS
:61:090716DD300,00S103C007336873JUL//5435600197FS
:61:090716DD300,00S103C007863860JUL1//5435700197FS
:61:090716DD300,00S103C000461672JUL//5436100197FS
:61:090716DD300,00S103C007863860JUL2//R-5436200197FS
:61:090716DD300,00S103C008931181JUL1//5436300197FS
:61:090716DD300,00S103C008931181JUL2//5436400197FS
:61:090716DD300,00S103C008544924JUL1//5436500197FS
:61:090716DD300,00S103C008544924JUL2//5436600197FS
:61:090716DD300,00S103C010325013JUL1//5436700197FS
:61:090716DD300,00S103C010325013JUL2//5436800197FS
:61:090716DD300,00S103C005087845JUL1//5436900197FS
:61:090716DD300,00S103C005087845JUL2//5437000197FS
:61:090716DD300,00S103C011049891JUL1//5438500197FS
:61:090716DD300,00S103C011049891JUL2//5438600197FS
:61:090716DD300,00S103C011049891JUL3//5438700197FS
:61:090716DD300,00S103C008165696JUL//5438800197FS
:61:090716DD300,00S103C008166152JUL//5438900197FS
:62M:C090716USD542677,58
-}{5:{CHK:390BA241C115}{DLM:}}{S:{COP:P}}${1:F21BODEVE2MAXXX4200640726}{4:{177:0907170801}{451:0}}{1:F01BODEVE2MAXXX4200640726}{2:O9500252090717CHASUS33BXXX89869962420907170801N}{3:{108:DDA07165422216}}{4:
:20:ST07160544749693
:25:544749693
:28C:00137/00004
:60M:C090716USD542677,58
:61:090716DD300,00S103C005808721JUL//5439000197FS
:61:090716DD300,00S103C006651727JUL//5439100197FS
:61:090716DD300,00S103C002893599JUL//5439200197FS
:61:090716DD300,00S103C007499144JUL//5439300197FS
:61:090716DD300,00S103C004881820JUL//5439400197FS
:61:090716DD300,00S103C009129944JUL//5440000197FS
:61:090716DD300,00S103C007320299JUL//5440100197FS
:61:090716DD300,00S103C003133059JUL//5440200197FS
:61:090716DD300,00S103C001346349JUL//5440300197FS
:61:090716DD300,00S103C001375421JUL//5440400197FS
:61:090716DD300,00S103C002899771JUL//5440500197FS
:61:090716DD300,00S103C010381801JUL//5440600197FS
:61:090716DD300,00S103C006899381JUL//5440700197FS
:61:090716DD300,00S103C005887951JUL1//5440800197FS
:61:090716DD300,00S103C007509582JUL//5440900197FS
:61:090716DD300,00S103C007815176JUL//5442300197FS
:61:090716DD300,00S103C008820229JUL2//5442400197FS
:61:090716DD300,00S103C009067237JUL//5442500197FS
:61:090716DD300,00S103C010123985JUL//5442600197FS
:61:090716DD300,00S103C010347228JUL//5442700197FS
:61:090716DD300,00S103C010522729JUL//5442800197FS
:61:090716DD300,00S103C010243647JUL//5442900197FS
:61:090716DD300,00S103C010677857JUL//5443000197FS
:61:090716DD300,00S103C010931859JUL//5443100197FS
:61:090716DD300,00S103C011080010JUL//5443200197FS
:61:090716DD300,00S103C005887951JUL2//5443600197FS
:61:090716DD300,00S103C011124539JUL//5443700197FS
:61:090716DD300,00S103C008820229JUL1//5443800197FS
:61:090716DD300,00S103C011246109JUL//R-5444000197FS
:62F:C090716USD533977,58
:64:C090716USD533977,58
-}{5:{CHK:000F23B9AAE9}{DLM:}}{S:{COP:P}}
