{1:F21VZCRVECAAXXX5410610696}{4:{177:0404021720}{451:0}}{1:F01VZCRVECAAXXX5410610696}{2:09501717040402VZCRVECAAXXX40812675430404021720N}{3:{108:SCONNECT}}{4:
:20:MI081216
:25:2222222222
:28C:0520/001
:60F:C081216VEF000000000000,00
:62M:C081216VEF000000000000,00
-}{5:{CHK:1143FB20924B}}{S:{COP:S}}${1:F21VZCRVECAAXXX5410610696}{4:{177:0404021720}{451:0}}{1:F01VZCRVECAAXXX5410610696}{2:09501717040402VZCRVECAAXXX40812675430404021720N}{3:{108:SCONNECT}}{4:
:20:MI081216
:25:2222222222
:28C:0520/002
:60M:C081216VEF000000000000,00
:61:081216C000000000065,00NTRF000027373430//180009
PAGO
:61:081216C000000000200,00NTRF000027373522//180009
PAGO
:61:081216C000000000400,00NTRF000027374395//180009
PAGO
:61:081216C000000001000,00NTRF000027390943//180009
PAGO
:61:081216C000000000195,50NTRF000027391004//180009
PAGO
:61:081216C000000003000,00NTRF000027372812//180009
PAGO
:61:081216C000000000050,00NTRF000027394276//180009
PAGO
:61:081216C000000000360,00NTRF000027385021//180009
PAGO
:61:081216C000000000700,00NTRF000027371623//180009
PAGO
:62M:C081216VEF000000005970,50
-}{5:{CHK:1143FB20924B}}{S:{COP:S}}${1:F21VZCRVECAAXXX5410610696}{4:{177:0404021720}{451:0}}{1:F01VZCRVECAAXXX5410610696}{2:09501717040402VZCRVECAAXXX40812675430404021720N}{3:{108:SCONNECT}}{4:
:20:MI081216
:25:2222222222
:28C:0520/003
:60M:C081216VEF000000005970,50
:61:081216C000000003000,00NTRF000027385240//180009
PAGO
:61:081216C000000000675,00NTRF000027386025//180009
PAGO
:61:081216C000000000125,00NTRF000027393087//180009
PAGO
:61:081216C000000000250,00NTRF000027373027//180009
PAGO
:61:081216C000000000500,00NTRF000027386178//180009
PAGO
:61:081216C000000005000,00NTRF000027386295//180009
PAGO
:61:081216C000000010000,00NTRF000027387049//180009
PAGO
:61:081216C000000000900,00NTRF000027387115//180009
PAGO
:61:081216C000000000500,00NTRF000027388353//180009
PAGO
:62M:C081216VEF000000026920,50
-}{5:{CHK:1143FB20924B}}{S:{COP:S}}${1:F21VZCRVECAAXXX5410610696}{4:{177:0404021720}{451:0}}{1:F01VZCRVECAAXXX5410610696}{2:09501717040402VZCRVECAAXXX40812675430404021720N}{3:{108:SCONNECT}}{4:
:20:MI081216
:25:2222222222
:28C:0520/004
:60M:C081216VEF000000026920,50
:61:081216C000000001030,00NTRF000027390055//180009
PAGO
:61:081216C000000001020,00NTRF000027390084//180009
PAGO
:61:081216C000000000150,00NTRF000027390444//180009
PAGO
:61:081216C000000000500,00NTRF000027390662//180009
PAGO
:61:081216C000000000250,00NTRF000027390827//180009
PAGO
:61:081216C000000036694,25NTRF000000002147//180009
PAGO
:61:081216C000000047932,75NTRF000000002145//180009
PAGO
:61:081216C000000002340,00NTRF000000002311//180009
PAGO
:61:081216C000000001170,00NTRF000000002313//180009
PAGO
:62M:C081216VEF000000118007,50
-}{5:{CHK:1143FB20924B}}{S:{COP:S}}${1:F21VZCRVECAAXXX5410610696}{4:{177:0404021720}{451:0}}{1:F01VZCRVECAAXXX5410610696}{2:09501717040402VZCRVECAAXXX40812675430404021720N}{3:{108:SCONNECT}}{4:
:20:MI081216
:25:2222222222
:28C:0520/005
:60M:C081216VEF000000118007,50
:61:081216C000000000523,47NTRF000027401240//180009
PAGO
:61:081216C000000000400,00NTRF000027401496//180009
PAGO
:61:081216C000000001900,00NTRF000027402909//180009
PAGO
:61:081216C000000002000,00NTRF000027395120//180009
PAGO
:61:081216C000000000150,00NTRF000027395130//180009
PAGO
:61:081216C000000001155,00NTRF000027394801//180009
PAGO
:61:081216C000000000270,39NTRF000027395571//180009
PAGO
:61:081216C000000000280,00NTRF000027399457//180009
PAGO
:61:081216C000000000440,00NTRF000027400452//180009
PAGO
:62M:C081216VEF000000125126,36
-}{5:{CHK:1143FB20924B}}{S:{COP:S}}${1:F21VZCRVECAAXXX5410610696}{4:{177:0404021720}{451:0}}{1:F01VZCRVECAAXXX5410610696}{2:09501717040402VZCRVECAAXXX40812675430404021720N}{3:{108:SCONNECT}}{4:
:20:MI081216
:25:2222222222
:28C:0520/006
:60M:C081216VEF000000125126,36
:61:081216C000000000060,00NTRF000027406258//180009
PAGO
:61:081216C000000001120,00NTRF000027396152//180009
PAGO
:61:081216C000000000480,00NTRF000027396918//180009
PAGO
:61:081216C000000024000,00NTRF000027397602//180009
PAGO
:61:081216C000000001300,00NTRF000027397815//180009
PAGO
:61:081216C000000001000,00NTRF000027397865//180009
PAGO
:61:081216C000000000870,00NTRF000027397904//180009
PAGO
:61:081216C000000000200,00NTRF000027398053//180009
PAGO
:61:081216C000000000720,00NTRF000027398546//180009
PAGO
:62M:C081216VEF000000154876,36
-}{5:{CHK:1143FB20924B}}{S:{COP:S}}${1:F21VZCRVECAAXXX5410610696}{4:{177:0404021720}{451:0}}{1:F01VZCRVECAAXXX5410610696}{2:09501717040402VZCRVECAAXXX40812675430404021720N}{3:{108:SCONNECT}}{4:
:20:MI081216
:25:2222222222
:28C:0520/007
:60M:C081216VEF000000154876,36
:61:081216C000000000190,00NTRF000027398964//180009
PAGO
:61:081216C000000001500,00NTRF000027394932//180009
PAGO
:61:081216C000000009690,64NTRF000000000136//180009
PAGO
:61:081216C000000013707,96NTRF000000000107//180009
PAGO
:61:081216C000000014585,94NTRF000000000088//180009
PAGO
:61:081216C000000000214,72NTRF000000000083//180009
PAGO
:61:081216C000000028508,60NTRF000000000055//180009
PAGO
:61:081216C000000015232,04NTRF000000000056//180009
PAGO
:61:081216C000000004692,24NTRF000000000042//180009
PAGO
:62M:C081216VEF000000243198,50
-}{5:{CHK:1143FB20924B}}{S:{COP:S}}${1:F21VZCRVECAAXXX5410610696}{4:{177:0404021720}{451:0}}{1:F01VZCRVECAAXXX5410610696}{2:09501717040402VZCRVECAAXXX40812675430404021720N}{3:{108:SCONNECT}}{4:
:20:MI081216
:25:2222222222
:28C:0520/008
:60M:C081216VEF000000243198,50
:61:081216C000000000576,00NTRF000000000722//180009
PAGO
:61:081216C000000010000,00NTRF000000000615//180009
PAGO
:61:081216C000001032465,51NTRF000000000281//180009
PAGO
:61:081216C000000048049,10NTRF000000000284//180009
PAGO
:61:081216C000000003801,60NTRF000000000286//180009
PAGO
:61:081216C000000002005,89NTRF000000000127//180009
PAGO
:61:081216C000000047492,91NTRF000000000143//180009
PAGO
:61:081216C000000011363,90NTRF000000000149//180009
PAGO
:61:081216C000000012651,55NTRF000000000195//180009
PAGO
:62M:C081216VEF000001411604,96
-}{5:{CHK:1143FB20924B}}{S:{COP:S}}${1:F21VZCRVECAAXXX5410610696}{4:{177:0404021720}{451:0}}{1:F01VZCRVECAAXXX5410610696}{2:09501717040402VZCRVECAAXXX40812675430404021720N}{3:{108:SCONNECT}}{4:
:20:MI081216
:25:2222222222
:28C:0520/009
:60M:C081216VEF000001411604,96
:61:081216C000000015600,00NTRF000000001122//180009
PAGO
:61:081216C000000002948,43NTRF000000001130//180009
PAGO
:61:081216C000000000489,60NTRF000000001108//180009
PAGO
:61:081216C000000014687,32NTRF000000001135//180009
PAGO
:61:081216C000000001000,00NTRF000027374842//180009
PAGO
:61:081216C000000003000,00NTRF000027374914//180009
PAGO
:61:081216C000000000678,00NTRF000027375735//180009
PAGO
:61:081216C000000000040,00NTRF000027376582//180009
PAGO
:61:081216C000000000600,00NTRF000027376630//180009
PAGO
:62M:C081216VEF000001450648,31
-}{5:{CHK:1143FB20924B}}{S:{COP:S}}${1:F21VZCRVECAAXXX5410610696}{4:{177:0404021720}{451:0}}{1:F01VZCRVECAAXXX5410610696}{2:09501717040402VZCRVECAAXXX40812675430404021720N}{3:{108:SCONNECT}}{4:
:20:MI081216
:25:2222222222
:28C:0520/010
:60M:C081216VEF000001450648,31
:61:081216C000000003000,00NTRF000027378396//180009
PAGO
:61:081216C000000001400,00NTRF000027379685//180009
PAGO
:61:081216C000000000398,00NTRF000027380218//180009
PAGO
:61:081216C000000005300,00NTRF000027380572//180009
PAGO
:61:081216C000000001517,53NTRF000027391824//180009
PAGO
:61:081216C000000000400,00NTRF000027392030//180009
PAGO
:61:081216C000000004650,00NTRF000027373026//180009
PAGO
:61:081216C000000000950,00NTRF000027380787//180009
PAGO
:61:081216C000000000262,50NTRF000027392070//180009
PAGO
:62M:C081216VEF000001468526,34
-}{5:{CHK:1143FB20924B}}{S:{COP:S}}${1:F21VZCRVECAAXXX5410610696}{4:{177:0404021720}{451:0}}{1:F01VZCRVECAAXXX5410610696}{2:09501717040402VZCRVECAAXXX40812675430404021720N}{3:{108:SCONNECT}}{4:
:20:MI081216
:25:2222222222
:28C:0520/011
:60M:C081216VEF000001468526,34
:61:081216C000000001238,00NTRF000027381872//180009
PAGO
:61:081216C000000001500,00NTRF000027381938//180009
PAGO
:61:081216C000000010000,00NTRF000027382040//180009
PAGO
:61:081216C000000002000,00NTRF000027383073//180009
PAGO
:61:081216C000000001530,00NTRF000027384195//180009
PAGO
:61:081216C000000000378,69NTRF000027384347//180009
PAGO
:61:081216C000000022946,32NTRF000082839525//180009
PAGO
:61:081216C000000000986,20NTRF000082830064//180009
PAGO
:61:081216C000000029890,00NTRF000082840586//180009
PAGO
:62M:C081216VEF000001538995,55
-}{5:{CHK:1143FB20924B}}{S:{COP:S}}${1:F21VZCRVECAAXXX5410610696}{4:{177:0404021720}{451:0}}{1:F01VZCRVECAAXXX5410610696}{2:09501717040402VZCRVECAAXXX40812675430404021720N}{3:{108:SCONNECT}}{4:
:20:MI081216
:25:2222222222
:28C:0520/012
:60M:C081216VEF000001538995,55
:61:081216C000000002185,00NTRF000082840446//180009
PAGO
:61:081216C000000011501,27NTRF000082830344//180009
PAGO
:61:081216C000000001000,00NTRF000082832352//180009
PAGO
:61:081216C000000004167,24NTRF000082847214//180009
PAGO
:61:081216C000000000883,36NTRF000082835406//180009
PAGO
:61:081216C000000002392,65NTRF000082835804//180009
PAGO
:61:081216C000000006646,23NTRF000082830451//180009
PAGO
:61:081216C000000048516,16NTRF000082840822//180009
PAGO
:61:081216C000000003000,00NTRF000082827021//180009
PAGO
:62M:C081216VEF000001619287,46
-}{5:{CHK:1143FB20924B}}{S:{COP:S}}${1:F21VZCRVECAAXXX5410610696}{4:{177:0404021720}{451:0}}{1:F01VZCRVECAAXXX5410610696}{2:09501717040402VZCRVECAAXXX40812675430404021720N}{3:{108:SCONNECT}}{4:
:20:MI081216
:25:2222222222
:28C:0520/013
:60M:C081216VEF000001619287,46
:61:081216C000000004477,05NTRF000082836471//180009
PAGO
:61:081216C000000002645,20NTRF000082836670//180009
PAGO
:61:081216C000000000838,45NTRF000082836305//180009
PAGO
:61:081216C000000002392,65NTRF000082836224//180009
PAGO
:61:081216C000000001299,24NTRF000082833111//180009
PAGO
:61:081216C000000007489,30NTRF000082834463//180009
PAGO
:61:081216C000000036172,38NTRF000082834426//180009
PAGO
:61:081216C000000000600,00NTRF000082827555//180009
PAGO
:61:081216C000000003000,00NTRF000082829482//180009
PAGO
:62M:C081216VEF000001678201,73
-}{5:{CHK:1143FB20924B}}{S:{COP:S}}${1:F21VZCRVECAAXXX5410610696}{4:{177:0404021720}{451:0}}{1:F01VZCRVECAAXXX5410610696}{2:09501717040402VZCRVECAAXXX40812675430404021720N}{3:{108:SCONNECT}}{4:
:20:MI081216
:25:2222222222
:28C:0520/014
:60M:C081216VEF000001678201,73
:61:081216C000000033629,05NTRF000082833155//180009
PAGO
:61:081216C000000002000,00NTRF000082826752//180009
PAGO
:61:081216C000000000840,00NTRF000082831490//180009
PAGO
:61:081216C000000000340,85NTRF000082837381//180009
PAGO
:61:081216C000000013163,83NTRF000082837521//180009
PAGO
:61:081216C000000003270,00NTRF000082831652//180009
PAGO
:61:081216C000000001183,15NTRF000082830075//180009
PAGO
:61:081216C000000000789,00NTRF000082827474//180009
PAGO
:61:081216C000000000470,00NTRF000082827824//180009
PAGO
:62M:C081216VEF000001733887,61
-}{5:{CHK:1143FB20924B}}{S:{COP:S}}${1:F21VZCRVECAAXXX5410610696}{4:{177:0404021720}{451:0}}{1:F01VZCRVECAAXXX5410610696}{2:09501717040402VZCRVECAAXXX40812675430404021720N}{3:{108:SCONNECT}}{4:
:20:MI081216
:25:2222222222
:28C:0520/015
:60M:C081216VEF000001733887,61
:61:081216C000000004650,00NTRF000082801202//180009
PAGO
:61:081216C000000000500,00NTRF000082801375//180009
PAGO
:61:081216C000000000455,00NTRF000082804131//180009
PAGO
:61:081216C000000002200,00NTRF000082822504//180009
PAGO
:61:081216C000000001000,00NTRF000082826236//180009
PAGO
:61:081216C000000001000,00NTRF000082711930//180009
PAGO
:61:081216C000000000030,00NTRF000082735984//180009
PAGO
:61:081216C000000000198,00NTRF000082720680//180009
PAGO
:61:081216C000000000407,50NTRF000082720820//180009
PAGO
:62M:C081216VEF000001744328,11
-}{5:{CHK:1143FB20924B}}{S:{COP:S}}${1:F21VZCRVECAAXXX5410610696}{4:{177:0404021720}{451:0}}{1:F01VZCRVECAAXXX5410610696}{2:09501717040402VZCRVECAAXXX40812675430404021720N}{3:{108:SCONNECT}}{4:
:20:MI081216
:25:2222222222
:28C:0520/016
:60M:C081216VEF000001744328,11
:61:081216C000000000500,00NTRF000082722323//180009
PAGO
:61:081216C000000000332,45NTRF000082699330//180009
PAGO
:61:081216C000000000180,00NTRF000082699643//180009
PAGO
:61:081216C000000000500,00NTRF000082700936//180009
PAGO
:61:081216C000000000150,00NTRF000082701802//180009
PAGO
:61:081216C000000000645,00NTRF000082702115//180009
PAGO
:61:081216C000000003000,00NTRF000082704300//180009
PAGO
:61:081216C000000000130,00NTRF000082704812//180009
PAGO
:61:081216C000000000200,00NTRF000082704930//180009
PAGO
:62M:C081216VEF000001749965,56
-}{5:{CHK:1143FB20924B}}{S:{COP:S}}${1:F21VZCRVECAAXXX5410610696}{4:{177:0404021720}{451:0}}{1:F01VZCRVECAAXXX5410610696}{2:09501717040402VZCRVECAAXXX40812675430404021720N}{3:{108:SCONNECT}}{4:
:20:MI081216
:25:2222222222
:28C:0520/017
:60M:C081216VEF000001749965,56
:61:081216C000000003000,00NTRF000082708673//180009
PAGO
:61:081216C000000004000,00NTRF000082709340//180009
PAGO
:61:081216C000000000050,00NTRF000082709395//180009
PAGO
:61:081216C000000000170,00NTRF000082709874//180009
PAGO
:61:081216C000000000600,00NTRF000082710272//180009
PAGO
:61:081216C000000003000,00NTRF000082685374//180009
PAGO
:61:081216C000000000800,00NTRF000082686225//180009
PAGO
:61:081216C000000002000,00NTRF000082686273//180009
PAGO
:61:081216C000000003000,00NTRF000082688896//180009
PAGO
:62M:C081216VEF000001766585,56
-}{5:{CHK:1143FB20924B}}{S:{COP:S}}${1:F21VZCRVECAAXXX5410610696}{4:{177:0404021720}{451:0}}{1:F01VZCRVECAAXXX5410610696}{2:09501717040402VZCRVECAAXXX40812675430404021720N}{3:{108:SCONNECT}}{4:
:20:MI081216
:25:2222222222
:28C:0520/018
:60M:C081216VEF000001766585,56
:61:081216C000000003000,00NTRF000082689143//180009
PAGO
:61:081216C000000001216,00NTRF000082691453//180009
PAGO
:61:081216C000000000500,00NTRF000082691733//180009
PAGO
:61:081216C000000002350,00NTRF000082694146//180009
PAGO
:61:081216C000000003000,00NTRF000082773423//180009
PAGO
:61:081216C000000000145,00NTRF000082773806//180009
PAGO
:61:081216C000000002000,00NTRF000082774311//180009
PAGO
:61:081216C000000000097,01NTRF000082776805//180009
PAGO
:61:081216C000000000600,00NTRF000082776982//180009
PAGO
:62M:C081216VEF000001779493,57
-}{5:{CHK:1143FB20924B}}{S:{COP:S}}${1:F21VZCRVECAAXXX5410610696}{4:{177:0404021720}{451:0}}{1:F01VZCRVECAAXXX5410610696}{2:09501717040402VZCRVECAAXXX40812675430404021720N}{3:{108:SCONNECT}}{4:
:20:MI081216
:25:2222222222
:28C:0520/019
:60M:C081216VEF000001779493,57
:61:081216C000000002000,00NTRF000082778555//180009
PAGO
:61:081216C000000002000,00NTRF000082778721//180009
PAGO
:61:081216C000000000600,00NTRF000082782324//180009
PAGO
:61:081216C000000003400,00NTRF000082784800//180009
PAGO
:61:081216C000000005000,00NTRF000082785065//180009
PAGO
:61:081216C000000001500,00NTRF000082786465//180009
PAGO
:61:081216C000000000453,00NTRF000082757135//180009
PAGO
:61:081216C000000005000,00NTRF000082757426//180009
PAGO
:61:081216C000000002000,00NTRF000082758395//180009
PAGO
:62M:C081216VEF000001801446,57
-}{5:{CHK:1143FB20924B}}{S:{COP:S}}${1:F21VZCRVECAAXXX5410610696}{4:{177:0404021720}{451:0}}{1:F01VZCRVECAAXXX5410610696}{2:09501717040402VZCRVECAAXXX40812675430404021720N}{3:{108:SCONNECT}}{4:
:20:MI081216
:25:2222222222
:28C:0520/020
:60M:C081216VEF000001801446,57
:61:081216C000000000300,00NTRF000082762945//180009
PAGO
:61:081216C000000000815,00NTRF000082765292//180009
PAGO
:61:081216C000000001834,94NTRF000082766644//180009
PAGO
:61:081216C000000000200,00NTRF000082768862//180009
PAGO
:61:081216C000000000100,00NTRF000082770284//180009
PAGO
:61:081216C000000003000,00NTRF000082770251//180009
PAGO
:61:081216C000000002000,00NTRF000082770914//180009
PAGO
:61:081216C000000003000,00NTRF000082771043//180009
PAGO
:61:081216C000000001000,00NTRF000082771113//180009
PAGO
:62M:C081216VEF000001813696,51
-}{5:{CHK:1143FB20924B}}{S:{COP:S}}${1:F21VZCRVECAAXXX5410610696}{4:{177:0404021720}{451:0}}{1:F01VZCRVECAAXXX5410610696}{2:09501717040402VZCRVECAAXXX40812675430404021720N}{3:{108:SCONNECT}}{4:
:20:MI081216
:25:2222222222
:28C:0520/021
:60M:C081216VEF000001813696,51
:61:081216C000000000100,00NTRF000082771135//180009
PAGO
:61:081216C000000000100,00NTRF000082744981//180009
PAGO
:61:081216C000000000900,00NTRF000082748234//180009
PAGO
:61:081216C000000004000,00NTRF000082748540//180009
PAGO
:61:081216C000000000120,00NTRF000082748750//180009
PAGO
:61:081216C000000000600,00NTRF000082748971//180009
PAGO
:61:081216C000000000120,00NTRF000082750533//180009
PAGO
:61:081216C000000000885,00NTRF000082752541//180009
PAGO
:61:081216C000000000766,00NTRF000082753425//180009
PAGO
:62M:C081216VEF000001821287,51
-}{5:{CHK:1143FB20924B}}{S:{COP:S}}${1:F21VZCRVECAAXXX5410610696}{4:{177:0404021720}{451:0}}{1:F01VZCRVECAAXXX5410610696}{2:09501717040402VZCRVECAAXXX40812675430404021720N}{3:{108:SCONNECT}}{4:
:20:MI081216
:25:2222222222
:28C:0520/022
:60M:C081216VEF000001821287,51
:61:081216C000000001500,00NTRF000082753672//180009
PAGO
:61:081216C000000001600,00NTRF000082755024//180009
PAGO
:61:081216C000000000289,00NTRF000082755411//180009
PAGO
:61:081216C000000000150,00NTRF000082755525//180009
PAGO
:61:081216C000000006000,00NTRF000082756251//180009
PAGO
:61:081216C000000000810,00NTRF000082736511//180009
PAGO
:61:081216C000000000250,00NTRF000082736883//180009
PAGO
:61:081216C000000002000,00NTRF000082737233//180009
PAGO
:61:081216C000000001000,00NTRF000082737841//180009
PAGO
:62M:C081216VEF000001834886,51
-}{5:{CHK:1143FB20924B}}{S:{COP:S}}${1:F21VZCRVECAAXXX5410610696}{4:{177:0404021720}{451:0}}{1:F01VZCRVECAAXXX5410610696}{2:09501717040402VZCRVECAAXXX40812675430404021720N}{3:{108:SCONNECT}}{4:
:20:MI081216
:25:2222222222
:28C:0520/023
:60M:C081216VEF000001834886,51
:61:081216C000000000200,00NTRF000082738552//180009
PAGO
:61:081216C000000011501,20NTRF000082741396//180009
PAGO
:61:081216C000000000300,00NTRF000082741584//180009
PAGO
:61:081216C000000009381,98NTRF000082741956//180009
PAGO
:61:081216C000000005000,00NTRF000082742962//180009
PAGO
:61:081216C000000001000,00NTRF000082743323//180009
PAGO
:61:081216C000000002000,00NTRF000082743813//180009
PAGO
:61:081216C000000003000,00NTRF000082744200//180009
PAGO
:61:081216C000000003900,00NTRF000082744196//180009
PAGO
:62M:C081216VEF000001871169,69
-}{5:{CHK:1143FB20924B}}{S:{COP:S}}${1:F21VZCRVECAAXXX5410610696}{4:{177:0404021720}{451:0}}{1:F01VZCRVECAAXXX5410610696}{2:09501717040402VZCRVECAAXXX40812675430404021720N}{3:{108:SCONNECT}}{4:
:20:MI081216
:25:2222222222
:28C:0520/024
:60M:C081216VEF000001871169,69
:61:081216C000000000500,00NTRF000082722334//180009
PAGO
:61:081216C000000001100,00NTRF000082725705//180009
PAGO
:61:081216C000000002600,00NTRF000082725871//180009
PAGO
:61:081216C000000001500,00NTRF000082727035//180009
PAGO
:61:081216C000000000100,00NTRF000082727120//180009
PAGO
:61:081216C000000002400,00NTRF000082727654//180009
PAGO
:61:081216C000000004000,00NTRF000082728262//180009
PAGO
:61:081216C000000000500,00NTRF000082731751//180009
PAGO
:61:081216C000000000819,72NTRF000082733346//180009
PAGO
:62M:C081216VEF000001884689,41
-}{5:{CHK:1143FB20924B}}{S:{COP:S}}${1:F21VZCRVECAAXXX5410610696}{4:{177:0404021720}{451:0}}{1:F01VZCRVECAAXXX5410610696}{2:09501717040402VZCRVECAAXXX40812675430404021720N}{3:{108:SCONNECT}}{4:
:20:MI081216
:25:2222222222
:28C:0520/025
:60M:C081216VEF000001884689,41
:61:081216C000000002200,00NTRF000082733696//180009
PAGO
:61:081216C000000005615,24NTRF000082734680//180009
PAGO
:61:081216C000000000200,00NTRF000082734772//180009
PAGO
:61:081216C000000000120,00NTRF000082734945//180009
PAGO
:61:081216C000000000500,00NTRF000082711366//180009
PAGO
:61:081216C000000000200,00NTRF000082712593//180009
PAGO
:61:081216C000000001500,00NTRF000082713326//180009
PAGO
:61:081216C000000040000,00NTRF000082713584//180009
PAGO
:61:081216C000000000635,77NTRF000082716535//180009
PAGO
:62M:C081216VEF000001935660,42
-}{5:{CHK:1143FB20924B}}{S:{COP:S}}${1:F21VZCRVECAAXXX5410610696}{4:{177:0404021720}{451:0}}{1:F01VZCRVECAAXXX5410610696}{2:09501717040402VZCRVECAAXXX40812675430404021720N}{3:{108:SCONNECT}}{4:
:20:MI081216
:25:2222222222
:28C:0520/026
:60M:C081216VEF000001935660,42
:61:081216C000000000160,00NTRF000082717401//180009
PAGO
:61:081216C000000000600,00NTRF000082717876//180009
PAGO
:61:081216C000000000380,00NTRF000082720293//180009
PAGO
:61:081216C000000000378,00NTRF000082720304//180009
PAGO
:61:081216C000000000200,00NTRF000082720481//180009
PAGO
:61:081216C000000000400,00NTRF000082822353//180009
PAGO
:61:081216C000000000500,00NTRF000082677243//180009
PAGO
:61:081216C000000004800,00NTRF000082679166//180009
PAGO
:61:081216C000000000200,00NTRF000082679376//180009
PAGO
:62M:C081216VEF000001943278,42
-}{5:{CHK:1143FB20924B}}{S:{COP:S}}${1:F21VZCRVECAAXXX5410610696}{4:{177:0404021720}{451:0}}{1:F01VZCRVECAAXXX5410610696}{2:09501717040402VZCRVECAAXXX40812675430404021720N}{3:{108:SCONNECT}}{4:
:20:MI081216
:25:2222222222
:28C:0520/027
:60M:C081216VEF000001943278,42
:61:081216C000000000310,00NTRF000082679520//180009
PAGO
:61:081216C000000005000,00NTRF000082680345//180009
PAGO
:61:081216C000000350000,00NTRF000082682110//180009
PAGO
:61:081216C000000005000,00NTRF000082682246//180009
PAGO
:61:081216C000000002000,00NTRF000082797886//180009
PAGO
:61:081216C000000002000,00NTRF000082805564//180009
PAGO
:61:081216C000000005220,00NTRF000082665785//180009
PAGO
:61:081216C000000000120,00NTRF000082669591//180009
PAGO
:61:081216C000000000800,00NTRF000082673780//180009
PAGO
:62M:C081216VEF000002313728,42
-}{5:{CHK:1143FB20924B}}{S:{COP:S}}${1:F21VZCRVECAAXXX5410610696}{4:{177:0404021720}{451:0}}{1:F01VZCRVECAAXXX5410610696}{2:09501717040402VZCRVECAAXXX40812675430404021720N}{3:{108:SCONNECT}}{4:
:20:MI081216
:25:2222222222
:28C:0520/028
:60M:C081216VEF000002313728,42
:61:081216C000000000500,00NTRF000082673872//180009
PAGO
:61:081216C000000000200,00NTRF000082674001//180009
PAGO
:61:081216C000000001000,00NTRF000082674222//180009
PAGO
:61:081216C000000002000,00NTRF000082675471//180009
PAGO
:61:081216C000000000600,00NTRF000082675681//180009
PAGO
:61:081216C000000001176,00NTRF000082787165//180009
PAGO
:61:081216C000000002000,00NTRF000082787493//180009
PAGO
:61:081216C000000018400,00NTRF000082788171//180009
PAGO
:61:081216C000000000500,00NTRF000082788355//180009
PAGO
:62M:C081216VEF000002340104,42
-}{5:{CHK:1143FB20924B}}{S:{COP:S}}${1:F21VZCRVECAAXXX5410610696}{4:{177:0404021720}{451:0}}{1:F01VZCRVECAAXXX5410610696}{2:09501717040402VZCRVECAAXXX40812675430404021720N}{3:{108:SCONNECT}}{4:
:20:MI081216
:25:2222222222
:28C:0520/029
:60M:C081216VEF000002340104,42
:61:081216C000000001200,00NTRF000082789372//180009
PAGO
:61:081216C000000001000,00NTRF000082789464//180009
PAGO
:61:081216C000000000810,00NTRF000082789733//180009
PAGO
:61:081216C000000001400,00NTRF000082790562//180009
PAGO
:61:081216C000000000200,00NTRF000082791170//180009
PAGO
:61:081216C000000005000,00NTRF000082793491//180009
PAGO
:61:081216C000000004000,00NTRF000082793524//180009
PAGO
:61:081216C000000001300,00NTRF000082794471//180009
PAGO
:61:081216C000000000114,00NTRF000082794784//180009
PAGO
:62M:C081216VEF000002355128,42
-}{5:{CHK:1143FB20924B}}{S:{COP:S}}${1:F21VZCRVECAAXXX5410610696}{4:{177:0404021720}{451:0}}{1:F01VZCRVECAAXXX5410610696}{2:09501717040402VZCRVECAAXXX40812675430404021720N}{3:{108:SCONNECT}}{4:
:20:MI081216
:25:2222222222
:28C:0520/030
:60M:C081216VEF000002355128,42
:61:081216C000000001000,00NTRF000082771710//180009
PAGO
:61:081216C000000002500,00NTRF000082772476//180009
PAGO
:61:081216C000000006473,84NTRF000082682854//180009
PAGO
:61:081216C000000001000,00NTRF000082682880//180009
PAGO
:61:081216C000000002500,00NTRF000082684136//180009
PAGO
:61:081216C000000300000,00NTRF000082684416//180009
PAGO
:61:081216C000000000500,00NTRF000082806080//180009
PAGO
:61:081216C000000003000,00NTRF000082808891//180009
PAGO
:61:081216C000000003100,00NTRF000082794902//180009
PAGO
:62M:C081216VEF000002675202,26
-}{5:{CHK:1143FB20924B}}{S:{COP:S}}${1:F21VZCRVECAAXXX5410610696}{4:{177:0404021720}{451:0}}{1:F01VZCRVECAAXXX5410610696}{2:09501717040402VZCRVECAAXXX40812675430404021720N}{3:{108:SCONNECT}}{4:
:20:MI081216
:25:2222222222
:28C:0520/031
:60M:C081216VEF000002675202,26
:61:081216C000000000700,00NTRF000082795543//180009
PAGO
:61:081216C000000001650,00NTRF000082796431//180009
PAGO
:61:081216C000000000250,00NTRF000082811783//180009
PAGO
:61:081216C000000004000,00NTRF000082812542//180009
PAGO
:61:081216C000000001500,00NTRF000082812564//180009
PAGO
:61:081216C000000000120,00NTRF000082813533//180009
PAGO
:61:081216C000000000300,00NTRF000082818186//180009
PAGO
:61:081216C000000000400,00NTRF000082819866//180009
PAGO
:61:081216C000000003000,00NTRF000082820393//180009
PAGO
:62M:C081216VEF000002687122,26
-}{5:{CHK:1143FB20924B}}{S:{COP:S}}${1:F21VZCRVECAAXXX5410610696}{4:{177:0404021720}{451:0}}{1:F01VZCRVECAAXXX5410610696}{2:09501717040402VZCRVECAAXXX40812675430404021720N}{3:{108:SCONNECT}}{4:
:20:MI081216
:25:2222222222
:28C:0520/032
:60M:C081216VEF000002687122,26
:61:081216C000000001133,00NTRF000082820883//180009
PAGO
:61:081216C000000001000,00NTRF000082821955//180009
PAGO
:61:081216C000000003700,00NTRF000082759471//180009
PAGO
:61:081216C000000000970,00NTRF000082762816//180009
PAGO
:61:081216C000000000500,00NTRF000082763380//180009
PAGO
:61:081216C000000000360,00NTRF000082763520//180009
PAGO
:61:081216C000000000275,00NTRF000082763984//180009
PAGO
:61:081216C000000001300,00NTRF000082765303//180009
PAGO
:61:081216C000000004000,00NTRF000082809322//180009
PAGO
:62M:C081216VEF000002700360,26
-}{5:{CHK:1143FB20924B}}{S:{COP:S}}${1:F21VZCRVECAAXXX5410610696}{4:{177:0404021720}{451:0}}{1:F01VZCRVECAAXXX5410610696}{2:09501717040402VZCRVECAAXXX40812675430404021720N}{3:{108:SCONNECT}}{4:
:20:MI081216
:25:2222222222
:28C:0520/033
:60M:C081216VEF000002700360,26
:61:081216C000000001415,00NTRF000082809694//180009
PAGO
:61:081216C000000000100,00NTRF000082811072//180009
PAGO
:61:081216C000000004000,00NTRF000082759235//180009
PAGO
:61:081216C000000001000,00NTRF000082721704//180009
PAGO
:61:081216C000000002000,00NTRF000082695185//180009
PAGO
:61:081216C000000000500,00NTRF000082826203//180009
PAGO
:61:081216C000000005000,00NTRF000082805240//180009
PAGO
:61:081216C000000001500,00NTRF000082800056//180009
PAGO
:61:081216C000000002100,00NTRF000082775501//180009
PAGO
:62M:C081216VEF000002717975,26
-}{5:{CHK:1143FB20924B}}{S:{COP:S}}${1:F21VZCRVECAAXXX5410610696}{4:{177:0404021720}{451:0}}{1:F01VZCRVECAAXXX5410610696}{2:09501717040402VZCRVECAAXXX40812675430404021720N}{3:{108:SCONNECT}}{4:
:20:MI081216
:25:2222222222
:28C:0520/034
:60M:C081216VEF000002717975,26
:61:081216C000000001000,00NTRF000082774775//180009
PAGO
:61:081216C000000002150,00NTRF000082765443//180009
PAGO
:61:081216C000000000100,00NTRF000082759482//180009
PAGO
:61:081216C000000000060,00NTRF000082803173//180009
PAGO
:61:081216C000000000120,00NTRF000082685956//180009
PAGO
:61:081216C000000000100,00NTRF000082818831//180009
PAGO
:61:081216C000000000200,00NTRF000082816042//180009
PAGO
:61:081216C000000004008,21NTRF000082807690//180009
PAGO
:61:081216C000000002000,00NTRF000082701522//180009
PAGO
:62M:C081216VEF000002727713,47
-}{5:{CHK:1143FB20924B}}{S:{COP:S}}${1:F21VZCRVECAAXXX5410610696}{4:{177:0404021720}{451:0}}{1:F01VZCRVECAAXXX5410610696}{2:09501717040402VZCRVECAAXXX40812675430404021720N}{3:{108:SCONNECT}}{4:
:20:MI081216
:25:2222222222
:28C:0520/035
:60M:C081216VEF000002727713,47
:61:081216C000000000150,00NTRF000082754184//180009
PAGO
:61:081216C000000000200,00NTRF000082787946//180009
PAGO
:61:081216C000000000532,00NTRF000082794740//180009
PAGO
:61:081216C000000005000,00NTRF000082728192//180009
PAGO
:61:081216C000000000200,00NTRF000082677696//180009
PAGO
:61:081216C000000000020,00NTRF000000000104//180009
PAGO
:61:081216C000000005000,00NTRF000000000104//180009
PAGO
:61:081216C000000000150,00NTRF000000244969//180009
PAGO
:61:081216C000000000400,00NTRF000000244972//180009
PAGO
:62M:C081216VEF000002739365,47
-}{5:{CHK:1143FB20924B}}{S:{COP:S}}${1:F21VZCRVECAAXXX5410610696}{4:{177:0404021720}{451:0}}{1:F01VZCRVECAAXXX5410610696}{2:09501717040402VZCRVECAAXXX40812675430404021720N}{3:{108:SCONNECT}}{4:
:20:MI081216
:25:2222222222
:28C:0520/036
:60M:C081216VEF000002739365,47
:61:081216C000000000940,00NTRF000000245086//180009
PAGO
:61:081216C000000000100,00NTRF000000245089//180009
PAGO
:61:081216C000000000200,00NTRF000000245095//180009
PAGO
:61:081216C000000000734,35NTRF000000245117//180009
PAGO
:61:081216C000000000650,00NTRF000000245145//180009
PAGO
:61:081216C000000009000,00NTRF000000245200//180009
PAGO
:61:081216C000000005000,00NTRF000000245205//180009
PAGO
:61:081216C000000000180,00NTRF000000245209//180009
PAGO
:61:081216C000000000400,00NTRF000000245212//180009
PAGO
:62M:C081216VEF000002756569,82
-}{5:{CHK:1143FB20924B}}{S:{COP:S}}${1:F21VZCRVECAAXXX5410610696}{4:{177:0404021720}{451:0}}{1:F01VZCRVECAAXXX5410610696}{2:09501717040402VZCRVECAAXXX40812675430404021720N}{3:{108:SCONNECT}}{4:
:20:MI081216
:25:2222222222
:28C:0520/037
:60M:C081216VEF000002756569,82
:61:081216C000000000600,00NTRF000000244555//180009
PAGO
:61:081216C000000001800,00NTRF000000244570//180009
PAGO
:61:081216C000000013000,00NTRF000000244608//180009
PAGO
:61:081216C000000003900,00NTRF000000244611//180009
PAGO
:61:081216C000000006250,00NTRF000000244615//180009
PAGO
:61:081216C000000000150,00NTRF000000244622//180009
PAGO
:61:081216C000000001700,00NTRF000000244654//180009
PAGO
:61:081216C000000000500,00NTRF000000244664//180009
PAGO
:61:081216C000000003000,00NTRF000000244681//180009
PAGO
:62M:C081216VEF000002787469,82
-}{5:{CHK:1143FB20924B}}{S:{COP:S}}${1:F21VZCRVECAAXXX5410610696}{4:{177:0404021720}{451:0}}{1:F01VZCRVECAAXXX5410610696}{2:09501717040402VZCRVECAAXXX40812675430404021720N}{3:{108:SCONNECT}}{4:
:20:MI081216
:25:2222222222
:28C:0520/038
:60M:C081216VEF000002787469,82
:61:081216C000000000240,00NTRF000000244701//180009
PAGO
:61:081216C000000000100,00NTRF000000244783//180009
PAGO
:61:081216C000000001500,00NTRF000000244851//180009
PAGO
:61:081216C000000020000,00NTRF000000244857//180009
PAGO
:61:081216C000000000330,00NTRF000000244219//180009
PAGO
:61:081216C000000000500,00NTRF000000244258//180009
PAGO
:61:081216C000000001000,00NTRF000000244268//180009
PAGO
:61:081216C000000020000,00NTRF000000244318//180009
PAGO
:61:081216C000000000500,00NTRF000000244321//180009
PAGO
:62M:C081216VEF000002831639,82
-}{5:{CHK:1143FB20924B}}{S:{COP:S}}${1:F21VZCRVECAAXXX5410610696}{4:{177:0404021720}{451:0}}{1:F01VZCRVECAAXXX5410610696}{2:09501717040402VZCRVECAAXXX40812675430404021720N}{3:{108:SCONNECT}}{4:
:20:MI081216
:25:2222222222
:28C:0520/039
:60M:C081216VEF000002831639,82
:61:081216C000000001200,00NTRF000000251628//180009
PAGO
:61:081216C000000000300,00NTRF000000251743//180009
PAGO
:61:081216C000000000500,00NTRF000000251761//180009
PAGO
:61:081216C000000001300,00NTRF000000251788//180009
PAGO
:61:081216C000000000200,00NTRF000000251827//180009
PAGO
:61:081216C000000000250,00NTRF000000251863//180009
PAGO
:61:081216C000000001500,00NTRF000000251891//180009
PAGO
:61:081216C000000001000,00NTRF000000251903//180009
PAGO
:61:081216C000000006400,00NTRF000000251921//180009
PAGO
:62M:C081216VEF000002844289,82
-}{5:{CHK:1143FB20924B}}{S:{COP:S}}${1:F21VZCRVECAAXXX5410610696}{4:{177:0404021720}{451:0}}{1:F01VZCRVECAAXXX5410610696}{2:09501717040402VZCRVECAAXXX40812675430404021720N}{3:{108:SCONNECT}}{4:
:20:MI081216
:25:2222222222
:28C:0520/040
:60M:C081216VEF000002844289,82
:61:081216C000000000500,00NTRF000000251940//180009
PAGO
:61:081216C000000000360,00NTRF000000251317//180009
PAGO
:61:081216C000000003000,00NTRF000000251366//180009
PAGO
:61:081216C000000003000,00NTRF000000251374//180009
PAGO
:61:081216C000000000690,00NTRF000000251402//180009
PAGO
:61:081216C000000000465,00NTRF000000251426//180009
PAGO
:61:081216C000000000120,00NTRF000000251438//180009
PAGO
:61:081216C000000002000,00NTRF000000251444//180009
PAGO
:61:081216C000000001000,00NTRF000000251461//180009
PAGO
:62M:C081216VEF000002855424,82
-}{5:{CHK:1143FB20924B}}{S:{COP:S}}${1:F21VZCRVECAAXXX5410610696}{4:{177:0404021720}{451:0}}{1:F01VZCRVECAAXXX5410610696}{2:09501717040402VZCRVECAAXXX40812675430404021720N}{3:{108:SCONNECT}}{4:
:20:MI081216
:25:2222222222
:28C:0520/041
:60M:C081216VEF000002855424,82
:61:081216C000000002000,00NTRF000000251508//180009
PAGO
:61:081216C000000000200,00NTRF000000251550//180009
PAGO
:61:081216C000000021000,00NTRF000000251560//180009
PAGO
:61:081216C000000000300,00NTRF000000251566//180009
PAGO
:61:081216C000000000400,00NTRF000000251567//180009
PAGO
:61:081216C000000001463,65NTRF000003252980//180009
PAGO
:61:081216C000000001200,00NTRF000000250973//180009
PAGO
:61:081216C000000001000,00NTRF000000250988//180009
PAGO
:61:081216C000000001000,00NTRF000000251006//180009
PAGO
:62M:C081216VEF000002883988,47
-}{5:{CHK:1143FB20924B}}{S:{COP:S}}${1:F21VZCRVECAAXXX5410610696}{4:{177:0404021720}{451:0}}{1:F01VZCRVECAAXXX5410610696}{2:09501717040402VZCRVECAAXXX40812675430404021720N}{3:{108:SCONNECT}}{4:
:20:MI081216
:25:2222222222
:28C:0520/042
:60M:C081216VEF000002883988,47
:61:081216C000000001450,00NTRF000000251094//180009
PAGO
:61:081216C000000002000,00NTRF000000251155//180009
PAGO
:61:081216C000000002815,00NTRF000000251201//180009
PAGO
:61:081216C000000000800,00NTRF000000251205//180009
PAGO
:61:081216C000000000600,00NTRF000000251235//180009
PAGO
:61:081216C000000000100,00NTRF000000251237//180009
PAGO
:61:081216C000000000300,00NTRF000000251243//180009
PAGO
:61:081216C000000002000,00NTRF000000251247//180009
PAGO
:61:081216C000000003000,00NTRF000000251313//180009
PAGO
:62M:C081216VEF000002897053,47
-}{5:{CHK:1143FB20924B}}{S:{COP:S}}${1:F21VZCRVECAAXXX5410610696}{4:{177:0404021720}{451:0}}{1:F01VZCRVECAAXXX5410610696}{2:09501717040402VZCRVECAAXXX40812675430404021720N}{3:{108:SCONNECT}}{4:
:20:MI081216
:25:2222222222
:28C:0520/043
:60M:C081216VEF000002897053,47
:61:081216C000000000270,00NTRF000000250262//180009
PAGO
:61:081216C000000001025,90NTRF000002452534//180009
PAGO
:61:081216C000000004295,00NTRF000002452539//180009
PAGO
:61:081216C000000001000,00NTRF000000250443//180009
PAGO
:61:081216C000000000847,08NTRF000000250508//180009
PAGO
:61:081216C000000000470,00NTRF000000250631//180009
PAGO
:61:081216C000000010000,00NTRF000000250695//180009
PAGO
:61:081216C000000000900,00NTRF000000250765//180009
PAGO
:61:081216C000000000250,00NTRF000000250783//180009
PAGO
:62M:C081216VEF000002916111,45
-}{5:{CHK:1143FB20924B}}{S:{COP:S}}${1:F21VZCRVECAAXXX5410610696}{4:{177:0404021720}{451:0}}{1:F01VZCRVECAAXXX5410610696}{2:09501717040402VZCRVECAAXXX40812675430404021720N}{3:{108:SCONNECT}}{4:
:20:MI081216
:25:2222222222
:28C:0520/044
:60M:C081216VEF000002916111,45
:61:081216C000000005642,44NTRF000003252889//180009
PAGO
:61:081216C000000000392,36NTRF000003252899//180009
PAGO
:61:081216C000000005935,00NTRF000003252904//180009
PAGO
:61:081216C000000014066,78NTRF000003252978//180009
PAGO
:61:081216C000000002650,00NTRF000000249549//180009
PAGO
:61:081216C000000002000,00NTRF000000249607//180009
PAGO
:61:081216C000000001000,00NTRF000000249684//180009
PAGO
:61:081216C000000000100,00NTRF000000249732//180009
PAGO
:61:081216C000000000250,00NTRF000000249744//180009
PAGO
:62M:C081216VEF000002948148,03
-}{5:{CHK:1143FB20924B}}{S:{COP:S}}${1:F21VZCRVECAAXXX5410610696}{4:{177:0404021720}{451:0}}{1:F01VZCRVECAAXXX5410610696}{2:09501717040402VZCRVECAAXXX40812675430404021720N}{3:{108:SCONNECT}}{4:
:20:MI081216
:25:2222222222
:28C:0520/045
:60M:C081216VEF000002948148,03
:61:081216C000000000103,00NTRF000000249808//180009
PAGO
:61:081216C000000003000,00NTRF000000249956//180009
PAGO
:61:081216C000000001000,00NTRF000000249974//180009
PAGO
:61:081216C000000000500,00NTRF000000250012//180009
PAGO
:61:081216C000000000600,00NTRF000000250058//180009
PAGO
:61:081216C000000003000,00NTRF000000250137//180009
PAGO
:61:081216C000000000400,00NTRF000000250170//180009
PAGO
:61:081216C000000002000,00NTRF000000250230//180009
PAGO
:61:081216C000000000054,65NTRF000000249126//180009
PAGO
:62M:C081216VEF000002958805,68
-}{5:{CHK:1143FB20924B}}{S:{COP:S}}${1:F21VZCRVECAAXXX5410610696}{4:{177:0404021720}{451:0}}{1:F01VZCRVECAAXXX5410610696}{2:09501717040402VZCRVECAAXXX40812675430404021720N}{3:{108:SCONNECT}}{4:
:20:MI081216
:25:2222222222
:28C:0520/046
:60M:C081216VEF000002958805,68
:61:081216C000000001200,00NTRF000000249135//180009
PAGO
:61:081216C000000001248,00NTRF000000249202//180009
PAGO
:61:081216C000000000250,00NTRF000000249234//180009
PAGO
:61:081216C000000003000,00NTRF000000249277//180009
PAGO
:61:081216C000000000055,00NTRF000000249304//180009
PAGO
:61:081216C000000005000,00NTRF000000249333//180009
PAGO
:61:081216C000000000450,00NTRF000000249400//180009
PAGO
:61:081216C000000000600,00NTRF000000249409//180009
PAGO
:61:081216C000000012750,00NTRF000000249413//180009
PAGO
:62M:C081216VEF000002983358,68
-}{5:{CHK:1143FB20924B}}{S:{COP:S}}${1:F21VZCRVECAAXXX5410610696}{4:{177:0404021720}{451:0}}{1:F01VZCRVECAAXXX5410610696}{2:09501717040402VZCRVECAAXXX40812675430404021720N}{3:{108:SCONNECT}}{4:
:20:MI081216
:25:2222222222
:28C:0520/047
:60M:C081216VEF000002983358,68
:61:081216C000000001000,00NTRF000000249492//180009
PAGO
:61:081216C000000002100,00NTRF000000252924//180009
PAGO
:61:081216C000000000860,00NTRF000000251941//180009
PAGO
:61:081216C000000000600,00NTRF000000252023//180009
PAGO
:61:081216C000000004500,00NTRF000000252032//180009
PAGO
:61:081216C000000000400,00NTRF000000252039//180009
PAGO
:61:081216C000000000300,00NTRF000000252064//180009
PAGO
:61:081216C000000000400,00NTRF000000252083//180009
PAGO
:61:081216C000000000500,00NTRF000000252097//180009
PAGO
:62M:C081216VEF000002994018,68
-}{5:{CHK:1143FB20924B}}{S:{COP:S}}${1:F21VZCRVECAAXXX5410610696}{4:{177:0404021720}{451:0}}{1:F01VZCRVECAAXXX5410610696}{2:09501717040402VZCRVECAAXXX40812675430404021720N}{3:{108:SCONNECT}}{4:
:20:MI081216
:25:2222222222
:28C:0520/048
:60M:C081216VEF000002994018,68
:61:081216C000000000500,00NTRF000000252105//180009
PAGO
:61:081216C000000005000,00NTRF000000253147//180009
PAGO
:61:081216C000000000750,00NTRF000000253189//180009
PAGO
:61:081216C000000000700,00NTRF000000253193//180009
PAGO
:61:081216C000000000250,00NTRF000000253209//180009
PAGO
:61:081216C000000000200,00NTRF000000253270//180009
PAGO
:61:081216C000000008550,00NTRF000000252282//180009
PAGO
:61:081216C000000000060,00NTRF000000252291//180009
PAGO
:61:081216C000000000200,00NTRF000000252300//180009
PAGO
:62M:C081216VEF000003010228,68
-}{5:{CHK:1143FB20924B}}{S:{COP:S}}${1:F21VZCRVECAAXXX5410610696}{4:{177:0404021720}{451:0}}{1:F01VZCRVECAAXXX5410610696}{2:09501717040402VZCRVECAAXXX40812675430404021720N}{3:{108:SCONNECT}}{4:
:20:MI081216
:25:2222222222
:28C:0520/049
:60M:C081216VEF000003010228,68
:61:081216C000000002700,00NTRF000000252338//180009
PAGO
:61:081216C000000002200,00NTRF000000253354//180009
PAGO
:61:081216C000000002000,00NTRF000000253517//180009
PAGO
:61:081216C000000000500,00NTRF000000253518//180009
PAGO
:61:081216C000000001800,00NTRF000000253584//180009
PAGO
:61:081216C000000001100,00NTRF000000253686//180009
PAGO
:61:081216C000000001000,00NTRF000000253689//180009
PAGO
:61:081216C000000001550,00NTRF000000253730//180009
PAGO
:61:081216C000000000880,00NTRF000000253744//180009
PAGO
:62M:C081216VEF000003023958,68
-}{5:{CHK:1143FB20924B}}{S:{COP:S}}${1:F21VZCRVECAAXXX5410610696}{4:{177:0404021720}{451:0}}{1:F01VZCRVECAAXXX5410610696}{2:09501717040402VZCRVECAAXXX40812675430404021720N}{3:{108:SCONNECT}}{4:
:20:MI081216
:25:2222222222
:28C:0520/050
:60M:C081216VEF000003023958,68
:61:081216C000000007000,00NTRF000000253854//180009
PAGO
:61:081216C000000000200,00NTRF000000253938//180009
PAGO
:61:081216C000000000964,07NTRF000002453012//180009
PAGO
:61:081216C000000000463,54NTRF000002453017//180009
PAGO
:61:081216C000000007441,91NTRF000002453018//180009
PAGO
:61:081216C000000007623,00NTRF000002453101//180009
PAGO
:61:081216C000000000900,00NTRF000000254603//180009
PAGO
:61:081216C000000000315,00NTRF000000254606//180009
PAGO
:61:081216C000000000500,00NTRF000000254636//180009
PAGO
:62M:C081216VEF000003049366,20
-}{5:{CHK:1143FB20924B}}{S:{COP:S}}${1:F21VZCRVECAAXXX5410610696}{4:{177:0404021720}{451:0}}{1:F01VZCRVECAAXXX5410610696}{2:09501717040402VZCRVECAAXXX40812675430404021720N}{3:{108:SCONNECT}}{4:
:20:MI081216
:25:2222222222
:28C:0520/051
:60M:C081216VEF000003049366,20
:61:081216C000000000500,00NTRF000000254646//180009
PAGO
:61:081216C000000002200,00NTRF000000255896//180009
PAGO
:61:081216C000000000350,00NTRF000000256000//180009
PAGO
:61:081216C000000000295,00NTRF000000256034//180009
PAGO
:61:081216C000000000510,00NTRF000000256146//180009
PAGO
:61:081216C000000000033,81NTRF000003253036//180009
PAGO
:61:081216C000000002504,25NTRF000003253063//180009
PAGO
:61:081216C000000001774,61NTRF000003253069//180009
PAGO
:61:081216C000000000086,22NTRF000003253085//180009
PAGO
:62M:C081216VEF000003057620,09
-}{5:{CHK:1143FB20924B}}{S:{COP:S}}${1:F21VZCRVECAAXXX5410610696}{4:{177:0404021720}{451:0}}{1:F01VZCRVECAAXXX5410610696}{2:09501717040402VZCRVECAAXXX40812675430404021720N}{3:{108:SCONNECT}}{4:
:20:MI081216
:25:2222222222
:28C:0520/052
:60M:C081216VEF000003057620,09
:61:081216C000000001500,00NTRF000003253103//180009
PAGO
:61:081216C000000003556,43NTRF000003253512//180009
PAGO
:61:081216C000000011426,87NTRF000003253522//180009
PAGO
:61:081216C000000002000,00NTRF000000255327//180009
PAGO
:61:081216C000000002000,00NTRF000000255334//180009
PAGO
:61:081216C000000002000,00NTRF000000255342//180009
PAGO
:61:081216C000000002000,00NTRF000000255363//180009
PAGO
:61:081216C000000005000,00NTRF000000255483//180009
PAGO
:61:081216C000000000600,00NTRF000000255511//180009
PAGO
:62M:C081216VEF000003087703,39
-}{5:{CHK:1143FB20924B}}{S:{COP:S}}${1:F21VZCRVECAAXXX5410610696}{4:{177:0404021720}{451:0}}{1:F01VZCRVECAAXXX5410610696}{2:09501717040402VZCRVECAAXXX40812675430404021720N}{3:{108:SCONNECT}}{4:
:20:MI081216
:25:2222222222
:28C:0520/053
:60M:C081216VEF000003087703,39
:61:081216C000000002500,00NTRF000000255522//180009
PAGO
:61:081216C000000007000,00NTRF000000255528//180009
PAGO
:61:081216C000000006200,00NTRF000000255544//180009
PAGO
:61:081216C000000003500,00NTRF000000255589//180009
PAGO
:61:081216C000000000100,00NTRF000000255648//180009
PAGO
:61:081216C000000000500,00NTRF000000255671//180009
PAGO
:61:081216C000000000894,81NTRF000000255712//180009
PAGO
:61:081216C000000009000,00NTRF000000255720//180009
PAGO
:61:081216C000000000100,00NTRF000000255774//180009
PAGO
:62M:C081216VEF000003117498,20
-}{5:{CHK:1143FB20924B}}{S:{COP:S}}${1:F21VZCRVECAAXXX5410610696}{4:{177:0404021720}{451:0}}{1:F01VZCRVECAAXXX5410610696}{2:09501717040402VZCRVECAAXXX40812675430404021720N}{3:{108:SCONNECT}}{4:
:20:MI081216
:25:2222222222
:28C:0520/054
:60M:C081216VEF000003117498,20
:61:081216C000000000500,00NTRF000000256820//180009
PAGO
:61:081216C000000000260,00NTRF000000256710//180009
PAGO
:61:081216C000000000450,00NTRF000000256670//180009
PAGO
:61:081216C000000001500,00NTRF000000256647//180009
PAGO
:61:081216C000000000542,00NTRF000000256598//180009
PAGO
:61:081216C000000000875,00NTRF000000256217//180009
PAGO
:61:081216C000000001800,00NTRF000000256946//180009
PAGO
:61:081216C000000000700,00NTRF000000256901//180009
PAGO
:61:081216C000000001500,00NTRF000000256826//180009
PAGO
:62M:C081216VEF000003125625,20
-}{5:{CHK:1143FB20924B}}{S:{COP:S}}${1:F21VZCRVECAAXXX5410610696}{4:{177:0404021720}{451:0}}{1:F01VZCRVECAAXXX5410610696}{2:09501717040402VZCRVECAAXXX40812675430404021720N}{3:{108:SCONNECT}}{4:
:20:MI081216
:25:2222222222
:28C:0520/055
:60M:C081216VEF000003125625,20
:61:081216C000000001000,00NTRF000000256311//180009
PAGO
:61:081216C000000002000,00NTRF000000256334//180009
PAGO
:61:081216C000000001500,00NTRF000000256390//180009
PAGO
:61:081216C000000001500,00NTRF000000256622//180009
PAGO
:61:081216C000000001500,00NTRF000000256664//180009
PAGO
:61:081216C000000001000,00NTRF000000256680//180009
PAGO
:61:081216C000000000300,00NTRF000000256740//180009
PAGO
:61:081216C000000005137,56NTRF000003252987//180009
PAGO
:61:081216C000000006397,75NTRF000003252995//180009
PAGO
:62M:C081216VEF000003145960,51
-}{5:{CHK:1143FB20924B}}{S:{COP:S}}${1:F21VZCRVECAAXXX5410610696}{4:{177:0404021720}{451:0}}{1:F01VZCRVECAAXXX5410610696}{2:09501717040402VZCRVECAAXXX40812675430404021720N}{3:{108:SCONNECT}}{4:
:20:MI081216
:25:2222222222
:28C:0520/056
:60M:C081216VEF000003145960,51
:61:081216C000000000959,07NTRF000003253006//180009
PAGO
:61:081216C000000002944,81NTRF000003253031//180009
PAGO
:61:081216C000000001000,00NTRF000000253273//180009
PAGO
:61:081216C000000004000,00NTRF000000253291//180009
PAGO
:61:081216C000000003600,00NTRF000000253347//180009
PAGO
:61:081216C000000002000,00NTRF000000253350//180009
PAGO
:61:081216C000000000500,00NTRF000000252943//180009
PAGO
:61:081216C000000000500,00NTRF000000252979//180009
PAGO
:61:081216C000000000993,00NTRF000000253004//180009
PAGO
:62M:C081216VEF000003162457,39
-}{5:{CHK:1143FB20924B}}{S:{COP:S}}${1:F21VZCRVECAAXXX5410610696}{4:{177:0404021720}{451:0}}{1:F01VZCRVECAAXXX5410610696}{2:09501717040402VZCRVECAAXXX40812675430404021720N}{3:{108:SCONNECT}}{4:
:20:MI081216
:25:2222222222
:28C:0520/057
:60M:C081216VEF000003162457,39
:61:081216C000000000150,00NTRF000000253022//180009
PAGO
:61:081216C000000000500,00NTRF000000253043//180009
PAGO
:61:081216C000000000325,00NTRF000000253074//180009
PAGO
:61:081216C000000002500,00NTRF000000253140//180009
PAGO
:61:081216C000000015000,00NTRF000000253146//180009
PAGO
:61:081216C000000000056,00NTRF000000252564//180009
PAGO
:61:081216C000000000900,00NTRF000000252587//180009
PAGO
:61:081216C000000000500,00NTRF000000252637//180009
PAGO
:61:081216C000000001000,00NTRF000000252652//180009
PAGO
:62M:C081216VEF000003183388,39
-}{5:{CHK:1143FB20924B}}{S:{COP:S}}${1:F21VZCRVECAAXXX5410610696}{4:{177:0404021720}{451:0}}{1:F01VZCRVECAAXXX5410610696}{2:09501717040402VZCRVECAAXXX40812675430404021720N}{3:{108:SCONNECT}}{4:
:20:MI081216
:25:2222222222
:28C:0520/058
:60M:C081216VEF000003183388,39
:61:081216C000000000600,00NTRF000000252774//180009
PAGO
:61:081216C000000010000,00NTRF000000252831//180009
PAGO
:61:081216C000000001254,00NTRF000000252897//180009
PAGO
:61:081216C000000000520,00NTRF000000252905//180009
PAGO
:61:081216C000000000500,00NTRF000000252108//180009
PAGO
:61:081216C000000000600,00NTRF000000252115//180009
PAGO
:61:081216C000000001300,00NTRF000000252133//180009
PAGO
:61:081216C000000001000,00NTRF000000252196//180009
PAGO
:61:081216C000000001001,60NTRF000000252259//180009
PAGO
:62M:C081216VEF000003200163,99
-}{5:{CHK:1143FB20924B}}{S:{COP:S}}${1:F21VZCRVECAAXXX5410610696}{4:{177:0404021720}{451:0}}{1:F01VZCRVECAAXXX5410610696}{2:09501717040402VZCRVECAAXXX40812675430404021720N}{3:{108:SCONNECT}}{4:
:20:MI081216
:25:2222222222
:28C:0520/059
:60M:C081216VEF000003200163,99
:61:081216C000000002255,00NTRF000000251569//180009
PAGO
:61:081216C000000000205,00NTRF000000251576//180009
PAGO
:61:081216C000000000250,00NTRF000000251594//180009
PAGO
:61:081216C000000000880,00NTRF000000249505//180009
PAGO
:61:081216C000000001000,00NTRF000000249528//180009
PAGO
:61:081216C000000000065,00NTRF000000248558//180009
PAGO
:61:081216C000000004000,00NTRF000000248633//180009
PAGO
:61:081216C000000001163,25NTRF000000248637//180009
PAGO
:61:081216C000000002227,00NTRF000000248695//180009
PAGO
:62M:C081216VEF000003212209,24
-}{5:{CHK:1143FB20924B}}{S:{COP:S}}${1:F21VZCRVECAAXXX5410610696}{4:{177:0404021720}{451:0}}{1:F01VZCRVECAAXXX5410610696}{2:09501717040402VZCRVECAAXXX40812675430404021720N}{3:{108:SCONNECT}}{4:
:20:MI081216
:25:2222222222
:28C:0520/060
:60M:C081216VEF000003212209,24
:61:081216C000000001800,00NTRF000000248745//180009
PAGO
:61:081216C000000001500,00NTRF000000248759//180009
PAGO
:61:081216C000000002257,53NTRF000000248887//180009
PAGO
:61:081216C000000000500,00NTRF000000248944//180009
PAGO
:61:081216C000000000360,00NTRF000000248968//180009
PAGO
:61:081216C000000003000,00NTRF000000248994//180009
PAGO
:61:081216C000000001925,00NTRF000000249098//180009
PAGO
:61:081216C000000010000,00NTRF000000249099//180009
PAGO
:61:081216C000000000054,65NTRF000000249113//180009
PAGO
:62M:C081216VEF000003233606,42
-}{5:{CHK:1143FB20924B}}{S:{COP:S}}${1:F21VZCRVECAAXXX5410610696}{4:{177:0404021720}{451:0}}{1:F01VZCRVECAAXXX5410610696}{2:09501717040402VZCRVECAAXXX40812675430404021720N}{3:{108:SCONNECT}}{4:
:20:MI081216
:25:2222222222
:28C:0520/061
:60M:C081216VEF000003233606,42
:61:081216C000000000100,00NTRF000000247921//180009
PAGO
:61:081216C000000000190,00NTRF000000247933//180009
PAGO
:61:081216C000000000500,00NTRF000000247994//180009
PAGO
:61:081216C000000001031,61NTRF000002452512//180009
PAGO
:61:081216C000000000619,62NTRF000002452515//180009
PAGO
:61:081216C000000000226,00NTRF000000248356//180009
PAGO
:61:081216C000000004600,00NTRF000000248385//180009
PAGO
:61:081216C000000000390,00NTRF000000248396//180009
PAGO
:61:081216C000000000500,00NTRF000000248419//180009
PAGO
:62M:C081216VEF000003241763,65
-}{5:{CHK:1143FB20924B}}{S:{COP:S}}${1:F21VZCRVECAAXXX5410610696}{4:{177:0404021720}{451:0}}{1:F01VZCRVECAAXXX5410610696}{2:09501717040402VZCRVECAAXXX40812675430404021720N}{3:{108:SCONNECT}}{4:
:20:MI081216
:25:2222222222
:28C:0520/062
:60M:C081216VEF000003241763,65
:61:081216C000000000150,00NTRF000000248451//180009
PAGO
:61:081216C000000000500,00NTRF000000248490//180009
PAGO
:61:081216C000000000200,00NTRF000000248504//180009
PAGO
:61:081216C000000000437,70NTRF000000248540//180009
PAGO
:61:081216C000000001233,00NTRF000000247498//180009
PAGO
:61:081216C000000004700,00NTRF000000247557//180009
PAGO
:61:081216C000000000300,00NTRF000000247667//180009
PAGO
:61:081216C000000000500,00NTRF000000247676//180009
PAGO
:61:081216C000000000240,00NTRF000000247714//180009
PAGO
:62M:C081216VEF000003250024,35
-}{5:{CHK:1143FB20924B}}{S:{COP:S}}${1:F21VZCRVECAAXXX5410610696}{4:{177:0404021720}{451:0}}{1:F01VZCRVECAAXXX5410610696}{2:09501717040402VZCRVECAAXXX40812675430404021720N}{3:{108:SCONNECT}}{4:
:20:MI081216
:25:2222222222
:28C:0520/063
:60M:C081216VEF000003250024,35
:61:081216C000000000300,00NTRF000000247750//180009
PAGO
:61:081216C000000000400,00NTRF000000247767//180009
PAGO
:61:081216C000000000875,00NTRF000000247773//180009
PAGO
:61:081216C000000001500,00NTRF000000247788//180009
PAGO
:61:081216C000000006000,00NTRF000000247828//180009
PAGO
:61:081216C000000000030,00NTRF000000247835//180009
PAGO
:61:081216C000000000350,00NTRF000000247891//180009
PAGO
:61:081216C000000000500,00NTRF000000247127//180009
PAGO
:61:081216C000000000500,00NTRF000000247151//180009
PAGO
:62M:C081216VEF000003260479,35
-}{5:{CHK:1143FB20924B}}{S:{COP:S}}${1:F21VZCRVECAAXXX5410610696}{4:{177:0404021720}{451:0}}{1:F01VZCRVECAAXXX5410610696}{2:09501717040402VZCRVECAAXXX40812675430404021720N}{3:{108:SCONNECT}}{4:
:20:MI081216
:25:2222222222
:28C:0520/064
:60M:C081216VEF000003260479,35
:61:081216C000000000500,00NTRF000000247176//180009
PAGO
:61:081216C000000003703,29NTRF000000247179//180009
PAGO
:61:081216C000000000388,80NTRF000000247216//180009
PAGO
:61:081216C000000001039,50NTRF000000247239//180009
PAGO
:61:081216C000000000420,00NTRF000000247256//180009
PAGO
:61:081216C000000000500,00NTRF000000247270//180009
PAGO
:61:081216C000000000120,00NTRF000000247290//180009
PAGO
:61:081216C000000000800,00NTRF000000247298//180009
PAGO
:61:081216C000000000200,00NTRF000000247350//180009
PAGO
:62M:C081216VEF000003268150,94
-}{5:{CHK:1143FB20924B}}{S:{COP:S}}${1:F21VZCRVECAAXXX5410610696}{4:{177:0404021720}{451:0}}{1:F01VZCRVECAAXXX5410610696}{2:09501717040402VZCRVECAAXXX40812675430404021720N}{3:{108:SCONNECT}}{4:
:20:MI081216
:25:2222222222
:28C:0520/065
:60M:C081216VEF000003268150,94
:61:081216C000000000132,98NTRF000000247454//180009
PAGO
:61:081216C000000000150,00NTRF000000247496//180009
PAGO
:61:081216C000000002000,00NTRF000000246777//180009
PAGO
:61:081216C000000001750,00NTRF000000246827//180009
PAGO
:61:081216C000000001750,00NTRF000000246842//180009
PAGO
:61:081216C000000007000,00NTRF000000246862//180009
PAGO
:61:081216C000000001000,00NTRF000000246865//180009
PAGO
:61:081216C000000000500,00NTRF000000246877//180009
PAGO
:61:081216C000000000500,00NTRF000000246909//180009
PAGO
:62M:C081216VEF000003282933,92
-}{5:{CHK:1143FB20924B}}{S:{COP:S}}${1:F21VZCRVECAAXXX5410610696}{4:{177:0404021720}{451:0}}{1:F01VZCRVECAAXXX5410610696}{2:09501717040402VZCRVECAAXXX40812675430404021720N}{3:{108:SCONNECT}}{4:
:20:MI081216
:25:2222222222
:28C:0520/066
:60M:C081216VEF000003282933,92
:61:081216C000000000100,00NTRF000000246927//180009
PAGO
:61:081216C000000004000,00NTRF000000246977//180009
PAGO
:61:081216C000000001000,00NTRF000000247026//180009
PAGO
:61:081216C000000001700,00NTRF000000244339//180009
PAGO
:61:081216C000000001495,01NTRF000000244349//180009
PAGO
:61:081216C000000000600,00NTRF000000244409//180009
PAGO
:61:081216C000000000100,00NTRF000000244413//180009
PAGO
:61:081216C000000000800,00NTRF000000244424//180009
PAGO
:61:081216C000000002000,00NTRF000000244495//180009
PAGO
:62M:C081216VEF000003294728,93
-}{5:{CHK:1143FB20924B}}{S:{COP:S}}${1:F21VZCRVECAAXXX5410610696}{4:{177:0404021720}{451:0}}{1:F01VZCRVECAAXXX5410610696}{2:09501717040402VZCRVECAAXXX40812675430404021720N}{3:{108:SCONNECT}}{4:
:20:MI081216
:25:2222222222
:28C:0520/067
:60M:C081216VEF000003294728,93
:61:081216C000000000800,00NTRF000000244502//180009
PAGO
:61:081216C000000000260,00NTRF000000244526//180009
PAGO
:61:081216C000000001000,00NTRF000000243883//180009
PAGO
:61:081216C000000000150,00NTRF000000243932//180009
PAGO
:61:081216C000000000800,00NTRF000000243938//180009
PAGO
:61:081216C000000001700,00NTRF000000243946//180009
PAGO
:61:081216C000000001000,00NTRF000000243963//180009
PAGO
:61:081216C000000000055,00NTRF000000243973//180009
PAGO
:61:081216C000000000383,00NTRF000000244026//180009
PAGO
:62M:C081216VEF000003300876,93
-}{5:{CHK:1143FB20924B}}{S:{COP:S}}${1:F21VZCRVECAAXXX5410610696}{4:{177:0404021720}{451:0}}{1:F01VZCRVECAAXXX5410610696}{2:09501717040402VZCRVECAAXXX40812675430404021720N}{3:{108:SCONNECT}}{4:
:20:MI081216
:25:2222222222
:28C:0520/068
:60M:C081216VEF000003300876,93
:61:081216C000000000700,00NTRF000000244052//180009
PAGO
:61:081216C000000000100,00NTRF000000244057//180009
PAGO
:61:081216C000000000630,00NTRF000000244058//180009
PAGO
:61:081216C000000000050,00NTRF000000244062//180009
PAGO
:61:081216C000000000300,00NTRF000000244158//180009
PAGO
:61:081216C000000003000,00NTRF000000244201//180009
PAGO
:61:081216C000000000200,00NTRF000000243390//180009
PAGO
:61:081216C000000003000,00NTRF000000243393//180009
PAGO
:61:081216C000000005815,53NTRF000000243447//180009
PAGO
:62M:C081216VEF000003314672,46
-}{5:{CHK:1143FB20924B}}{S:{COP:S}}${1:F21VZCRVECAAXXX5410610696}{4:{177:0404021720}{451:0}}{1:F01VZCRVECAAXXX5410610696}{2:09501717040402VZCRVECAAXXX40812675430404021720N}{3:{108:SCONNECT}}{4:
:20:MI081216
:25:2222222222
:28C:0520/069
:60M:C081216VEF000003314672,46
:61:081216C000000000398,00NTRF000000243477//180009
PAGO
:61:081216C000000006300,00NTRF000000243506//180009
PAGO
:61:081216C000000005000,00NTRF000000243563//180009
PAGO
:61:081216C000000005000,00NTRF000000243581//180009
PAGO
:61:081216C000000000710,00NTRF000000243661//180009
PAGO
:61:081216C000000000500,00NTRF000000243673//180009
PAGO
:61:081216C000000003000,00NTRF000000243765//180009
PAGO
:61:081216C000000003000,00NTRF000000243770//180009
PAGO
:61:081216C000000000200,00NTRF000000243819//180009
PAGO
:62M:C081216VEF000003338780,46
-}{5:{CHK:1143FB20924B}}{S:{COP:S}}${1:F21VZCRVECAAXXX5410610696}{4:{177:0404021720}{451:0}}{1:F01VZCRVECAAXXX5410610696}{2:09501717040402VZCRVECAAXXX40812675430404021720N}{3:{108:SCONNECT}}{4:
:20:MI081216
:25:2222222222
:28C:0520/070
:60M:C081216VEF000003338780,46
:61:081216C000000002380,00NTRF000000243842//180009
PAGO
:61:081216C000000006000,00NTRF000000242823//180009
PAGO
:61:081216C000000005800,00NTRF000000242864//180009
PAGO
:61:081216C000000000175,00NTRF000000242876//180009
PAGO
:61:081216C000000002003,00NTRF000000242887//180009
PAGO
:61:081216C000000004900,00NTRF000000242900//180009
PAGO
:61:081216C000000000080,00NTRF000000242941//180009
PAGO
:61:081216C000000001000,00NTRF000000243070//180009
PAGO
:61:081216C000000000300,00NTRF000000243181//180009
PAGO
:62M:C081216VEF000003361418,46
-}{5:{CHK:1143FB20924B}}{S:{COP:S}}${1:F21VZCRVECAAXXX5410610696}{4:{177:0404021720}{451:0}}{1:F01VZCRVECAAXXX5410610696}{2:09501717040402VZCRVECAAXXX40812675430404021720N}{3:{108:SCONNECT}}{4:
:20:MI081216
:25:2222222222
:28C:0520/071
:60M:C081216VEF000003361418,46
:61:081216C000000001000,00NTRF000000243246//180009
PAGO
:61:081216C000000001000,00NTRF000000243266//180009
PAGO
:61:081216C000000002269,00NTRF000000243268//180009
PAGO
:61:081216C000000000500,00NTRF000000243273//180009
PAGO
:61:081216C000000013000,00NTRF000000243359//180009
PAGO
:61:081216C000000000177,18NTRF000000242112//180009
PAGO
:61:081216C000000005000,00NTRF000000242125//180009
PAGO
:61:081216C000000004693,00NTRF000000242201//180009
PAGO
:61:081216C000000000194,75NTRF000000242229//180009
PAGO
:62M:C081216VEF000003389252,39
-}{5:{CHK:1143FB20924B}}{S:{COP:S}}${1:F21VZCRVECAAXXX5410610696}{4:{177:0404021720}{451:0}}{1:F01VZCRVECAAXXX5410610696}{2:09501717040402VZCRVECAAXXX40812675430404021720N}{3:{108:SCONNECT}}{4:
:20:MI081216
:25:2222222222
:28C:0520/072
:60M:C081216VEF000003389252,39
:61:081216C000000010000,00NTRF000000242257//180009
PAGO
:61:081216C000000000115,00NTRF000000242294//180009
PAGO
:61:081216C000000010000,00NTRF000000242324//180009
PAGO
:61:081216C000000000800,00NTRF000000242337//180009
PAGO
:61:081216C000000000500,00NTRF000000242484//180009
PAGO
:61:081216C000000001500,00NTRF000000242621//180009
PAGO
:61:081216C000000000690,00NTRF000000242637//180009
PAGO
:61:081216C000000005000,00NTRF000000242767//180009
PAGO
:61:081216C000000006548,69NTRF000000242802//180009
PAGO
:62M:C081216VEF000003424406,08
-}{5:{CHK:1143FB20924B}}{S:{COP:S}}${1:F21VZCRVECAAXXX5410610696}{4:{177:0404021720}{451:0}}{1:F01VZCRVECAAXXX5410610696}{2:09501717040402VZCRVECAAXXX40812675430404021720N}{3:{108:SCONNECT}}{4:
:20:MI081216
:25:2222222222
:28C:0520/073
:60M:C081216VEF000003424406,08
:61:081216C000000000400,00NTRF000000241750//180009
PAGO
:61:081216C000000000200,00NTRF000000241777//180009
PAGO
:61:081216C000000000132,00NTRF000000241810//180009
PAGO
:61:081216C000000001200,00NTRF000000241877//180009
PAGO
:61:081216C000000008000,00NTRF000000241904//180009
PAGO
:61:081216C000000000900,00NTRF000000241934//180009
PAGO
:61:081216C000000002500,00NTRF000000241947//180009
PAGO
:61:081216C000000001072,00NTRF000000241952//180009
PAGO
:61:081216C000000005640,00NTRF000000241982//180009
PAGO
:62M:C081216VEF000003444450,08
-}{5:{CHK:1143FB20924B}}{S:{COP:S}}${1:F21VZCRVECAAXXX5410610696}{4:{177:0404021720}{451:0}}{1:F01VZCRVECAAXXX5410610696}{2:09501717040402VZCRVECAAXXX40812675430404021720N}{3:{108:SCONNECT}}{4:
:20:MI081216
:25:2222222222
:28C:0520/074
:60M:C081216VEF000003444450,08
:61:081216C000000000600,00NTRF000000242016//180009
PAGO
:61:081216C000000000100,00NTRF000000242056//180009
PAGO
:61:081216C000000000177,18NTRF000000242074//180009
PAGO
:61:081216C000000000500,00NTRF000000242104//180009
PAGO
:61:081216C000000010000,00NTRF000000241243//180009
PAGO
:61:081216C000000000500,00NTRF000000241292//180009
PAGO
:61:081216C000000000075,72NTRF000000241315//180009
PAGO
:61:081216C000000000025,00NTRF000000241320//180009
PAGO
:61:081216C000000000150,00NTRF000000241345//180009
PAGO
:62M:C081216VEF000003456577,98
-}{5:{CHK:1143FB20924B}}{S:{COP:S}}${1:F21VZCRVECAAXXX5410610696}{4:{177:0404021720}{451:0}}{1:F01VZCRVECAAXXX5410610696}{2:09501717040402VZCRVECAAXXX40812675430404021720N}{3:{108:SCONNECT}}{4:
:20:MI081216
:25:2222222222
:28C:0520/075
:60M:C081216VEF000003456577,98
:61:081216C000000001500,00NTRF000000241352//180009
PAGO
:61:081216C000000003000,00NTRF000000241573//180009
PAGO
:61:081216C000000001000,00NTRF000000241645//180009
PAGO
:61:081216C000000000150,00NTRF000000241646//180009
PAGO
:61:081216C000000001450,00NTRF000000241672//180009
PAGO
:61:081216C000000000150,00NTRF000000241708//180009
PAGO
:61:081216C000000000130,00NTRF000000241721//180009
PAGO
:61:081216C000000002500,00NTRF000000241725//180009
PAGO
:61:081216C000000005000,00NTRF000000240983//180009
PAGO
:62M:C081216VEF000003471457,98
-}{5:{CHK:1143FB20924B}}{S:{COP:S}}${1:F21VZCRVECAAXXX5410610696}{4:{177:0404021720}{451:0}}{1:F01VZCRVECAAXXX5410610696}{2:09501717040402VZCRVECAAXXX40812675430404021720N}{3:{108:SCONNECT}}{4:
:20:MI081216
:25:2222222222
:28C:0520/076
:60M:C081216VEF000003471457,98
:61:081216C000000001900,00NTRF000000241070//180009
PAGO
:61:081216C000000001900,00NTRF000000241091//180009
PAGO
:61:081216C000000002000,00NTRF000000241098//180009
PAGO
:61:081216C000000001900,00NTRF000000241112//180009
PAGO
:61:081216C000000001900,00NTRF000000241129//180009
PAGO
:61:081216C000000001900,00NTRF000000241146//180009
PAGO
:61:081216C000000000267,73NTRF000000241153//180009
PAGO
:61:081216C000000000085,00NTRF000000241179//180009
PAGO
:61:081216C000000000050,00NTRF000000241184//180009
PAGO
:62M:C081216VEF000003483360,71
-}{5:{CHK:1143FB20924B}}{S:{COP:S}}${1:F21VZCRVECAAXXX5410610696}{4:{177:0404021720}{451:0}}{1:F01VZCRVECAAXXX5410610696}{2:09501717040402VZCRVECAAXXX40812675430404021720N}{3:{108:SCONNECT}}{4:
:20:MI081216
:25:2222222222
:28C:0520/077
:60M:C081216VEF000003483360,71
:61:081216C000000001900,00NTRF000000241196//180009
PAGO
:61:081216C000000001900,00NTRF000000241221//180009
PAGO
:61:081216C000000000480,00NTRF000000241242//180009
PAGO
:61:081216C000000026826,92NTRF000000221513//180009
PAGO
:61:081216C000000001500,00NTRF000000240755//180009
PAGO
:61:081216C000000000900,00NTRF000000240760//180009
PAGO
:61:081216C000000000400,00NTRF000000240779//180009
PAGO
:61:081216C000000000100,00NTRF000000240806//180009
PAGO
:61:081216C000000000060,00NTRF000000240820//180009
PAGO
:62M:C081216VEF000003517427,63
-}{5:{CHK:1143FB20924B}}{S:{COP:S}}${1:F21VZCRVECAAXXX5410610696}{4:{177:0404021720}{451:0}}{1:F01VZCRVECAAXXX5410610696}{2:09501717040402VZCRVECAAXXX40812675430404021720N}{3:{108:SCONNECT}}{4:
:20:MI081216
:25:2222222222
:28C:0520/078
:60M:C081216VEF000003517427,63
:61:081216C000000000500,00NTRF000000240833//180009
PAGO
:61:081216C000000000100,00NTRF000000240846//180009
PAGO
:61:081216C000000000200,00NTRF000000240907//180009
PAGO
:61:081216C000000001500,00NTRF000000240981//180009
PAGO
:61:081216C000000000320,00NTRF000000247081//180009
PAGO
:61:081216C000000003000,00NTRF000000247094//180009
PAGO
:61:081216C000000000640,00NTRF000000247119//180009
PAGO
:61:081216C000000000700,00NTRF000000246304//180009
PAGO
:61:081216C000000000269,00NTRF000000246307//180009
PAGO
:62M:C081216VEF000003524656,63
-}{5:{CHK:1143FB20924B}}{S:{COP:S}}${1:F21VZCRVECAAXXX5410610696}{4:{177:0404021720}{451:0}}{1:F01VZCRVECAAXXX5410610696}{2:09501717040402VZCRVECAAXXX40812675430404021720N}{3:{108:SCONNECT}}{4:
:20:MI081216
:25:2222222222
:28C:0520/079
:60M:C081216VEF000003524656,63
:61:081216C000000003500,00NTRF000000246399//180009
PAGO
:61:081216C000000000150,00NTRF000000246424//180009
PAGO
:61:081216C000000000500,00NTRF000000246429//180009
PAGO
:61:081216C000000001600,00NTRF000000246530//180009
PAGO
:61:081216C000000000400,00NTRF000000246559//180009
PAGO
:61:081216C000000000500,00NTRF000000246621//180009
PAGO
:61:081216C000000000084,00NTRF000000246630//180009
PAGO
:61:081216C000000001500,00NTRF000000246658//180009
PAGO
:61:081216C000000000240,00NTRF000000246704//180009
PAGO
:62M:C081216VEF000003533130,63
-}{5:{CHK:1143FB20924B}}{S:{COP:S}}${1:F21VZCRVECAAXXX5410610696}{4:{177:0404021720}{451:0}}{1:F01VZCRVECAAXXX5410610696}{2:09501717040402VZCRVECAAXXX40812675430404021720N}{3:{108:SCONNECT}}{4:
:20:MI081216
:25:2222222222
:28C:0520/080
:60M:C081216VEF000003533130,63
:61:081216C000000010000,00NTRF000000246709//180009
PAGO
:61:081216C000000000350,00NTRF000000246717//180009
PAGO
:61:081216C000000001590,00NTRF000000245720//180009
PAGO
:61:081216C000000001500,00NTRF000000245763//180009
PAGO
:61:081216C000000000080,00NTRF000000245830//180009
PAGO
:61:081216C000000002525,00NTRF000000245842//180009
PAGO
:61:081216C000000000600,00NTRF000000245845//180009
PAGO
:61:081216C000000002500,00NTRF000000245886//180009
PAGO
:61:081216C000000000500,00NTRF000000245946//180009
PAGO
:62M:C081216VEF000003552775,63
-}{5:{CHK:1143FB20924B}}{S:{COP:S}}${1:F21VZCRVECAAXXX5410610696}{4:{177:0404021720}{451:0}}{1:F01VZCRVECAAXXX5410610696}{2:09501717040402VZCRVECAAXXX40812675430404021720N}{3:{108:SCONNECT}}{4:
:20:MI081216
:25:2222222222
:28C:0520/081
:60M:C081216VEF000003552775,63
:61:081216C000000001000,00NTRF000000245965//180009
PAGO
:61:081216C000000005000,00NTRF000000245969//180009
PAGO
:61:081216C000000000800,00NTRF000000245982//180009
PAGO
:61:081216C000000000120,00NTRF000000245988//180009
PAGO
:61:081216C000000000300,00NTRF000000246011//180009
PAGO
:61:081216C000000000900,00NTRF000000246030//180009
PAGO
:61:081216C000000003000,00NTRF000000245224//180009
PAGO
:61:081216C000000000100,00NTRF000000245231//180009
PAGO
:61:081216C000000000460,00NTRF000000245321//180009
PAGO
:62M:C081216VEF000003564455,63
-}{5:{CHK:1143FB20924B}}{S:{COP:S}}${1:F21VZCRVECAAXXX5410610696}{4:{177:0404021720}{451:0}}{1:F01VZCRVECAAXXX5410610696}{2:09501717040402VZCRVECAAXXX40812675430404021720N}{3:{108:SCONNECT}}{4:
:20:MI081216
:25:2222222222
:28C:0520/082
:60M:C081216VEF000003564455,63
:61:081216C000000004650,00NTRF000000245341//180009
PAGO
:61:081216C000000001432,41NTRF000000245347//180009
PAGO
:61:081216C000000001500,00NTRF000000245370//180009
PAGO
:61:081216C000000000500,00NTRF000000245376//180009
PAGO
:61:081216C000000003235,00NTRF000000245460//180009
PAGO
:61:081216C000000000800,00NTRF000000245503//180009
PAGO
:61:081216C000000000700,00NTRF000000245525//180009
PAGO
:61:081216C000000001200,00NTRF000000245549//180009
PAGO
:61:081216C000000025000,00NTRF000000245655//180009
PAGO
:62M:C081216VEF000003603473,04
-}{5:{CHK:1143FB20924B}}{S:{COP:S}}${1:F21VZCRVECAAXXX5410610696}{4:{177:0404021720}{451:0}}{1:F01VZCRVECAAXXX5410610696}{2:09501717040402VZCRVECAAXXX40812675430404021720N}{3:{108:SCONNECT}}{4:
:20:MI081216
:25:2222222222
:28C:0520/083
:60M:C081216VEF000003603473,04
:61:081216C000000001000,00NTRF000000245661//180009
PAGO
:61:081216C000000001000,00NTRF000000244891//180009
PAGO
:61:081216C000000000480,00NTRF000000244925//180009
PAGO
:61:081216C000000000954,00NTRF000016122008//180009
PAGO
:61:081216C000000001200,00NTRF000016122008//180009
PAGO
:61:081216C000000000550,00NTRF000016122008//180009
PAGO
:61:081216C000000000250,00NTRF000016122008//180009
PAGO
:61:081216C000000000350,00NTRF000016122008//180009
PAGO
:61:081216C000000002142,00NTRF000016122008//180009
PAGO
:62M:C081216VEF000003611399,04
-}{5:{CHK:1143FB20924B}}{S:{COP:S}}${1:F21VZCRVECAAXXX5410610696}{4:{177:0404021720}{451:0}}{1:F01VZCRVECAAXXX5410610696}{2:09501717040402VZCRVECAAXXX40812675430404021720N}{3:{108:SCONNECT}}{4:
:20:MI081216
:25:2222222222
:28C:0520/084
:60M:C081216VEF000003611399,04
:61:081216C000000000800,00NTRF000016122008//180009
PAGO
:61:081216C000000000671,00NTRF000016122008//180009
PAGO
:61:081216C000000000150,00NTRF000016122008//180009
PAGO
:61:081216C000000000600,00NTRF000016122008//180009
PAGO
:61:081216C000000000250,00NTRF000016122008//180009
PAGO
:61:081216C000000000300,00NTRF000016122008//180009
PAGO
:61:081216C000000000300,00NTRF000016122008//180009
PAGO
:61:081216C000000001000,00NTRF000016122008//180009
PAGO
:61:081216C000000000170,00NTRF000016122008//180009
PAGO
:62M:C081216VEF000003615640,04
-}{5:{CHK:1143FB20924B}}{S:{COP:S}}${1:F21VZCRVECAAXXX5410610696}{4:{177:0404021720}{451:0}}{1:F01VZCRVECAAXXX5410610696}{2:09501717040402VZCRVECAAXXX40812675430404021720N}{3:{108:SCONNECT}}{4:
:20:MI081216
:25:2222222222
:28C:0520/085
:60M:C081216VEF000003615640,04
:61:081216C000000000090,00NTRF000016122008//180009
PAGO
:61:081216C000000000150,00NTRF000016122008//180009
PAGO
:61:081216C000000002000,00NTRF000016122008//180009
PAGO
:61:081216C000000002193,00NTRF000016122008//180009
PAGO
:61:081216C000000000500,00NTRF000016122008//180009
PAGO
:61:081216C000000010500,00NTRF000016122008//180009
PAGO
:61:081216C000000001000,00NTRF000016122008//180009
PAGO
:61:081216C000000000200,00NTRF000016122008//180009
PAGO
:61:081216C000000000100,00NTRF000016122008//180009
PAGO
:62M:C081216VEF000003632373,04
-}{5:{CHK:1143FB20924B}}{S:{COP:S}}${1:F21VZCRVECAAXXX5410610696}{4:{177:0404021720}{451:0}}{1:F01VZCRVECAAXXX5410610696}{2:09501717040402VZCRVECAAXXX40812675430404021720N}{3:{108:SCONNECT}}{4:
:20:MI081216
:25:2222222222
:28C:0520/086
:60M:C081216VEF000003632373,04
:61:081216C000000000100,00NTRF000016122008//180009
PAGO
:61:081216C000000000500,00NTRF000016122008//180009
PAGO
:61:081216C000000000490,00NTRF000016122008//180009
PAGO
:61:081216C000000000600,00NTRF000016122008//180009
PAGO
:61:081216C000000000210,00NTRF000016122008//180009
PAGO
:61:081216C000000000394,00NTRF000016122008//180009
PAGO
:61:081216C000000001000,00NTRF000016122008//180009
PAGO
:61:081216C000000000300,00NTRF000016122008//180009
PAGO
:61:081216C000000000350,00NTRF000016122008//180009
PAGO
:62M:C081216VEF000003636317,04
-}{5:{CHK:1143FB20924B}}{S:{COP:S}}${1:F21VZCRVECAAXXX5410610696}{4:{177:0404021720}{451:0}}{1:F01VZCRVECAAXXX5410610696}{2:09501717040402VZCRVECAAXXX40812675430404021720N}{3:{108:SCONNECT}}{4:
:20:MI081216
:25:2222222222
:28C:0520/087
:60M:C081216VEF000003636317,04
:61:081216C000000001481,00NTRF000016122008//180009
PAGO
:61:081216C000000000307,52NTRF000016122008//180009
PAGO
:61:081216C000000000200,00NTRF000016122008//180009
PAGO
:61:081216C000000000750,00NTRF000016122008//180009
PAGO
:61:081216C000000000150,00NTRF000016122008//180009
PAGO
:61:081216C000000000134,00NTRF000016122008//180009
PAGO
:61:081216C000000000400,00NTRF000016122008//180009
PAGO
:61:081216C000000000245,00NTRF000016122008//180009
PAGO
:61:081216C000000000085,00NTRF000016122008//180009
PAGO
:62M:C081216VEF000003640069,56
-}{5:{CHK:1143FB20924B}}{S:{COP:S}}${1:F21VZCRVECAAXXX5410610696}{4:{177:0404021720}{451:0}}{1:F01VZCRVECAAXXX5410610696}{2:09501717040402VZCRVECAAXXX40812675430404021720N}{3:{108:SCONNECT}}{4:
:20:MI081216
:25:2222222222
:28C:0520/088
:60M:C081216VEF000003640069,56
:61:081216C000000001500,00NTRF000016122008//180009
PAGO
:61:081216C000000000130,00NTRF000016122008//180009
PAGO
:61:081216C000000001730,48NTRF000016122008//180009
PAGO
:61:081216C000000000110,00NTRF000016122008//180009
PAGO
:61:081216C000000000110,00NTRF000016122008//180009
PAGO
:61:081216C000000000400,00NTRF000016122008//180009
PAGO
:61:081216C000000001300,00NTRF000016122008//180009
PAGO
:61:081216C000000000400,00NTRF000016122008//180009
PAGO
:61:081216C000000000410,00NTRF000016122008//180009
PAGO
:62M:C081216VEF000003646160,04
-}{5:{CHK:1143FB20924B}}{S:{COP:S}}${1:F21VZCRVECAAXXX5410610696}{4:{177:0404021720}{451:0}}{1:F01VZCRVECAAXXX5410610696}{2:09501717040402VZCRVECAAXXX40812675430404021720N}{3:{108:SCONNECT}}{4:
:20:MI081216
:25:2222222222
:28C:0520/089
:60M:C081216VEF000003646160,04
:61:081216C000000000574,00NTRF000016122008//180009
PAGO
:61:081216C000000000200,00NTRF000016122008//180009
PAGO
:61:081216C000000001000,00NTRF000016122008//180009
PAGO
:61:081216C000000000220,00NTRF000016122008//180009
PAGO
:61:081216C000000002200,00NTRF000016122008//180009
PAGO
:61:081216C000000000100,00NTRF000016122008//180009
PAGO
:61:081216C000000001159,20NTRF000016122008//180009
PAGO
:61:081216C000000000080,00NTRF000016122008//180009
PAGO
:61:081216C000000000315,00NTRF000016122008//180009
PAGO
:62M:C081216VEF000003652008,24
-}{5:{CHK:1143FB20924B}}{S:{COP:S}}${1:F21VZCRVECAAXXX5410610696}{4:{177:0404021720}{451:0}}{1:F01VZCRVECAAXXX5410610696}{2:09501717040402VZCRVECAAXXX40812675430404021720N}{3:{108:SCONNECT}}{4:
:20:MI081216
:25:2222222222
:28C:0520/090
:60M:C081216VEF000003652008,24
:61:081216C000000004480,00NTRF000016122008//180009
PAGO
:61:081216C000000000080,00NTRF000016122008//180009
PAGO
:61:081216C000000000345,00NTRF000016122008//180009
PAGO
:61:081216C000000002500,00NTRF000016122008//180009
PAGO
:61:081216C000000000200,00NTRF000016122008//180009
PAGO
:61:081216C000000000250,00NTRF000016122008//180009
PAGO
:61:081216C000000000250,00NTRF000016122008//180009
PAGO
:61:081216C000000000600,00NTRF000016122008//180009
PAGO
:61:081216C000000008000,00NTRF000016122008//180009
PAGO
:62M:C081216VEF000003668713,24
-}{5:{CHK:1143FB20924B}}{S:{COP:S}}${1:F21VZCRVECAAXXX5410610696}{4:{177:0404021720}{451:0}}{1:F01VZCRVECAAXXX5410610696}{2:09501717040402VZCRVECAAXXX40812675430404021720N}{3:{108:SCONNECT}}{4:
:20:MI081216
:25:2222222222
:28C:0520/091
:60M:C081216VEF000003668713,24
:61:081216C000000000771,25NTRF000016122008//180009
PAGO
:61:081216C000000000200,00NTRF000016122008//180009
PAGO
:61:081216C000000000425,00NTRF000016122008//180009
PAGO
:61:081216C000000000300,00NTRF000016122008//180009
PAGO
:61:081216C000000003552,00NTRF000032214419//180009
PAGO
:61:081216C000000000372,45NTRF000032210143//180009
PAGO
:61:081216C000000015416,44NTRF000000000007//180009
PAGO
:61:081216C000000007859,60NTRF000027375692//180009
PAGO
:61:081216C000000002101,00NTRF000027377917//180009
PAGO
:62M:C081216VEF000003699710,98
-}{5:{CHK:1143FB20924B}}{S:{COP:S}}${1:F21VZCRVECAAXXX5410610696}{4:{177:0404021720}{451:0}}{1:F01VZCRVECAAXXX5410610696}{2:09501717040402VZCRVECAAXXX40812675430404021720N}{3:{108:SCONNECT}}{4:
:20:MI081216
:25:2222222222
:28C:0520/092
:60M:C081216VEF000003699710,98
:61:081216C000000004196,33NTRF000027362044//180009
PAGO
:61:081216C000000002520,00NTRF000027365442//180009
PAGO
:61:081216C000000004314,02NTRF000027371593//180009
PAGO
:61:081216C000000003948,37NTRF000027369348//180009
PAGO
:61:081216C000000002040,00NTRF000027396975//180009
PAGO
:61:081216C000000000143,00NTRF000027389092//180009
PAGO
:61:081216C000000009800,00NTRF000027405874//180009
PAGO
:61:081216C000000002700,00NTRF000027376670//180009
PAGO
:61:081216C000000000573,00NTRF000032214424//180009
PAGO
:62M:C081216VEF000003729945,70
-}{5:{CHK:1143FB20924B}}{S:{COP:S}}${1:F21VZCRVECAAXXX5410610696}{4:{177:0404021720}{451:0}}{1:F01VZCRVECAAXXX5410610696}{2:09501717040402VZCRVECAAXXX40812675430404021720N}{3:{108:SCONNECT}}{4:
:20:MI081216
:25:2222222222
:28C:0520/093
:60M:C081216VEF000003729945,70
:61:081216C000000000453,67NTRF000027376929//180009
PAGO
:61:081216C000000003800,00NTRF000027388260//180009
PAGO
:61:081216C000000000344,00NTRF000027395555//180009
PAGO
:61:081216C000000003550,00NTRF000027372722//180009
PAGO
:61:081216C000000001200,00NTRF000027398326//180009
PAGO
:61:081216C000000000245,00NTRF000027388360//180009
PAGO
:61:081216C000000000186,41NTRF000032165459//180009
PAGO
:61:081216C000000000751,08NTRF000027366304//180009
PAGO
:61:081216C000000008412,92NTRF000027369578//180009
PAGO
:62M:C081216VEF000003748888,78
-}{5:{CHK:1143FB20924B}}{S:{COP:S}}${1:F21VZCRVECAAXXX5410610696}{4:{177:0404021720}{451:0}}{1:F01VZCRVECAAXXX5410610696}{2:09501717040402VZCRVECAAXXX40812675430404021720N}{3:{108:SCONNECT}}{4:
:20:MI081216
:25:2222222222
:28C:0520/094
:60M:C081216VEF000003748888,78
:61:081216C000000000877,09NTRF000027407800//180009
PAGO
:61:081216C000000001000,00NTRF000027406775//180009
PAGO
:61:081216C000000005590,95NTRF000027413539//180009
PAGO
:61:081216C000000000600,00NTRF000027413043//180009
PAGO
:61:081216C000000000291,00NTRF000027412392//180009
PAGO
:61:081216C000000000200,00NTRF000027410902//180009
PAGO
:61:081216C000000000270,00NTRF000027409210//180009
PAGO
:61:081216C000000004650,00NTRF000027408981//180009
PAGO
:61:081216C000000001380,00NTRF000027410699//180009
PAGO
:62M:C081216VEF000003763747,82
-}{5:{CHK:1143FB20924B}}{S:{COP:S}}${1:F21VZCRVECAAXXX5410610696}{4:{177:0404021720}{451:0}}{1:F01VZCRVECAAXXX5410610696}{2:09501717040402VZCRVECAAXXX40812675430404021720N}{3:{108:SCONNECT}}{4:
:20:MI081216
:25:2222222222
:28C:0520/095
:60M:C081216VEF000003763747,82
:61:081216C000000003500,00NTRF000027411043//180009
PAGO
:61:081216C000000000300,00NTRF000027412741//180009
PAGO
:61:081216C000000000250,00NTRF000027413385//180009
PAGO
:61:081216C000000000145,00NTRF000027413811//180009
PAGO
:61:081216C000000000150,00NTRF000027407703//180009
PAGO
:61:081216C000000001500,00NTRF000027414146//180009
PAGO
:61:081216C000000000802,00NTRF000000004949//180009
PAGO
:61:081216C000000003138,35NTRF000000004948//180009
PAGO
:61:081216C000000000139,06NTRF000000004947//180009
PAGO
:62M:C081216VEF000003773672,23
-}{5:{CHK:1143FB20924B}}{S:{COP:S}}${1:F21VZCRVECAAXXX5410610696}{4:{177:0404021720}{451:0}}{1:F01VZCRVECAAXXX5410610696}{2:09501717040402VZCRVECAAXXX40812675430404021720N}{3:{108:SCONNECT}}{4:
:20:MI081216
:25:2222222222
:28C:0520/096
:60M:C081216VEF000003773672,23
:61:081216C000000009677,88NTRF000000005018//180009
PAGO
:61:081216C000000008240,54NTRF000000004950//180009
PAGO
:61:081216C000000001170,00NTRF000000004919//180009
PAGO
:61:081216C000000001959,00NTRF000000004824//180009
PAGO
:61:081216C000000005973,80NTRF000000004825//180009
PAGO
:61:081216C000000003940,00NTRF000000004065//180009
PAGO
:61:081216C000000019374,71NTRF000000004951//180009
PAGO
:61:081216C000000004297,64NTRF000000005019//180009
PAGO
:61:081216C000000000400,00NTRF000000002221//180009
PAGO
:62M:C081216VEF000003828705,80
-}{5:{CHK:1143FB20924B}}{S:{COP:S}}${1:F21VZCRVECAAXXX5410610696}{4:{177:0404021720}{451:0}}{1:F01VZCRVECAAXXX5410610696}{2:09501717040402VZCRVECAAXXX40812675430404021720N}{3:{108:SCONNECT}}{4:
:20:MI081216
:25:2222222222
:28C:0520/097
:60M:C081216VEF000003828705,80
:61:081216C000000002496,22NTRF000000856983//180009
PAGO
:61:081216C000000000500,00NTRF000000857048//180009
PAGO
:61:081216C000000013420,50NTRF000000857045//180009
PAGO
:61:081216C000000044326,46NTRF000000857023//180009
PAGO
:61:081216C000000000369,34NTRF000000858928//180009
PAGO
:61:081216C000000000635,94NTRF000000080555//180009
PAGO
:61:081216C000000004500,00NTRF000000080481//180009
PAGO
:61:081216C000000001000,00NTRF000000080359//180009
PAGO
:61:081216C000000001012,91NTRF000000080549//180009
PAGO
:62M:C081216VEF000003896967,17
-}{5:{CHK:1143FB20924B}}{S:{COP:S}}${1:F21VZCRVECAAXXX5410610696}{4:{177:0404021720}{451:0}}{1:F01VZCRVECAAXXX5410610696}{2:09501717040402VZCRVECAAXXX40812675430404021720N}{3:{108:SCONNECT}}{4:
:20:MI081216
:25:2222222222
:28C:0520/098
:60M:C081216VEF000003896967,17
:61:081216C000000003000,00NTRF000000080761//180009
PAGO
:61:081216C000000002000,00NTRF000026910575//180009
PAGO
:61:081216C000000000300,00NTRF000026912763//180009
PAGO
:61:081216C000000002000,00NTRF000003635559//180009
PAGO
:61:081216C000000000100,00NTRF000003771345//180009
PAGO
:61:081216C000000001100,00NTRF000000000209//180009
PAGO
:61:081216C000000000400,00NTRF000000000000//180009
PAGO
:61:081216C000000000150,00NTRF000000000000//180009
PAGO
:61:081216C000000000100,00NTRF000000000000//180009
PAGO
:62M:C081216VEF000003906117,17
-}{5:{CHK:1143FB20924B}}{S:{COP:S}}${1:F21VZCRVECAAXXX5410610696}{4:{177:0404021720}{451:0}}{1:F01VZCRVECAAXXX5410610696}{2:09501717040402VZCRVECAAXXX40812675430404021720N}{3:{108:SCONNECT}}{4:
:20:MI081216
:25:2222222222
:28C:0520/099
:60M:C081216VEF000003906117,17
:61:081216C000000004000,00NTRF000000000000//180009
PAGO
:61:081216C000000045500,02NTRF000000577749//180009
PAGO
:61:081216C000000005000,00NTRF000000570369//180009
PAGO
:61:081216C000000003000,00NTRF000000578194//180009
PAGO
:61:081216C000000000200,00NTRF000055451596//180009
PAGO
:61:081216C000000003000,00NTRF000055461883//180009
PAGO
:61:081216C000000000468,00NTRF000055485681//180009
PAGO
:61:081216C000000001200,00NTRF000055444752//180009
PAGO
:61:081216C000000000350,00NTRF000055357301//180009
PAGO
:62M:C081216VEF000003968835,19
-}{5:{CHK:1143FB20924B}}{S:{COP:S}}${1:F21VZCRVECAAXXX5410610696}{4:{177:0404021720}{451:0}}{1:F01VZCRVECAAXXX5410610696}{2:09501717040402VZCRVECAAXXX40812675430404021720N}{3:{108:SCONNECT}}{4:
:20:MI081216
:25:2222222222
:28C:0520/100
:60M:C081216VEF000003968835,19
:61:081216C000000007650,00NTRF000055331005//180009
PAGO
:61:081216C000000000380,00NTRF000055324942//180009
PAGO
:61:081216C000000001500,00NTRF000055301955//180009
PAGO
:61:081216C000000006000,00NTRF000055298479//180009
PAGO
:61:081216C000000000120,00NTRF000055404209//180009
PAGO
:61:081216C000000002500,00NTRF000055388534//180009
PAGO
:61:081216C000000001300,00NTRF000055393807//180009
PAGO
:61:081216C000000001060,00NTRF000055375986//180009
PAGO
:61:081216C000000000152,00NTRF000055418622//180009
PAGO
:62M:C081216VEF000003989497,19
-}{5:{CHK:1143FB20924B}}{S:{COP:S}}${1:F21VZCRVECAAXXX5410610696}{4:{177:0404021720}{451:0}}{1:F01VZCRVECAAXXX5410610696}{2:09501717040402VZCRVECAAXXX40812675430404021720N}{3:{108:SCONNECT}}{4:
:20:MI081216
:25:2222222222
:28C:0520/101
:60M:C081216VEF000003989497,19
:61:081216C000000001500,00NTRF000055323825//180009
PAGO
:61:081216C000000005000,00NTRF000055341016//180009
PAGO
:61:081216C000000000500,00NTRF000055371491//180009
PAGO
:61:081216C000000000510,00NTRF000055485271//180009
PAGO
:61:081216C000000004500,00NTRF000055427995//180009
PAGO
:61:081216C000000005000,00NTRF000082908361//180009
PAGO
:61:081216C000000001000,00NTRF000082908825//180009
PAGO
:61:081216C000000003500,00NTRF000082909956//180009
PAGO
:61:081216C000000002992,00NTRF000082886451//180009
PAGO
:62M:C081216VEF000004013999,19
-}{5:{CHK:1143FB20924B}}{S:{COP:S}}${1:F21VZCRVECAAXXX5410610696}{4:{177:0404021720}{451:0}}{1:F01VZCRVECAAXXX5410610696}{2:09501717040402VZCRVECAAXXX40812675430404021720N}{3:{108:SCONNECT}}{4:
:20:MI081216
:25:2222222222
:28C:0520/102
:60M:C081216VEF000004013999,19
:61:081216C000000005000,00NTRF000082889310//180009
PAGO
:61:081216C000000000500,00NTRF000082892143//180009
PAGO
:61:081216C000000005000,00NTRF000082895595//180009
PAGO
:61:081216C000000003000,00NTRF000082866184//180009
PAGO
:61:081216C000000000225,65NTRF000082866991//180009
PAGO
:61:081216C000000003000,00NTRF000082867363//180009
PAGO
:61:081216C000000000480,00NTRF000082867573//180009
PAGO
:61:081216C000000000400,00NTRF000082850714//180009
PAGO
:61:081216C000000004000,00NTRF000082851053//180009
PAGO
:62M:C081216VEF000004035604,84
-}{5:{CHK:1143FB20924B}}{S:{COP:S}}${1:F21VZCRVECAAXXX5410610696}{4:{177:0404021720}{451:0}}{1:F01VZCRVECAAXXX5410610696}{2:09501717040402VZCRVECAAXXX40812675430404021720N}{3:{108:SCONNECT}}{4:
:20:MI081216
:25:2222222222
:28C:0520/103
:60M:C081216VEF000004035604,84
:61:081216C000000000228,00NTRF000082851985//180009
PAGO
:61:081216C000000000060,00NTRF000082854612//180009
PAGO
:61:081216C000000000100,33NTRF000082854763//180009
PAGO
:61:081216C000000001000,00NTRF000082856281//180009
PAGO
:61:081216C000000001500,00NTRF000082858042//180009
PAGO
:61:081216C000000000100,00NTRF000082858156//180009
PAGO
:61:081216C000000000350,00NTRF000082858252//180009
PAGO
:61:081216C000000005000,00NTRF000082860083//180009
PAGO
:61:081216C000000003058,00NTRF000082860256//180009
PAGO
:62M:C081216VEF000004047001,17
-}{5:{CHK:1143FB20924B}}{S:{COP:S}}${1:F21VZCRVECAAXXX5410610696}{4:{177:0404021720}{451:0}}{1:F01VZCRVECAAXXX5410610696}{2:09501717040402VZCRVECAAXXX40812675430404021720N}{3:{108:SCONNECT}}{4:
:20:MI081216
:25:2222222222
:28C:0520/104
:60M:C081216VEF000004047001,17
:61:081216C000000001550,00NTRF000082861026//180009
PAGO
:61:081216C000000003000,00NTRF000082861074//180009
PAGO
:61:081216C000000000160,00NTRF000082862253//180009
PAGO
:61:081216C000000000620,00NTRF000082862651//180009
PAGO
:61:081216C000000001650,00NTRF000082863303//180009
PAGO
:61:081216C000000000600,00NTRF000082863340//180009
PAGO
:61:081216C000000000360,00NTRF000082864515//180009
PAGO
:61:081216C000000002000,00NTRF000082864666//180009
PAGO
:61:081216C000000002000,00NTRF000082866055//180009
PAGO
:62M:C081216VEF000004058941,17
-}{5:{CHK:1143FB20924B}}{S:{COP:S}}${1:F21VZCRVECAAXXX5410610696}{4:{177:0404021720}{451:0}}{1:F01VZCRVECAAXXX5410610696}{2:09501717040402VZCRVECAAXXX40812675430404021720N}{3:{108:SCONNECT}}{4:
:20:MI081216
:25:2222222222
:28C:0520/105
:60M:C081216VEF000004058941,17
:61:081216C000000000400,00NTRF000082866081//180009
PAGO
:61:081216C000000001000,00NTRF000082866173//180009
PAGO
:61:081216C000000000500,00NTRF000082849830//180009
PAGO
:61:081216C000000005000,00NTRF000082850165//180009
PAGO
:61:081216C000000000150,00NTRF000082877572//180009
PAGO
:61:081216C000000002000,00NTRF000082878600//180009
PAGO
:61:081216C000000000500,00NTRF000082879484//180009
PAGO
:61:081216C000000000100,00NTRF000082880560//180009
PAGO
:61:081216C000000005000,00NTRF000082883791//180009
PAGO
:62M:C081216VEF000004073591,17
-}{5:{CHK:1143FB20924B}}{S:{COP:S}}${1:F21VZCRVECAAXXX5410610696}{4:{177:0404021720}{451:0}}{1:F01VZCRVECAAXXX5410610696}{2:09501717040402VZCRVECAAXXX40812675430404021720N}{3:{108:SCONNECT}}{4:
:20:MI081216
:25:2222222222
:28C:0520/106
:60M:C081216VEF000004073591,17
:61:081216C000000000060,00NTRF000082884745//180009
PAGO
:61:081216C000000002000,00NTRF000082884771//180009
PAGO
:61:081216C000000003500,00NTRF000082884970//180009
PAGO
:61:081216C000000000700,00NTRF000082885762//180009
PAGO
:61:081216C000000000350,00NTRF000082899213//180009
PAGO
:61:081216C000000000188,00NTRF000082899913//180009
PAGO
:61:081216C000000000150,00NTRF000082900230//180009
PAGO
:61:081216C000000000406,50NTRF000082900996//180009
PAGO
:61:081216C000000000545,92NTRF000082901162//180009
PAGO
:62M:C081216VEF000004081491,59
-}{5:{CHK:1143FB20924B}}{S:{COP:S}}${1:F21VZCRVECAAXXX5410610696}{4:{177:0404021720}{451:0}}{1:F01VZCRVECAAXXX5410610696}{2:09501717040402VZCRVECAAXXX40812675430404021720N}{3:{108:SCONNECT}}{4:
:20:MI081216
:25:2222222222
:28C:0520/107
:60M:C081216VEF000004081491,59
:61:081216C000000000200,00NTRF000082870745//180009
PAGO
:61:081216C000000000350,00NTRF000082871736//180009
PAGO
:61:081216C000000000280,00NTRF000082874794//180009
PAGO
:61:081216C000000000650,00NTRF000082877270//180009
PAGO
:61:081216C000000000069,50NTRF000082896343//180009
PAGO
:61:081216C000000000200,00NTRF000082895411//180009
PAGO
:61:081216C000000003000,00NTRF000082890010//180009
PAGO
:61:081216C000000000370,00NTRF000082887910//180009
PAGO
:61:081216C000000000800,00NTRF000082881116//180009
PAGO
:62M:C081216VEF000004087411,09
-}{5:{CHK:1143FB20924B}}{S:{COP:S}}${1:F21VZCRVECAAXXX5410610696}{4:{177:0404021720}{451:0}}{1:F01VZCRVECAAXXX5410610696}{2:09501717040402VZCRVECAAXXX40812675430404021720N}{3:{108:SCONNECT}}{4:
:20:MI081216
:25:2222222222
:28C:0520/108
:60M:C081216VEF000004087411,09
:61:081216C000000000750,00NTRF000082906364//180009
PAGO
:61:081216C000000000500,00NTRF000082906040//180009
PAGO
:61:081216C000000000200,00NTRF000082902363//180009
PAGO
:61:081216C000000000100,00NTRF000082901490//180009
PAGO
:61:081216C000000005417,00NTRF000082859335//180009
PAGO
:61:081216C000000000590,00NTRF000082880486//180009
PAGO
:61:081216C000000000800,00NTRF000082880593//180009
PAGO
:61:081216C000000000480,00NTRF000082880335//180009
PAGO
:61:081216C000000000100,00NTRF000082871762//180009
PAGO
:62M:C081216VEF000004096348,09
-}{5:{CHK:1143FB20924B}}{S:{COP:S}}${1:F21VZCRVECAAXXX5410610696}{4:{177:0404021720}{451:0}}{1:F01VZCRVECAAXXX5410610696}{2:09501717040402VZCRVECAAXXX40812675430404021720N}{3:{108:SCONNECT}}{4:
:20:MI081216
:25:2222222222
:28C:0520/109
:60M:C081216VEF000004096348,09
:61:081216C000000000400,00NTRF000082882365//180009
PAGO
:61:081216C000000001000,00NTRF000082896365//180009
PAGO
:61:081216C000000000400,00NTRF000082901070//180009
PAGO
:61:081216C000000001273,00NTRF000016120800//180009
PAGO
:61:081216C000000005000,00NTRF000000113397//180009
PAGO
:61:081216C000000000244,16NTRF000000121024//180009
PAGO
:61:081216C000000000900,00NTRF000000120916//180009
PAGO
:61:081216C000000000247,48NTRF000000120834//180009
PAGO
:61:081216C000000000200,00NTRF000000120449//180009
PAGO
:62M:C081216VEF000004106012,73
-}{5:{CHK:1143FB20924B}}{S:{COP:S}}${1:F21VZCRVECAAXXX5410610696}{4:{177:0404021720}{451:0}}{1:F01VZCRVECAAXXX5410610696}{2:09501717040402VZCRVECAAXXX40812675430404021720N}{3:{108:SCONNECT}}{4:
:20:MI081216
:25:2222222222
:28C:0520/110
:60M:C081216VEF000004106012,73
:61:081216C000000002835,00NTRF000000120352//180009
PAGO
:61:081216C000000001348,05NTRF000000120133//180009
PAGO
:61:081216C000000000700,00NTRF000000120120//180009
PAGO
:61:081216C000000001000,00NTRF000000120067//180009
PAGO
:61:081216C000000004711,36NTRF000000120023//180009
PAGO
:61:081216C000000003471,00NTRF000000120024//180009
PAGO
:61:081216C000000000190,00NTRF000000119997//180009
PAGO
:61:081216C000000001700,00NTRF000000119980//180009
PAGO
:61:081216C000000002000,00NTRF000000119981//180009
PAGO
:62M:C081216VEF000004123968,14
-}{5:{CHK:1143FB20924B}}{S:{COP:S}}${1:F21VZCRVECAAXXX5410610696}{4:{177:0404021720}{451:0}}{1:F01VZCRVECAAXXX5410610696}{2:09501717040402VZCRVECAAXXX40812675430404021720N}{3:{108:SCONNECT}}{4:
:20:MI081216
:25:2222222222
:28C:0520/111
:60M:C081216VEF000004123968,14
:61:081216C000000002500,00NTRF000000119982//180009
PAGO
:61:081216C000000001800,00NTRF000000119934//180009
PAGO
:61:081216C000000000736,00NTRF000000119911//180009
PAGO
:61:081216C000000001200,00NTRF000000119892//180009
PAGO
:61:081216C000000001000,00NTRF000000119819//180009
PAGO
:61:081216C000000001000,00NTRF000000119799//180009
PAGO
:61:081216C000000000359,25NTRF000000119772//180009
PAGO
:61:081216C000000001400,00NTRF000000116313//180009
PAGO
:61:081216C000000000200,00NTRF000000116157//180009
PAGO
:62M:C081216VEF000004134163,39
-}{5:{CHK:1143FB20924B}}{S:{COP:S}}${1:F21VZCRVECAAXXX5410610696}{4:{177:0404021720}{451:0}}{1:F01VZCRVECAAXXX5410610696}{2:09501717040402VZCRVECAAXXX40812675430404021720N}{3:{108:SCONNECT}}{4:
:20:MI081216
:25:2222222222
:28C:0520/112
:60M:C081216VEF000004134163,39
:61:081216C000000000315,00NTRF000000116165//180009
PAGO
:61:081216C000000001000,00NTRF000000116148//180009
PAGO
:61:081216C000000002000,00NTRF000000115984//180009
PAGO
:61:081216C000000002000,00NTRF000000115985//180009
PAGO
:61:081216C000000001000,00NTRF000000115983//180009
PAGO
:61:081216C000000001000,00NTRF000000115834//180009
PAGO
:61:081216C000000023000,00NTRF000000115101//180009
PAGO
:61:081216C000000006000,00NTRF000000115106//180009
PAGO
:61:081216C000000000800,00NTRF000000115098//180009
PAGO
:62M:C081216VEF000004171278,39
-}{5:{CHK:1143FB20924B}}{S:{COP:S}}${1:F21VZCRVECAAXXX5410610696}{4:{177:0404021720}{451:0}}{1:F01VZCRVECAAXXX5410610696}{2:09501717040402VZCRVECAAXXX40812675430404021720N}{3:{108:SCONNECT}}{4:
:20:MI081216
:25:2222222222
:28C:0520/113
:60M:C081216VEF000004171278,39
:61:081216C000000050000,00NTRF000000115086//180009
PAGO
:61:081216C000000000200,00NTRF000000115048//180009
PAGO
:61:081216C000000001520,00NTRF000000115047//180009
PAGO
:61:081216C000000001450,00NTRF000000113617//180009
PAGO
:61:081216C000000001500,00NTRF000000115809//180009
PAGO
:61:081216C000000001500,00NTRF000000115662//180009
PAGO
:61:081216C000000000090,00NTRF000000115598//180009
PAGO
:61:081216C000000000900,00NTRF000000115520//180009
PAGO
:61:081216C000000002026,69NTRF000000115465//180009
PAGO
:62M:C081216VEF000004230465,08
-}{5:{CHK:1143FB20924B}}{S:{COP:S}}${1:F21VZCRVECAAXXX5410610696}{4:{177:0404021720}{451:0}}{1:F01VZCRVECAAXXX5410610696}{2:09501717040402VZCRVECAAXXX40812675430404021720N}{3:{108:SCONNECT}}{4:
:20:MI081216
:25:2222222222
:28C:0520/114
:60M:C081216VEF000004230465,08
:61:081216C000000001315,80NTRF000000115390//180009
PAGO
:61:081216C000000009300,00NTRF000000115265//180009
PAGO
:61:081216C000000000500,00NTRF000000115146//180009
PAGO
:61:081216C000000000400,00NTRF000000115125//180009
PAGO
:61:081216C000000000250,00NTRF000000119512//180009
PAGO
:61:081216C000000003000,00NTRF000000119500//180009
PAGO
:61:081216C000000002910,00NTRF000000119497//180009
PAGO
:61:081216C000000001750,00NTRF000000119401//180009
PAGO
:61:081216C000000000130,00NTRF000000119392//180009
PAGO
:62M:C081216VEF000004250020,88
-}{5:{CHK:1143FB20924B}}{S:{COP:S}}${1:F21VZCRVECAAXXX5410610696}{4:{177:0404021720}{451:0}}{1:F01VZCRVECAAXXX5410610696}{2:09501717040402VZCRVECAAXXX40812675430404021720N}{3:{108:SCONNECT}}{4:
:20:MI081216
:25:2222222222
:28C:0520/115
:60M:C081216VEF000004250020,88
:61:081216C000000000700,00NTRF000000119322//180009
PAGO
:61:081216C000000000400,00NTRF000000119325//180009
PAGO
:61:081216C000000000262,00NTRF000000116727//180009
PAGO
:61:081216C000000000400,00NTRF000000116515//180009
PAGO
:61:081216C000000004280,00NTRF000000120423//180009
PAGO
:61:081216C000000000246,00NTRF000000120752//180009
PAGO
:61:081216C000000003120,66NTRF000000120833//180009
PAGO
:61:081216C000000000200,00NTRF000000120957//180009
PAGO
:61:081216C000000000810,00NTRF000000113456//180009
PAGO
:62M:C081216VEF000004260439,54
-}{5:{CHK:1143FB20924B}}{S:{COP:S}}${1:F21VZCRVECAAXXX5410610696}{4:{177:0404021720}{451:0}}{1:F01VZCRVECAAXXX5410610696}{2:09501717040402VZCRVECAAXXX40812675430404021720N}{3:{108:SCONNECT}}{4:
:20:MI081216
:25:2222222222
:28C:0520/116
:60M:C081216VEF000004260439,54
:61:081216C000000000120,00NTRF000027433921//180009
PAGO
:61:081216C000000000550,00NTRF000000539789//180009
PAGO
:61:081216C000000000300,00NTRF000000540048//180009
PAGO
:61:081216C000000000326,76NTRF000000540519//180009
PAGO
:61:081216C000000000250,00NTRF000000540979//180009
PAGO
:61:081216C000000000900,00NTRF000000541144//180009
PAGO
:61:081216C000000000099,00NTRF000000540985//180009
PAGO
:61:081216C000000000500,00NTRF000000540637//180009
PAGO
:61:081216C000000000320,00NTRF000000540303//180009
PAGO
:62M:C081216VEF000004263805,30
-}{5:{CHK:1143FB20924B}}{S:{COP:S}}${1:F21VZCRVECAAXXX5410610696}{4:{177:0404021720}{451:0}}{1:F01VZCRVECAAXXX5410610696}{2:09501717040402VZCRVECAAXXX40812675430404021720N}{3:{108:SCONNECT}}{4:
:20:MI081216
:25:2222222222
:28C:0520/117
:60M:C081216VEF000004263805,30
:61:081216C000000000100,00NTRF000000539719//180009
PAGO
:61:081216C000000004206,07NTRF000000538011//180009
PAGO
:61:081216C000000000900,00NTRF000000403670//180009
PAGO
:61:081216C000000010170,00NTRF000000403713//180009
PAGO
:61:081216C000000003000,00NTRF000000278839//180009
PAGO
:61:081216C000000001000,00NTRF000000279300//180009
PAGO
:61:081216C000000003500,00NTRF000000403621//180009
PAGO
:61:081216C000000000300,00NTRF000000403491//180009
PAGO
:61:081216C000000003000,00NTRF000000403344//180009
PAGO
:62M:C081216VEF000004289981,37
-}{5:{CHK:1143FB20924B}}{S:{COP:S}}${1:F21VZCRVECAAXXX5410610696}{4:{177:0404021720}{451:0}}{1:F01VZCRVECAAXXX5410610696}{2:09501717040402VZCRVECAAXXX40812675430404021720N}{3:{108:SCONNECT}}{4:
:20:MI081216
:25:2222222222
:28C:0520/118
:60M:C081216VEF000004289981,37
:61:081216C000000001250,00NTRF000000279623//180009
PAGO
:61:081216C000000000200,00NTRF000000279509//180009
PAGO
:61:081216C000000000200,00NTRF000000401245//180009
PAGO
:61:081216C000000020000,00NTRF000000401389//180009
PAGO
:61:081216C000000000270,00NTRF000000401517//180009
PAGO
:61:081216C000000000300,00NTRF000000401302//180009
PAGO
:61:081216C000000002200,00NTRF000000401624//180009
PAGO
:61:081216C000000012595,24NTRF000000401641//180009
PAGO
:61:081216C000000002620,00NTRF000000401831//180009
PAGO
:62M:C081216VEF000004329616,61
-}{5:{CHK:1143FB20924B}}{S:{COP:S}}${1:F21VZCRVECAAXXX5410610696}{4:{177:0404021720}{451:0}}{1:F01VZCRVECAAXXX5410610696}{2:09501717040402VZCRVECAAXXX40812675430404021720N}{3:{108:SCONNECT}}{4:
:20:MI081216
:25:2222222222
:28C:0520/119
:60M:C081216VEF000004329616,61
:61:081216C000000000100,00NTRF000000402084//180009
PAGO
:61:081216C000000000970,00NTRF000000402254//180009
PAGO
:61:081216C000000000200,00NTRF000000402353//180009
PAGO
:61:081216C000000025482,00NTRF000000402420//180009
PAGO
:61:081216C000000020000,00NTRF000000402458//180009
PAGO
:61:081216C000000000700,00NTRF000000402472//180009
PAGO
:61:081216C000000005000,00NTRF000000402485//180009
PAGO
:61:081216C000000002000,00NTRF000000402867//180009
PAGO
:61:081216C000000000250,00NTRF000000401115//180009
PAGO
:62M:C081216VEF000004384318,61
-}{5:{CHK:1143FB20924B}}{S:{COP:S}}${1:F21VZCRVECAAXXX5410610696}{4:{177:0404021720}{451:0}}{1:F01VZCRVECAAXXX5410610696}{2:09501717040402VZCRVECAAXXX40812675430404021720N}{3:{108:SCONNECT}}{4:
:20:MI081216
:25:2222222222
:28C:0520/120
:60M:C081216VEF000004384318,61
:61:081216C000000001000,00NTRF000000400213//180009
PAGO
:61:081216C000000010826,17NTRF000000001018//180009
PAGO
:61:081216C000000000700,00NTRF000000001785//180009
PAGO
:61:081216C000000000600,00NTRF000000001772//180009
PAGO
:61:081216C000000000920,00NTRF000000001730//180009
PAGO
:61:081216C000000002682,00NTRF000000001627//180009
PAGO
:61:081216C000000015060,35NTRF000000001036//180009
PAGO
:61:081216C000000002000,00NTRF000000001413//180009
PAGO
:61:081216C000000005593,60NTRF000000001415//180009
PAGO
:62M:C081216VEF000004423700,73
-}{5:{CHK:1143FB20924B}}{S:{COP:S}}${1:F21VZCRVECAAXXX5410610696}{4:{177:0404021720}{451:0}}{1:F01VZCRVECAAXXX5410610696}{2:09501717040402VZCRVECAAXXX40812675430404021720N}{3:{108:SCONNECT}}{4:
:20:MI081216
:25:2222222222
:28C:0520/121
:60M:C081216VEF000004423700,73
:61:081216C000000003760,00NTRF000000001416//180009
PAGO
:61:081216C000000000300,00NTRF000000001358//180009
PAGO
:61:081216C000000000220,00NTRF000000001366//180009
PAGO
:61:081216C000000001600,00NTRF000000001350//180009
PAGO
:61:081216C000000000150,00NTRF000000001300//180009
PAGO
:61:081216C000000002870,44NTRF000000001057//180009
PAGO
:61:081216C000000001840,50NTRF000000001069//180009
PAGO
:61:081216C000000000059,00NTRF000000001597//180009
PAGO
:61:081216C000000005400,00NTRF000000001821//180009
PAGO
:62M:C081216VEF000004439900,67
-}{5:{CHK:1143FB20924B}}{S:{COP:S}}${1:F21VZCRVECAAXXX5410610696}{4:{177:0404021720}{451:0}}{1:F01VZCRVECAAXXX5410610696}{2:09501717040402VZCRVECAAXXX40812675430404021720N}{3:{108:SCONNECT}}{4:
:20:MI081216
:25:2222222222
:28C:0520/122
:60M:C081216VEF000004439900,67
:61:081216C000000192973,04NTRF000000111845//180009
PAGO
:61:081216C000000000160,00NTRF000000111824//180009
PAGO
:61:081216C000000007421,40NTRF000000111826//180009
PAGO
:61:081216C000000055388,99NTRF000000110655//180009
PAGO
:61:081216C000000012213,77NTRF000000111438//180009
PAGO
:61:081216C000000190265,09NTRF000000110620//180009
PAGO
:61:081216C000000000430,00NTRF000000111846//180009
PAGO
:61:081216C000000071936,14NTRF000000111843//180009
PAGO
:61:081216C000000000729,16NTRF000003044129//180009
PAGO
:62M:C081216VEF000004971418,26
-}{5:{CHK:1143FB20924B}}{S:{COP:S}}${1:F21VZCRVECAAXXX5410610696}{4:{177:0404021720}{451:0}}{1:F01VZCRVECAAXXX5410610696}{2:09501717040402VZCRVECAAXXX40812675430404021720N}{3:{108:SCONNECT}}{4:
:20:MI081216
:25:2222222222
:28C:0520/123
:60M:C081216VEF000004971418,26
:61:081216C000000000050,00NTRF000003042837//180009
PAGO
:61:081216C000000001211,00NTRF000003054290//180009
PAGO
:61:081216C000000000470,00NTRF000000535656//180009
PAGO
:61:081216C000000000400,00NTRF000000536229//180009
PAGO
:61:081216C000000000400,00NTRF000095120001//180009
PAGO
:61:081216C000000005000,00NTRF000000119715//180009
PAGO
:61:081216C000000000753,00NTRF000000119515//180009
PAGO
:61:081216C000000005000,00NTRF000000119422//180009
PAGO
:61:081216C000000000500,00NTRF000000119360//180009
PAGO
:62M:C081216VEF000004985202,26
-}{5:{CHK:1143FB20924B}}{S:{COP:S}}${1:F21VZCRVECAAXXX5410610696}{4:{177:0404021720}{451:0}}{1:F01VZCRVECAAXXX5410610696}{2:09501717040402VZCRVECAAXXX40812675430404021720N}{3:{108:SCONNECT}}{4:
:20:MI081216
:25:2222222222
:28C:0520/124
:60M:C081216VEF000004985202,26
:61:081216C000000001000,00NTRF000000119290//180009
PAGO
:61:081216C000000002800,00NTRF000000090344//180009
PAGO
:61:081216C000000000600,00NTRF000000119456//180009
PAGO
:61:081216C000000000040,00NTRF000041539513//180009
PAGO
:61:081216C000000004965,00NTRF000021421043//180009
PAGO
:61:081216C000000002500,00NTRF000050067943//180009
PAGO
:61:081216C000000001000,00NTRF000050067942//180009
PAGO
:61:081216C000000000090,00NTRF000000102919//180009
PAGO
:61:081216C000000000610,00NTRF000000102921//180009
PAGO
:62M:C081216VEF000004998807,26
-}{5:{CHK:1143FB20924B}}{S:{COP:S}}${1:F21VZCRVECAAXXX5410610696}{4:{177:0404021720}{451:0}}{1:F01VZCRVECAAXXX5410610696}{2:09501717040402VZCRVECAAXXX40812675430404021720N}{3:{108:SCONNECT}}{4:
:20:MI081216
:25:2222222222
:28C:0520/125
:60M:C081216VEF000004998807,26
:61:081216C000000003055,64NTRF000000350807//180009
PAGO
:61:081216C000000006300,00NTRF000003508076//180009
PAGO
:61:081216C000000003561,00NTRF000000102922//180009
PAGO
:61:081216C000000000199,78NTRF000000102920//180009
PAGO
:61:081216C000000001600,00NTRF000000000000//180009
PAGO
:61:081216C000000998163,57NTRF000011111101//180009
PAGO
:61:081216C000000003000,00NTRF000027429509//180009
PAGO
:61:081216C000000010000,00NTRF000027429791//180009
PAGO
:61:081216C000000001000,00NTRF000027430531//180009
PAGO
:62M:C081216VEF000006025687,25
-}{5:{CHK:1143FB20924B}}{S:{COP:S}}${1:F21VZCRVECAAXXX5410610696}{4:{177:0404021720}{451:0}}{1:F01VZCRVECAAXXX5410610696}{2:09501717040402VZCRVECAAXXX40812675430404021720N}{3:{108:SCONNECT}}{4:
:20:MI081216
:25:2222222222
:28C:0520/126
:60M:C081216VEF000006025687,25
:61:081216C000000000170,00NTRF000027431030//180009
PAGO
:61:081216C000000001100,00NTRF000027431646//180009
PAGO
:61:081216C000000000800,00NTRF000027432038//180009
PAGO
:61:081216C000000000500,00NTRF000027432046//180009
PAGO
:61:081216C000000010000,00NTRF000027432633//180009
PAGO
:61:081216C000000009497,02NTRF000027429503//180009
PAGO
:61:081216C000000001990,00NTRF000027429300//180009
PAGO
:61:081216C000000000500,00NTRF000000263748//180009
PAGO
:61:081216C000000007050,00NTRF000000262812//180009
PAGO
:62M:C081216VEF000006057294,27
-}{5:{CHK:1143FB20924B}}{S:{COP:S}}${1:F21VZCRVECAAXXX5410610696}{4:{177:0404021720}{451:0}}{1:F01VZCRVECAAXXX5410610696}{2:09501717040402VZCRVECAAXXX40812675430404021720N}{3:{108:SCONNECT}}{4:
:20:MI081216
:25:2222222222
:28C:0520/127
:60M:C081216VEF000006057294,27
:61:081216C000000000534,00NTRF000000263023//180009
PAGO
:61:081216C000000010000,00NTRF000000262517//180009
PAGO
:61:081216C000000000060,00NTRF000000262689//180009
PAGO
:61:081216C000000001000,00NTRF000000262709//180009
PAGO
:61:081216C000000000090,00NTRF000000261119//180009
PAGO
:61:081216C000000010000,00NTRF000000261141//180009
PAGO
:61:081216C000000001000,00NTRF000000261146//180009
PAGO
:61:081216C000000000900,00NTRF000000261147//180009
PAGO
:61:081216C000000000200,00NTRF000000261238//180009
PAGO
:62M:C081216VEF000006081078,27
-}{5:{CHK:1143FB20924B}}{S:{COP:S}}${1:F21VZCRVECAAXXX5410610696}{4:{177:0404021720}{451:0}}{1:F01VZCRVECAAXXX5410610696}{2:09501717040402VZCRVECAAXXX40812675430404021720N}{3:{108:SCONNECT}}{4:
:20:MI081216
:25:2222222222
:28C:0520/128
:60M:C081216VEF000006081078,27
:61:081216C000000000650,00NTRF000000260479//180009
PAGO
:61:081216C000000000400,00NTRF000000260521//180009
PAGO
:61:081216C000000000670,00NTRF000000260704//180009
PAGO
:61:081216C000000000220,00NTRF000000260706//180009
PAGO
:61:081216C000000001460,00NTRF000000260723//180009
PAGO
:61:081216C000000000350,00NTRF000000260778//180009
PAGO
:61:081216C000000014000,00NTRF000000260882//180009
PAGO
:61:081216C000000000300,00NTRF000000260896//180009
PAGO
:61:081216C000000029033,02NTRF000000250442//180009
PAGO
:62M:C081216VEF000006128161,29
-}{5:{CHK:1143FB20924B}}{S:{COP:S}}${1:F21VZCRVECAAXXX5410610696}{4:{177:0404021720}{451:0}}{1:F01VZCRVECAAXXX5410610696}{2:09501717040402VZCRVECAAXXX40812675430404021720N}{3:{108:SCONNECT}}{4:
:20:MI081216
:25:2222222222
:28C:0520/129
:60M:C081216VEF000006128161,29
:61:081216C000000000900,00NTRF000000250526//180009
PAGO
:61:081216C000000002340,00NTRF000000250656//180009
PAGO
:61:081216C000000001297,00NTRF000000250961//180009
PAGO
:61:081216C000000333456,76NTRF000000251324//180009
PAGO
:61:081216C000000000060,00NTRF000000255595//180009
PAGO
:61:081216C000000000020,00NTRF000000255604//180009
PAGO
:61:081216C000000000125,00NTRF000000255627//180009
PAGO
:61:081216C000000480000,00NTRF000000248099//180009
PAGO
:61:081216C000000050000,00NTRF000000239545//180009
PAGO
:62M:C081216VEF000006996360,05
-}{5:{CHK:1143FB20924B}}{S:{COP:S}}${1:F21VZCRVECAAXXX5410610696}{4:{177:0404021720}{451:0}}{1:F01VZCRVECAAXXX5410610696}{2:09501717040402VZCRVECAAXXX40812675430404021720N}{3:{108:SCONNECT}}{4:
:20:MI081216
:25:2222222222
:28C:0520/130
:60M:C081216VEF000006996360,05
:61:081216C000000007115,63NTRF000000241493//180009
PAGO
:61:081216C000000002466,67NTRF000000243154//180009
PAGO
:61:081216C000000080000,00NTRF000000243735//180009
PAGO
:61:081216C000000008000,00NTRF000000244601//180009
PAGO
:61:081216C000000003345,72NTRF000000245272//180009
PAGO
:61:081216C000002000000,00NTRF000000246040//180009
PAGO
:61:081216C000000003204,60NTRF000000247886//180009
PAGO
:61:081216C000000025000,00NTRF000000247925//180009
PAGO
:61:081216C000000000420,00NTRF000000260906//180009
PAGO
:62M:C081216VEF000009125912,67
-}{5:{CHK:1143FB20924B}}{S:{COP:S}}${1:F21VZCRVECAAXXX5410610696}{4:{177:0404021720}{451:0}}{1:F01VZCRVECAAXXX5410610696}{2:09501717040402VZCRVECAAXXX40812675430404021720N}{3:{108:SCONNECT}}{4:
:20:MI081216
:25:2222222222
:28C:0520/131
:60M:C081216VEF000009125912,67
:61:081216C000000001600,00NTRF000000261027//180009
PAGO
:61:081216C000000001500,00NTRF000000261063//180009
PAGO
:61:081216C000000002000,00NTRF000000261115//180009
PAGO
:61:081216C000000003909,64NTRF000000248320//180009
PAGO
:61:081216C000000005000,00NTRF000000250006//180009
PAGO
:61:081216C000000000470,40NTRF000000250150//180009
PAGO
:61:081216C000000001750,00NTRF000000250242//180009
PAGO
:61:081216C000000022264,55NTRF000000250378//180009
PAGO
:61:081216C000000001400,00NTRF000000261266//180009
PAGO
:62M:C081216VEF000009165807,26
-}{5:{CHK:1143FB20924B}}{S:{COP:S}}${1:F21VZCRVECAAXXX5410610696}{4:{177:0404021720}{451:0}}{1:F01VZCRVECAAXXX5410610696}{2:09501717040402VZCRVECAAXXX40812675430404021720N}{3:{108:SCONNECT}}{4:
:20:MI081216
:25:2222222222
:28C:0520/132
:60M:C081216VEF000009165807,26
:61:081216C000000006000,00NTRF000000261319//180009
PAGO
:61:081216C000000001000,00NTRF000000261339//180009
PAGO
:61:081216C000000001000,00NTRF000000261361//180009
PAGO
:61:081216C000000002000,00NTRF000000261421//180009
PAGO
:61:081216C000000002000,00NTRF000000261435//180009
PAGO
:61:081216C000000001000,00NTRF000000261594//180009
PAGO
:61:081216C000000001640,00NTRF000000261659//180009
PAGO
:61:081216C000000003750,00NTRF000000260421//180009
PAGO
:61:081216C000000006600,00NTRF000000261737//180009
PAGO
:62M:C081216VEF000009190797,26
-}{5:{CHK:1143FB20924B}}{S:{COP:S}}${1:F21VZCRVECAAXXX5410610696}{4:{177:0404021720}{451:0}}{1:F01VZCRVECAAXXX5410610696}{2:09501717040402VZCRVECAAXXX40812675430404021720N}{3:{108:SCONNECT}}{4:
:20:MI081216
:25:2222222222
:28C:0520/133
:60M:C081216VEF000009190797,26
:61:081216C000000000600,00NTRF000000261770//180009
PAGO
:61:081216C000000001000,00NTRF000000261793//180009
PAGO
:61:081216C000000000350,00NTRF000000261813//180009
PAGO
:61:081216C000000003600,00NTRF000000261830//180009
PAGO
:61:081216C000000000500,00NTRF000000262000//180009
PAGO
:61:081216C000000001400,00NTRF000000262165//180009
PAGO
:61:081216C000000000200,00NTRF000000262404//180009
PAGO
:61:081216C000000000190,00NTRF000000262489//180009
PAGO
:61:081216C000000000300,00NTRF000000263172//180009
PAGO
:62M:C081216VEF000009198937,26
-}{5:{CHK:1143FB20924B}}{S:{COP:S}}${1:F21VZCRVECAAXXX5410610696}{4:{177:0404021720}{451:0}}{1:F01VZCRVECAAXXX5410610696}{2:09501717040402VZCRVECAAXXX40812675430404021720N}{3:{108:SCONNECT}}{4:
:20:MI081216
:25:2222222222
:28C:0520/134
:60M:C081216VEF000009198937,26
:61:081216C000000010000,00NTRF000000263186//180009
PAGO
:61:081216C000000001000,00NTRF000000263268//180009
PAGO
:61:081216C000000000070,00NTRF000000263368//180009
PAGO
:61:081216C000000000240,00NTRF000000263457//180009
PAGO
:61:081216C000000002000,00NTRF000000263459//180009
PAGO
:61:081216C000000001000,00NTRF000000263491//180009
PAGO
:61:081216C000000003000,00NTRF000000263538//180009
PAGO
:61:081216C000000000700,00NTRF000000261695//180009
PAGO
:61:081216C000000001000,00NTRF000000263121//180009
PAGO
:62M:C081216VEF000009217947,26
-}{5:{CHK:1143FB20924B}}{S:{COP:S}}${1:F21VZCRVECAAXXX5410610696}{4:{177:0404021720}{451:0}}{1:F01VZCRVECAAXXX5410610696}{2:09501717040402VZCRVECAAXXX40812675430404021720N}{3:{108:SCONNECT}}{4:
:20:MI081216
:25:2222222222
:28C:0520/135
:60M:C081216VEF000009217947,26
:61:081216C000000000200,00NTRF000000262833//180009
PAGO
:61:081216C000000000500,00NTRF000000262744//180009
PAGO
:61:081216C000000000050,00NTRF000000263788//180009
PAGO
:61:081216C000000005000,00NTRF000000263858//180009
PAGO
:61:081216C000000000140,00NTRF000000263690//180009
PAGO
:61:081216C000000000110,00NTRF000000263739//180009
PAGO
:61:081216C000000013000,00NTRF000000263662//180009
PAGO
:61:081216C000000003000,00NTRF000000263622//180009
PAGO
:61:081216C000000022054,90NTRF000081216037//180009
PAGO
:62M:C081216VEF000009262002,16
-}{5:{CHK:1143FB20924B}}{S:{COP:S}}${1:F21VZCRVECAAXXX5410610696}{4:{177:0404021720}{451:0}}{1:F01VZCRVECAAXXX5410610696}{2:09501717040402VZCRVECAAXXX40812675430404021720N}{3:{108:SCONNECT}}{4:
:20:MI081216
:25:2222222222
:28C:0520/136
:60M:C081216VEF000009262002,16
:61:081216C000000004718,27NTRF000081216024//180009
PAGO
:61:081216C000000006143,85NTRF000081216053//180009
PAGO
:61:081216C000000000480,95NTRF000000555138//180009
PAGO
:61:081216C000000003631,53NTRF000000555145//180009
PAGO
:61:081216C000000007014,84NTRF000000555152//180009
PAGO
:61:081216C000000003625,17NTRF000000555140//180009
PAGO
:61:081216C000000056891,25NTRF000000554619//180009
PAGO
:61:081216C000000000750,00NTRF000000555779//180009
PAGO
:61:081216C000000001170,00NTRF000000554544//180009
PAGO
:62M:C081216VEF000009346428,02
-}{5:{CHK:1143FB20924B}}{S:{COP:S}}${1:F21VZCRVECAAXXX5410610696}{4:{177:0404021720}{451:0}}{1:F01VZCRVECAAXXX5410610696}{2:09501717040402VZCRVECAAXXX40812675430404021720N}{3:{108:SCONNECT}}{4:
:20:MI081216
:25:2222222222
:28C:0520/137
:60M:C081216VEF000009346428,02
:61:081216C000000001500,00NTRF000000540586//180009
PAGO
:61:081216C000000002400,00NTRF000000558200//180009
PAGO
:61:081216C000000000500,00NTRF000026634018//180009
PAGO
:61:081216C000000002300,00NTRF000026871851//180009
PAGO
:61:081216C000000000542,92NTRF000016122008//180009
PAGO
:61:081216C000000000200,00NTRF000016122008//180009
PAGO
:61:081216C000000000230,00NTRF000016122008//180009
PAGO
:61:081216C000000000080,00NTRF000016122008//180009
PAGO
:61:081216C000000002000,00NTRF000016122008//180009
PAGO
:62M:C081216VEF000009356180,94
-}{5:{CHK:1143FB20924B}}{S:{COP:S}}${1:F21VZCRVECAAXXX5410610696}{4:{177:0404021720}{451:0}}{1:F01VZCRVECAAXXX5410610696}{2:09501717040402VZCRVECAAXXX40812675430404021720N}{3:{108:SCONNECT}}{4:
:20:MI081216
:25:2222222222
:28C:0520/138
:60M:C081216VEF000009356180,94
:61:081216C000000000145,00NTRF000016122008//180009
PAGO
:61:081216C000000001000,00NTRF000016122008//180009
PAGO
:61:081216C000000000135,00NTRF000016122008//180009
PAGO
:61:081216C000000000600,00NTRF000016122008//180009
PAGO
:61:081216C000000000500,00NTRF000016122008//180009
PAGO
:61:081216C000000030000,00NTRF000016122008//180009
PAGO
:61:081216C000000000072,00NTRF000016122008//180009
PAGO
:61:081216C000000000100,00NTRF000016122008//180009
PAGO
:61:081216C000000001000,00NTRF000016122008//180009
PAGO
:62M:C081216VEF000009389732,94
-}{5:{CHK:1143FB20924B}}{S:{COP:S}}${1:F21VZCRVECAAXXX5410610696}{4:{177:0404021720}{451:0}}{1:F01VZCRVECAAXXX5410610696}{2:09501717040402VZCRVECAAXXX40812675430404021720N}{3:{108:SCONNECT}}{4:
:20:MI081216
:25:2222222222
:28C:0520/139
:60M:C081216VEF000009389732,94
:61:081216C000000004000,00NTRF000016122008//180009
PAGO
:61:081216C000000000060,00NTRF000016122008//180009
PAGO
:61:081216C000000000250,00NTRF000016122008//180009
PAGO
:61:081216C000000009200,00NTRF000000030350//180009
PAGO
:61:081216C000000000040,00NTRF000011063350//180009
PAGO
:61:081216C000000000278,03NTRF000095120001//180009
PAGO
:61:081216C000000000250,00NTRF000095120001//180009
PAGO
:61:081216C000000000050,00NTRF000095120001//180009
PAGO
:61:081216C000000000400,00NTRF000003205539//180009
PAGO
:62M:C081216VEF000009404260,97
-}{5:{CHK:1143FB20924B}}{S:{COP:S}}${1:F21VZCRVECAAXXX5410610696}{4:{177:0404021720}{451:0}}{1:F01VZCRVECAAXXX5410610696}{2:09501717040402VZCRVECAAXXX40812675430404021720N}{3:{108:SCONNECT}}{4:
:20:MI081216
:25:2222222222
:28C:0520/140
:60M:C081216VEF000009404260,97
:61:081216C000000008000,00NTRF000027427592//180009
PAGO
:61:081216C000000002000,00NTRF000027428035//180009
PAGO
:61:081216C000000009600,00NTRF000027423469//180009
PAGO
:61:081216C000000001800,00NTRF000027423529//180009
PAGO
:61:081216C000000000200,00NTRF000027423769//180009
PAGO
:61:081216C000000000600,00NTRF000027423781//180009
PAGO
:61:081216C000000000109,00NTRF000027424333//180009
PAGO
:61:081216C000000000336,31NTRF000027424881//180009
PAGO
:61:081216C000000000350,00NTRF000027425564//180009
PAGO
:62M:C081216VEF000009427256,28
-}{5:{CHK:1143FB20924B}}{S:{COP:S}}${1:F21VZCRVECAAXXX5410610696}{4:{177:0404021720}{451:0}}{1:F01VZCRVECAAXXX5410610696}{2:09501717040402VZCRVECAAXXX40812675430404021720N}{3:{108:SCONNECT}}{4:
:20:MI081216
:25:2222222222
:28C:0520/141
:60M:C081216VEF000009427256,28
:61:081216C000000000180,00NTRF000027426396//180009
PAGO
:61:081216C000000002631,10NTRF000027427420//180009
PAGO
:61:081216C000000000200,00NTRF000027428218//180009
PAGO
:61:081216C000000020000,00NTRF000027428376//180009
PAGO
:61:081216C000000002734,00NTRF000027428619//180009
PAGO
:61:081216C000000000500,00NTRF000027428638//180009
PAGO
:61:081216C000000001000,00NTRF000027422485//180009
PAGO
:61:081216C000000000200,00NTRF000027422484//180009
PAGO
:61:081216C000000004522,65NTRF000000498957//180009
PAGO
:62M:C081216VEF000009459224,03
-}{5:{CHK:1143FB20924B}}{S:{COP:S}}${1:F21VZCRVECAAXXX5410610696}{4:{177:0404021720}{451:0}}{1:F01VZCRVECAAXXX5410610696}{2:09501717040402VZCRVECAAXXX40812675430404021720N}{3:{108:SCONNECT}}{4:
:20:MI081216
:25:2222222222
:28C:0520/142
:60M:C081216VEF000009459224,03
:61:081216C000000001000,00NTRF000000468144//180009
PAGO
:61:081216C000000000426,00NTRF000000499263//180009
PAGO
:61:081216C000000000150,00NTRF000000476915//180009
PAGO
:61:081216C000000005500,00NTRF000000377039//180009
PAGO
:61:081216C000000000600,00NTRF000000476871//180009
PAGO
:61:081216C000000000090,00NTRF000000476796//180009
PAGO
:61:081216C000000000400,00NTRF000000489204//180009
PAGO
:61:081216C000000000200,00NTRF000000489635//180009
PAGO
:61:081216C000000005000,00NTRF000000491432//180009
PAGO
:62M:C081216VEF000009472590,03
-}{5:{CHK:1143FB20924B}}{S:{COP:S}}${1:F21VZCRVECAAXXX5410610696}{4:{177:0404021720}{451:0}}{1:F01VZCRVECAAXXX5410610696}{2:09501717040402VZCRVECAAXXX40812675430404021720N}{3:{108:SCONNECT}}{4:
:20:MI081216
:25:2222222222
:28C:0520/143
:60M:C081216VEF000009472590,03
:61:081216C000000003991,96NTRF000000534755//180009
PAGO
:61:081216C000000000200,00NTRF000000471864//180009
PAGO
:61:081216C000000003359,00NTRF000000517320//180009
PAGO
:61:081216C000000003900,00NTRF000000505727//180009
PAGO
:61:081216C000000001130,00NTRF000000105806//180009
PAGO
:61:081216C000000000120,00NTRF000000107832//180009
PAGO
:61:081216C000000000020,00NTRF000000107831//180009
PAGO
:61:081216C000000002000,00NTRF000000107720//180009
PAGO
:61:081216C000000000040,00NTRF000000107782//180009
PAGO
:62M:C081216VEF000009487350,99
-}{5:{CHK:1143FB20924B}}{S:{COP:S}}${1:F21VZCRVECAAXXX5410610696}{4:{177:0404021720}{451:0}}{1:F01VZCRVECAAXXX5410610696}{2:09501717040402VZCRVECAAXXX40812675430404021720N}{3:{108:SCONNECT}}{4:
:20:MI081216
:25:2222222222
:28C:0520/144
:60M:C081216VEF000009487350,99
:61:081216C000000000306,00NTRF000000105707//180009
PAGO
:61:081216C000000002200,00NTRF000000107315//180009
PAGO
:61:081216C000000002391,00NTRF000000107297//180009
PAGO
:61:081216C000000002086,00NTRF000000107298//180009
PAGO
:61:081216C000000000150,00NTRF000000107241//180009
PAGO
:61:081216C000000000490,00NTRF000000106993//180009
PAGO
:61:081216C000000012000,00NTRF000000106520//180009
PAGO
:61:081216C000000000300,00NTRF000000106485//180009
PAGO
:61:081216C000000001000,00NTRF000000106429//180009
PAGO
:62M:C081216VEF000009508273,99
-}{5:{CHK:1143FB20924B}}{S:{COP:S}}${1:F21VZCRVECAAXXX5410610696}{4:{177:0404021720}{451:0}}{1:F01VZCRVECAAXXX5410610696}{2:09501717040402VZCRVECAAXXX40812675430404021720N}{3:{108:SCONNECT}}{4:
:20:MI081216
:25:2222222222
:28C:0520/145
:60M:C081216VEF000009508273,99
:61:081216C000000000300,00NTRF000000106422//180009
PAGO
:61:081216C000000000108,00NTRF000000105564//180009
PAGO
:61:081216C000000000100,00NTRF000000107652//180009
PAGO
:61:081216C000000002100,00NTRF000000107626//180009
PAGO
:61:081216C000000002000,00NTRF000000107615//180009
PAGO
:61:081216C000000005000,00NTRF000000107594//180009
PAGO
:61:081216C000000000050,00NTRF000000107536//180009
PAGO
:61:081216C000000001500,00NTRF000000107528//180009
PAGO
:61:081216C000000003400,00NTRF000000107486//180009
PAGO
:62M:C081216VEF000009522831,99
-}{5:{CHK:1143FB20924B}}{S:{COP:S}}${1:F21VZCRVECAAXXX5410610696}{4:{177:0404021720}{451:0}}{1:F01VZCRVECAAXXX5410610696}{2:09501717040402VZCRVECAAXXX40812675430404021720N}{3:{108:SCONNECT}}{4:
:20:MI081216
:25:2222222222
:28C:0520/146
:60M:C081216VEF000009522831,99
:61:081216C000000001500,00NTRF000000107416//180009
PAGO
:61:081216C000000001100,00NTRF000000107357//180009
PAGO
:61:081216C000000003000,00NTRF000000107197//180009
PAGO
:61:081216C000000000150,00NTRF000000107205//180009
PAGO
:61:081216C000000005000,00NTRF000000107175//180009
PAGO
:61:081216C000000000300,00NTRF000000107158//180009
PAGO
:61:081216C000000000150,00NTRF000000107163//180009
PAGO
:61:081216C000000000500,00NTRF000000107155//180009
PAGO
:61:081216C000000000100,00NTRF000000107120//180009
PAGO
:62M:C081216VEF000009534631,99
-}{5:{CHK:1143FB20924B}}{S:{COP:S}}${1:F21VZCRVECAAXXX5410610696}{4:{177:0404021720}{451:0}}{1:F01VZCRVECAAXXX5410610696}{2:09501717040402VZCRVECAAXXX40812675430404021720N}{3:{108:SCONNECT}}{4:
:20:MI081216
:25:2222222222
:28C:0520/147
:60M:C081216VEF000009534631,99
:61:081216C000000001780,00NTRF000000106227//180009
PAGO
:61:081216C000000008000,00NTRF000000106186//180009
PAGO
:61:081216C000000002000,00NTRF000000106133//180009
PAGO
:61:081216C000000003000,00NTRF000000106037//180009
PAGO
:61:081216C000000000505,00NTRF000000106022//180009
PAGO
:61:081216C000000005000,00NTRF000000105463//180009
PAGO
:61:081216C000000001600,00NTRF000000105444//180009
PAGO
:61:081216C000000000300,00NTRF000000105283//180009
PAGO
:61:081216C000000000216,39NTRF000000096992//180009
PAGO
:62M:C081216VEF000009557033,38
-}{5:{CHK:1143FB20924B}}{S:{COP:S}}${1:F21VZCRVECAAXXX5410610696}{4:{177:0404021720}{451:0}}{1:F01VZCRVECAAXXX5410610696}{2:09501717040402VZCRVECAAXXX40812675430404021720N}{3:{108:SCONNECT}}{4:
:20:MI081216
:25:2222222222
:28C:0520/148
:60M:C081216VEF000009557033,38
:61:081216C000000004750,47NTRF000000096812//180009
PAGO
:61:081216C000000000290,00NTRF000000096292//180009
PAGO
:61:081216C000000004000,00NTRF000000096232//180009
PAGO
:61:081216C000000000210,00NTRF000000096239//180009
PAGO
:61:081216C000000000220,00NTRF000000096138//180009
PAGO
:61:081216C000000000578,00NTRF000000096075//180009
PAGO
:61:081216C000000000210,00NTRF000000096064//180009
PAGO
:61:081216C000000001000,00NTRF000000096028//180009
PAGO
:61:081216C000000000800,00NTRF000000095825//180009
PAGO
:62M:C081216VEF000009569091,85
-}{5:{CHK:1143FB20924B}}{S:{COP:S}}${1:F21VZCRVECAAXXX5410610696}{4:{177:0404021720}{451:0}}{1:F01VZCRVECAAXXX5410610696}{2:09501717040402VZCRVECAAXXX40812675430404021720N}{3:{108:SCONNECT}}{4:
:20:MI081216
:25:2222222222
:28C:0520/149
:60M:C081216VEF000009569091,85
:61:081216C000000000330,00NTRF000000095641//180009
PAGO
:61:081216C000000001000,00NTRF000000095797//180009
PAGO
:61:081216C000000008982,50NTRF000000095742//180009
PAGO
:61:081216C000000005677,00NTRF000000095717//180009
PAGO
:61:081216C000000000221,00NTRF000000095679//180009
PAGO
:61:081216C000000000080,00NTRF000000105997//180009
PAGO
:61:081216C000000000800,00NTRF000000105198//180009
PAGO
:61:081216C000000000400,00NTRF000000105116//180009
PAGO
:61:081216C000000001500,00NTRF000000097513//180009
PAGO
:62M:C081216VEF000009588082,35
-}{5:{CHK:1143FB20924B}}{S:{COP:S}}${1:F21VZCRVECAAXXX5410610696}{4:{177:0404021720}{451:0}}{1:F01VZCRVECAAXXX5410610696}{2:09501717040402VZCRVECAAXXX40812675430404021720N}{3:{108:SCONNECT}}{4:
:20:MI081216
:25:2222222222
:28C:0520/150
:60M:C081216VEF000009588082,35
:61:081216C000000000150,00NTRF000000097298//180009
PAGO
:61:081216C000000000700,00NTRF000000097281//180009
PAGO
:61:081216C000000000100,00NTRF000000097277//180009
PAGO
:61:081216C000000000600,00NTRF000000097257//180009
PAGO
:61:081216C000000000200,00NTRF000000097158//180009
PAGO
:61:081216C000000005000,00NTRF000000097067//180009
PAGO
:61:081216C000000000035,00NTRF000000107821//180009
PAGO
:61:081216C000000000360,00NTRF000000096571//180009
PAGO
:61:081216C000000001000,00NTRF000000105829//180009
PAGO
:62M:C081216VEF000009596227,35
-}{5:{CHK:1143FB20924B}}{S:{COP:S}}${1:F21VZCRVECAAXXX5410610696}{4:{177:0404021720}{451:0}}{1:F01VZCRVECAAXXX5410610696}{2:09501717040402VZCRVECAAXXX40812675430404021720N}{3:{108:SCONNECT}}{4:
:20:MI081216
:25:2222222222
:28C:0520/151
:60M:C081216VEF000009596227,35
:61:081216C000000000080,00NTRF000000096629//180009
PAGO
:61:081216C000000004800,00NTRF000000096634//180009
PAGO
:61:081216C000000001075,00NTRF000000105929//180009
PAGO
:61:081216C000000000160,00NTRF000000105920//180009
PAGO
:61:081216C000000001000,00NTRF000000105925//180009
PAGO
:61:081216C000000003400,00NTRF000000096735//180009
PAGO
:61:081216C000000000500,00NTRF000000000000//180009
PAGO
:61:081216C000000001300,00NTRF000000000000//180009
PAGO
:61:081216C000000000550,00NTRF000000066410//180009
PAGO
:62M:C081216VEF000009609092,35
-}{5:{CHK:1143FB20924B}}{S:{COP:S}}${1:F21VZCRVECAAXXX5410610696}{4:{177:0404021720}{451:0}}{1:F01VZCRVECAAXXX5410610696}{2:09501717040402VZCRVECAAXXX40812675430404021720N}{3:{108:SCONNECT}}{4:
:20:MI081216
:25:2222222222
:28C:0520/152
:60M:C081216VEF000009609092,35
:61:081216C000000000104,42NTRF000000066872//180009
PAGO
:61:081216C000000000188,28NTRF000000007408//180009
PAGO
:61:081216C000000000269,89NTRF000000007407//180009
PAGO
:61:081216C000000015192,21NTRF000000006657//180009
PAGO
:61:081216C000000002610,00NTRF000000006662//180009
PAGO
:61:081216C000000001526,82NTRF000000007424//180009
PAGO
:61:081216C000000014665,00NTRF000000049771//180009
PAGO
:61:081216C000000000188,28NTRF000000007399//180009
PAGO
:61:081216C000000010187,88NTRF000000007400//180009
PAGO
:62M:C081216VEF000009654025,13
-}{5:{CHK:1143FB20924B}}{S:{COP:S}}${1:F21VZCRVECAAXXX5410610696}{4:{177:0404021720}{451:0}}{1:F01VZCRVECAAXXX5410610696}{2:09501717040402VZCRVECAAXXX40812675430404021720N}{3:{108:SCONNECT}}{4:
:20:MI081216
:25:2222222222
:28C:0520/153
:60M:C081216VEF000009654025,13
:61:081216C000000000278,56NTRF000000007414//180009
PAGO
:61:081216C000000014332,68NTRF000000007415//180009
PAGO
:61:081216C000000000285,00NTRF000050001902//180009
PAGO
:61:081216C000000007165,42NTRF000000007418//180009
PAGO
:61:081216C000000001526,82NTRF000000007420//180009
PAGO
:61:081216C000000000073,28NTRF000000007413//180009
PAGO
:61:081216C000000001188,00NTRF000003478071//180009
PAGO
:61:081216C000000001017,88NTRF000000007422//180009
PAGO
:61:081216C000000000564,94NTRF000000007427//180009
PAGO
:62M:C081216VEF000009680457,71
-}{5:{CHK:1143FB20924B}}{S:{COP:S}}${1:F21VZCRVECAAXXX5410610696}{4:{177:0404021720}{451:0}}{1:F01VZCRVECAAXXX5410610696}{2:09501717040402VZCRVECAAXXX40812675430404021720N}{3:{108:SCONNECT}}{4:
:20:MI081216
:25:2222222222
:28C:0520/154
:60M:C081216VEF000009680457,71
:61:081216C000000003545,06NTRF000000007429//180009
PAGO
:61:081216C000000000902,56NTRF000050001913//180009
PAGO
:61:081216C000000001522,07NTRF000000007393//180009
PAGO
:61:081216C000000000640,87NTRF000000007395//180009
PAGO
:61:081216C000000000773,32NTRF000000007402//180009
PAGO
:61:081216C000000007264,88NTRF000000007404//180009
PAGO
:61:081216C000000010317,02NTRF000000007382//180009
PAGO
:61:081216C000000012515,40NTRF000000007383//180009
PAGO
:61:081216C000000001580,45NTRF000000007384//180009
PAGO
:62M:C081216VEF000009719519,34
-}{5:{CHK:1143FB20924B}}{S:{COP:S}}${1:F21VZCRVECAAXXX5410610696}{4:{177:0404021720}{451:0}}{1:F01VZCRVECAAXXX5410610696}{2:09501717040402VZCRVECAAXXX40812675430404021720N}{3:{108:SCONNECT}}{4:
:20:MI081216
:25:2222222222
:28C:0520/155
:60M:C081216VEF000009719519,34
:61:081216C000000000269,89NTRF000000007397//180009
PAGO
:61:081216C000000000507,36NTRF000000007398//180009
PAGO
:61:081216C000000002425,00NTRF000000007386//180009
PAGO
:61:081216C000000000269,89NTRF000000007411//180009
PAGO
:61:081216C000000001126,77NTRF000000007405//180009
PAGO
:61:081216C000000008523,18NTRF000000007412//180009
PAGO
:61:081216C000000001128,06NTRF000000007419//180009
PAGO
:61:081216C000000001129,88NTRF000000007421//180009
PAGO
:61:081216C000000005970,63NTRF000000007428//180009
PAGO
:62M:C081216VEF000009740870,00
-}{5:{CHK:1143FB20924B}}{S:{COP:S}}${1:F21VZCRVECAAXXX5410610696}{4:{177:0404021720}{451:0}}{1:F01VZCRVECAAXXX5410610696}{2:09501717040402VZCRVECAAXXX40812675430404021720N}{3:{108:SCONNECT}}{4:
:20:MI081216
:25:2222222222
:28C:0520/156
:60M:C081216VEF000009740870,00
:61:081216C000000000557,02NTRF000000007430//180009
PAGO
:61:081216C000000005200,00NTRF000000047002//180009
PAGO
:61:081216C000000000230,00NTRF000000007381//180009
PAGO
:61:081216C000000000270,16NTRF000000001798//180009
PAGO
:61:081216C000000003434,45NTRF000000001806//180009
PAGO
:61:081216C000000004129,09NTRF000000006676//180009
PAGO
:61:081216C000000000539,77NTRF000000001797//180009
PAGO
:61:081216C000000001644,18NTRF000057142008//180009
PAGO
:61:081216C000000006779,26NTRF000000007426//180009
PAGO
:62M:C081216VEF000009763653,93
-}{5:{CHK:1143FB20924B}}{S:{COP:S}}${1:F21VZCRVECAAXXX5410610696}{4:{177:0404021720}{451:0}}{1:F01VZCRVECAAXXX5410610696}{2:09501717040402VZCRVECAAXXX40812675430404021720N}{3:{108:SCONNECT}}{4:
:20:MI081216
:25:2222222222
:28C:0520/157
:60M:C081216VEF000009763653,93
:61:081216C000000013063,81NTRF000000007433//180009
PAGO
:61:081216C000000001600,20NTRF000000011598//180009
PAGO
:61:081216C000000035942,25NTRF000010401764//180009
PAGO
:61:081216C000000000188,28NTRF000000007416//180009
PAGO
:61:081216C000000000507,36NTRF000000007417//180009
PAGO
:61:081216C000000000269,89NTRF000000007431//180009
PAGO
:61:081216C000000000205,50NTRF000000007432//180009
PAGO
:61:081216C000000000505,89NTRF000000007434//180009
PAGO
:61:081216C000000011896,99NTRF000000001794//180009
PAGO
:62M:C081216VEF000009827834,10
-}{5:{CHK:1143FB20924B}}{S:{COP:S}}${1:F21VZCRVECAAXXX5410610696}{4:{177:0404021720}{451:0}}{1:F01VZCRVECAAXXX5410610696}{2:09501717040402VZCRVECAAXXX40812675430404021720N}{3:{108:SCONNECT}}{4:
:20:MI081216
:25:2222222222
:28C:0520/158
:60M:C081216VEF000009827834,10
:61:081216C000000001018,06NTRF000000001795//180009
PAGO
:61:081216C000000006115,20NTRF000000006680//180009
PAGO
:61:081216C000000009202,95NTRF000000006681//180009
PAGO
:61:081216C000000000730,00NTRF000000011584//180009
PAGO
:61:081216C000000025999,06NTRF000000006641//180009
PAGO
:61:081216C000000004511,25NTRF000003508070//180009
PAGO
:61:081216C000000032301,05NTRF000000030648//180009
PAGO
:61:081216C000000006543,09NTRF000000030630//180009
PAGO
:61:081216C000000001694,82NTRF000000007410//180009
PAGO
:62M:C081216VEF000009915949,58
-}{5:{CHK:1143FB20924B}}{S:{COP:S}}${1:F21VZCRVECAAXXX5410610696}{4:{177:0404021720}{451:0}}{1:F01VZCRVECAAXXX5410610696}{2:09501717040402VZCRVECAAXXX40812675430404021720N}{3:{108:SCONNECT}}{4:
:20:MI081216
:25:2222222222
:28C:0520/159
:60M:C081216VEF000009915949,58
:61:081216C000000000376,57NTRF000000007394//180009
PAGO
:61:081216C000000002750,00NTRF000000007385//180009
PAGO
:61:081216C000000001256,19NTRF000000001799//180009
PAGO
:61:081216C000000027475,58NTRF000000007438//180009
PAGO
:61:081216C000000000188,28NTRF000000007403//180009
PAGO
:61:081216C000000022353,68NTRF000000007396//180009
PAGO
:61:081216C000000015209,69NTRF000000007380//180009
PAGO
:61:081216C000000000188,28NTRF000000001796//180009
PAGO
:61:081216C000000005725,38NTRF000000007392//180009
PAGO
:62M:C081216VEF000009991473,23
-}{5:{CHK:1143FB20924B}}{S:{COP:S}}${1:F21VZCRVECAAXXX5410610696}{4:{177:0404021720}{451:0}}{1:F01VZCRVECAAXXX5410610696}{2:09501717040402VZCRVECAAXXX40812675430404021720N}{3:{108:SCONNECT}}{4:
:20:MI081216
:25:2222222222
:28C:0520/160
:60M:C081216VEF000009991473,23
:61:081216C000000048093,54NTRF000000007406//180009
PAGO
:61:081216C000000007119,90NTRF000000007409//180009
PAGO
:61:081216C000000000254,47NTRF000000007423//180009
PAGO
:61:081216C000000001694,82NTRF000000007425//180009
PAGO
:61:081216C000000005810,00NTRF000000007439//180009
PAGO
:61:081216C000000001017,88NTRF000000007391//180009
PAGO
:61:081216C000000003684,19NTRF000000006655//180009
PAGO
:61:081216C000000000269,89NTRF000000007401//180009
PAGO
:61:081216C000000000996,25NTRF000000030592//180009
PAGO
:62M:C081216VEF000010060414,17
-}{5:{CHK:1143FB20924B}}{S:{COP:S}}${1:F21VZCRVECAAXXX5410610696}{4:{177:0404021720}{451:0}}{1:F01VZCRVECAAXXX5410610696}{2:09501717040402VZCRVECAAXXX40812675430404021720N}{3:{108:SCONNECT}}{4:
:20:MI081216
:25:2222222222
:28C:0520/161
:60M:C081216VEF000010060414,17
:61:081216C000014000000,00NTRF000003508076//180009
PAGO
:61:081216C000000000500,00NTRF000000075374//180009
PAGO
:61:081216C000000002000,00NTRF000000075339//180009
PAGO
:61:081216C000000001278,00NTRF000000075208//180009
PAGO
:61:081216C000000000040,00NTRF000000075117//180009
PAGO
:61:081216C000000001000,00NTRF000000075093//180009
PAGO
:61:081216C000000000442,97NTRF000000075094//180009
PAGO
:61:081216C000000000295,00NTRF000000074857//180009
PAGO
:61:081216C000000000200,00NTRF000000074835//180009
PAGO
:62M:C081216VEF000024066170,14
-}{5:{CHK:1143FB20924B}}{S:{COP:S}}${1:F21VZCRVECAAXXX5410610696}{4:{177:0404021720}{451:0}}{1:F01VZCRVECAAXXX5410610696}{2:09501717040402VZCRVECAAXXX40812675430404021720N}{3:{108:SCONNECT}}{4:
:20:MI081216
:25:2222222222
:28C:0520/162
:60M:C081216VEF000024066170,14
:61:081216C000000000300,00NTRF000000084322//180009
PAGO
:61:081216C000000000600,00NTRF000000084308//180009
PAGO
:61:081216C000000000500,00NTRF000000084302//180009
PAGO
:61:081216C000000000500,00NTRF000000084303//180009
PAGO
:61:081216C000000000300,00NTRF000000075601//180009
PAGO
:61:081216C000000000200,00NTRF000000076205//180009
PAGO
:61:081216C000000000190,00NTRF000000075961//180009
PAGO
:61:081216C000000000183,50NTRF000000075941//180009
PAGO
:61:081216C000000000592,50NTRF000000075942//180009
PAGO
:62M:C081216VEF000024069536,14
-}{5:{CHK:1143FB20924B}}{S:{COP:S}}${1:F21VZCRVECAAXXX5410610696}{4:{177:0404021720}{451:0}}{1:F01VZCRVECAAXXX5410610696}{2:09501717040402VZCRVECAAXXX40812675430404021720N}{3:{108:SCONNECT}}{4:
:20:MI081216
:25:2222222222
:28C:0520/163
:60M:C081216VEF000024069536,14
:61:081216C000000001500,00NTRF000000084953//180009
PAGO
:61:081216C000000000500,00NTRF000000084940//180009
PAGO
:61:081216C000000000700,00NTRF000000084905//180009
PAGO
:61:081216C000000006000,00NTRF000000084813//180009
PAGO
:61:081216C000000001680,00NTRF000000084749//180009
PAGO
:61:081216C000000000250,00NTRF000000084733//180009
PAGO
:61:081216C000000001100,00NTRF000000084694//180009
PAGO
:61:081216C000000000763,00NTRF000000084642//180009
PAGO
:61:081216C000000000385,21NTRF000000076551//180009
PAGO
:62M:C081216VEF000024082414,35
-}{5:{CHK:1143FB20924B}}{S:{COP:S}}${1:F21VZCRVECAAXXX5410610696}{4:{177:0404021720}{451:0}}{1:F01VZCRVECAAXXX5410610696}{2:09501717040402VZCRVECAAXXX40812675430404021720N}{3:{108:SCONNECT}}{4:
:20:MI081216
:25:2222222222
:28C:0520/164
:60M:C081216VEF000024082414,35
:61:081216C000000015000,00NTRF000000076471//180009
PAGO
:61:081216C000000000200,00NTRF000000076473//180009
PAGO
:61:081216C000000004000,00NTRF000000076476//180009
PAGO
:61:081216C000000000300,00NTRF000000076388//180009
PAGO
:61:081216C000000000250,00NTRF000000076372//180009
PAGO
:61:081216C000000005000,00NTRF000000076358//180009
PAGO
:61:081216C000000000600,00NTRF000000076349//180009
PAGO
:61:081216C000000002097,78NTRF000000076237//180009
PAGO
:61:081216C000000006300,00NTRF000000084645//180009
PAGO
:62M:C081216VEF000024116162,13
-}{5:{CHK:1143FB20924B}}{S:{COP:S}}${1:F21VZCRVECAAXXX5410610696}{4:{177:0404021720}{451:0}}{1:F01VZCRVECAAXXX5410610696}{2:09501717040402VZCRVECAAXXX40812675430404021720N}{3:{108:SCONNECT}}{4:
:20:MI081216
:25:2222222222
:28C:0520/165
:60M:C081216VEF000024116162,13
:61:081216C000000000300,00NTRF000000084511//180009
PAGO
:61:081216C000000001000,00NTRF000000084468//180009
PAGO
:61:081216C000000000500,00NTRF000000084469//180009
PAGO
:61:081216C000000003082,61NTRF000000084459//180009
PAGO
:61:081216C000000012000,00NTRF000000084387//180009
PAGO
:61:081216C000000000185,00NTRF000000084370//180009
PAGO
:61:081216C000000000060,00NTRF000000084229//180009
PAGO
:61:081216C000000000200,00NTRF000000076589//180009
PAGO
:61:081216C000000031900,00NTRF000000084983//180009
PAGO
:62M:C081216VEF000024165389,74
-}{5:{CHK:1143FB20924B}}{S:{COP:S}}${1:F21VZCRVECAAXXX5410610696}{4:{177:0404021720}{451:0}}{1:F01VZCRVECAAXXX5410610696}{2:09501717040402VZCRVECAAXXX40812675430404021720N}{3:{108:SCONNECT}}{4:
:20:MI081216
:25:2222222222
:28C:0520/166
:60M:C081216VEF000024165389,74
:61:081216C000000015000,00NTRF000000085090//180009
PAGO
:61:081216C000000000527,05NTRF000000085475//180009
PAGO
:61:081216C000000000470,00NTRF000000085550//180009
PAGO
:61:081216C000000003000,00NTRF000000086100//180009
PAGO
:61:081216C000000001200,00NTRF000000059173//180009
PAGO
:61:081216C000000000273,05NTRF000000059113//180009
PAGO
:61:081216C000000000060,00NTRF000000059116//180009
PAGO
:61:081216C000000000350,00NTRF000000059138//180009
PAGO
:61:081216C000000001400,00NTRF000000058279//180009
PAGO
:62M:C081216VEF000024187669,84
-}{5:{CHK:1143FB20924B}}{S:{COP:S}}${1:F21VZCRVECAAXXX5410610696}{4:{177:0404021720}{451:0}}{1:F01VZCRVECAAXXX5410610696}{2:09501717040402VZCRVECAAXXX40812675430404021720N}{3:{108:SCONNECT}}{4:
:20:MI081216
:25:2222222222
:28C:0520/167
:60M:C081216VEF000024187669,84
:61:081216C000000000400,00NTRF000000059074//180009
PAGO
:61:081216C000000000500,00NTRF000000058912//180009
PAGO
:61:081216C000000000070,00NTRF000000058889//180009
PAGO
:61:081216C000000000070,00NTRF000000058890//180009
PAGO
:61:081216C000000000399,07NTRF000000058864//180009
PAGO
:61:081216C000000030000,00NTRF000000058829//180009
PAGO
:61:081216C000000000400,00NTRF000000058724//180009
PAGO
:61:081216C000000006300,00NTRF000000058577//180009
PAGO
:61:081216C000000002500,00NTRF000000058322//180009
PAGO
:62M:C081216VEF000024228308,91
-}{5:{CHK:1143FB20924B}}{S:{COP:S}}${1:F21VZCRVECAAXXX5410610696}{4:{177:0404021720}{451:0}}{1:F01VZCRVECAAXXX5410610696}{2:09501717040402VZCRVECAAXXX40812675430404021720N}{3:{108:SCONNECT}}{4:
:20:MI081216
:25:2222222222
:28C:0520/168
:60M:C081216VEF000024228308,91
:61:081216C000000010000,00NTRF000000058190//180009
PAGO
:61:081216C000000014269,00NTRF000000058159//180009
PAGO
:61:081216C000000000179,00NTRF000000059172//180009
PAGO
:61:081216C000000000300,00NTRF000000061601//180009
PAGO
:61:081216C000000003000,00NTRF000000061675//180009
PAGO
:61:081216C000000000100,00NTRF000000061608//180009
PAGO
:61:081216C000000001042,06NTRF000000061517//180009
PAGO
:61:081216C000000000750,00NTRF000000059348//180009
PAGO
:61:081216C000000000197,88NTRF000000059330//180009
PAGO
:62M:C081216VEF000024258146,85
-}{5:{CHK:1143FB20924B}}{S:{COP:S}}${1:F21VZCRVECAAXXX5410610696}{4:{177:0404021720}{451:0}}{1:F01VZCRVECAAXXX5410610696}{2:09501717040402VZCRVECAAXXX40812675430404021720N}{3:{108:SCONNECT}}{4:
:20:MI081216
:25:2222222222
:28C:0520/169
:60M:C081216VEF000024258146,85
:61:081216C000000001000,00NTRF000000059194//180009
PAGO
:61:081216C000000001500,00NTRF000000061519//180009
PAGO
:61:081216C000000000119,90NTRF000000061484//180009
PAGO
:61:081216C000000000232,50NTRF000000061485//180009
PAGO
:61:081216C000000000385,26NTRF000000061486//180009
PAGO
:61:081216C000000002346,30NTRF000000061487//180009
PAGO
:61:081216C000000000300,00NTRF000000059444//180009
PAGO
:61:081216C000000000200,00NTRF000000059435//180009
PAGO
:61:081216C000000003912,00NTRF000000059399//180009
PAGO
:62M:C081216VEF000024268142,81
-}{5:{CHK:1143FB20924B}}{S:{COP:S}}${1:F21VZCRVECAAXXX5410610696}{4:{177:0404021720}{451:0}}{1:F01VZCRVECAAXXX5410610696}{2:09501717040402VZCRVECAAXXX40812675430404021720N}{3:{108:SCONNECT}}{4:
:20:MI081216
:25:2222222222
:28C:0520/170
:60M:C081216VEF000024268142,81
:61:081216C000000008657,07NTRF000000059400//180009
PAGO
:61:081216C000000005000,00NTRF000000059349//180009
PAGO
:61:081216C000000000150,00NTRF000000059361//180009
PAGO
:61:081216C000000002000,00NTRF000000061518//180009
PAGO
:61:081216C000000027215,75NTRF000000061575//180009
PAGO
:61:081216C000000004600,00NTRF000000061861//180009
PAGO
:61:081216C000000000239,14NTRF000000062544//180009
PAGO
:61:081216C000000002000,00NTRF000000062537//180009
PAGO
:61:081216C000000004000,00NTRF000000062584//180009
PAGO
:62M:C081216VEF000024322004,77
-}{5:{CHK:1143FB20924B}}{S:{COP:S}}${1:F21VZCRVECAAXXX5410610696}{4:{177:0404021720}{451:0}}{1:F01VZCRVECAAXXX5410610696}{2:09501717040402VZCRVECAAXXX40812675430404021720N}{3:{108:SCONNECT}}{4:
:20:MI081216
:25:2222222222
:28C:0520/171
:60M:C081216VEF000024322004,77
:61:081216C000000007000,00NTRF000000062534//180009
PAGO
:61:081216C000000007700,00NTRF000000062333//180009
PAGO
:61:081216C000000000400,00NTRF000000062304//180009
PAGO
:61:081216C000000000300,00NTRF000000062018//180009
PAGO
:61:081216C000000001500,00NTRF000000062321//180009
PAGO
:61:081216C000000000300,00NTRF000000062361//180009
PAGO
:61:081216C000000000150,00NTRF000000062697//180009
PAGO
:61:081216C000000003517,55NTRF000000057592//180009
PAGO
:61:081216C000000004300,00NTRF000000057822//180009
PAGO
:62M:C081216VEF000024347172,32
-}{5:{CHK:1143FB20924B}}{S:{COP:S}}${1:F21VZCRVECAAXXX5410610696}{4:{177:0404021720}{451:0}}{1:F01VZCRVECAAXXX5410610696}{2:09501717040402VZCRVECAAXXX40812675430404021720N}{3:{108:SCONNECT}}{4:
:20:MI081216
:25:2222222222
:28C:0520/172
:60M:C081216VEF000024347172,32
:61:081216C000000000838,50NTRF000000057766//180009
PAGO
:61:081216C000000000100,00NTRF000000061753//180009
PAGO
:61:081216C000000000175,00NTRF000000058614//180009
PAGO
:61:081216C000000003000,00NTRF000000057913//180009
PAGO
:61:081216C000000000200,00NTRF000000062099//180009
PAGO
:61:081216C000000002000,00NTRF000000057761//180009
PAGO
:61:081216C000000011444,83NTRF000000057593//180009
PAGO
:61:081216C000000038915,00NTRF000000057596//180009
PAGO
:61:081216C000000000300,00NTRF000000058059//180009
PAGO
:62M:C081216VEF000024404145,65
-}{5:{CHK:1143FB20924B}}{S:{COP:S}}${1:F21VZCRVECAAXXX5410610696}{4:{177:0404021720}{451:0}}{1:F01VZCRVECAAXXX5410610696}{2:09501717040402VZCRVECAAXXX40812675430404021720N}{3:{108:SCONNECT}}{4:
:20:MI081216
:25:2222222222
:28C:0520/173
:60M:C081216VEF000024404145,65
:61:081216C000000347490,00NTRF000000057595//180009
PAGO
:61:081216C000000005000,00NTRF000000058033//180009
PAGO
:61:081216C000000000185,00NTRF000000058085//180009
PAGO
:61:081216C000000004700,00NTRF000000085906//180009
PAGO
:61:081216C000000001991,72NTRF000000085918//180009
PAGO
:61:081216C000000001388,00NTRF000000085854//180009
PAGO
:61:081216C000000000028,50NTRF000000085814//180009
PAGO
:61:081216C000000005100,00NTRF000000085506//180009
PAGO
:61:081216C000000002000,00NTRF000000085372//180009
PAGO
:62M:C081216VEF000024772028,87
-}{5:{CHK:1143FB20924B}}{S:{COP:S}}${1:F21VZCRVECAAXXX5410610696}{4:{177:0404021720}{451:0}}{1:F01VZCRVECAAXXX5410610696}{2:09501717040402VZCRVECAAXXX40812675430404021720N}{3:{108:SCONNECT}}{4:
:20:MI081216
:25:2222222222
:28C:0520/174
:60M:C081216VEF000024772028,87
:61:081216C000000000100,00NTRF000000085012//180009
PAGO
:61:081216C000000000500,00NTRF000000075897//180009
PAGO
:61:081216C000000000065,00NTRF000000075709//180009
PAGO
:61:081216C000000004000,00NTRF000000075684//180009
PAGO
:61:081216C000000002500,00NTRF000000075673//180009
PAGO
:61:081216C000000000080,00NTRF000000075548//180009
PAGO
:61:081216C000000000195,00NTRF000000075549//180009
PAGO
:61:081216C000000000400,00NTRF000000075512//180009
PAGO
:61:081216C000000001000,00NTRF000000075494//180009
PAGO
:62M:C081216VEF000024780868,87
-}{5:{CHK:1143FB20924B}}{S:{COP:S}}${1:F21VZCRVECAAXXX5410610696}{4:{177:0404021720}{451:0}}{1:F01VZCRVECAAXXX5410610696}{2:09501717040402VZCRVECAAXXX40812675430404021720N}{3:{108:SCONNECT}}{4:
:20:MI081216
:25:2222222222
:28C:0520/175
:60M:C081216VEF000024780868,87
:61:081216C000000001430,00NTRF000000074754//180009
PAGO
:61:081216C000000000050,00NTRF000000074708//180009
PAGO
:61:081216C000000002000,00NTRF000000075239//180009
PAGO
:61:081216C000000000790,00NTRF000000063224//180009
PAGO
:61:081216C000000003240,00NTRF000000063013//180009
PAGO
:61:081216C000000000253,00NTRF000000062926//180009
PAGO
:61:081216C000000000548,58NTRF000000062845//180009
PAGO
:61:081216C000000004625,00NTRF000012160001//180009
PAGO
:61:081216C000000001352,40NTRF000012160001//180009
PAGO
:62M:C081216VEF000024795157,85
-}{5:{CHK:1143FB20924B}}{S:{COP:S}}${1:F21VZCRVECAAXXX5410610696}{4:{177:0404021720}{451:0}}{1:F01VZCRVECAAXXX5410610696}{2:09501717040402VZCRVECAAXXX40812675430404021720N}{3:{108:SCONNECT}}{4:
:20:MI081216
:25:2222222222
:28C:0520/176
:60M:C081216VEF000024795157,85
:61:081216C000000242408,00NTRF000012160001//180009
PAGO
:61:081216C000000081378,65NTRF000012160001//180009
PAGO
:61:081216C000000032652,67NTRF000012160001//180009
PAGO
:61:081216C000000000070,00NTRF000000021633//180009
PAGO
:61:081216C000000000100,00NTRF000000021578//180009
PAGO
:61:081216C000000001000,00NTRF000000021491//180009
PAGO
:61:081216C000000000100,00NTRF000000021530//180009
PAGO
:61:081216C000000001300,00NTRF000000021656//180009
PAGO
:61:081216C000000000300,00NTRF000000021664//180009
PAGO
:62M:C081216VEF000025154467,17
-}{5:{CHK:1143FB20924B}}{S:{COP:S}}${1:F21VZCRVECAAXXX5410610696}{4:{177:0404021720}{451:0}}{1:F01VZCRVECAAXXX5410610696}{2:09501717040402VZCRVECAAXXX40812675430404021720N}{3:{108:SCONNECT}}{4:
:20:MI081216
:25:2222222222
:28C:0520/177
:60M:C081216VEF000025154467,17
:61:081216C000000001000,00NTRF000000021374//180009
PAGO
:61:081216C000000000650,00NTRF000000021296//180009
PAGO
:61:081216C000000002400,00NTRF000000021175//180009
PAGO
:61:081216C000000000150,00NTRF000000021110//180009
PAGO
:61:081216C000000000241,00NTRF000000021098//180009
PAGO
:61:081216C000000010000,00NTRF000000021022//180009
PAGO
:61:081216C000000003067,50NTRF000000022458//180009
PAGO
:61:081216C000000005000,00NTRF000000022293//180009
PAGO
:61:081216C000000004000,00NTRF000000022474//180009
PAGO
:62M:C081216VEF000025180975,67
-}{5:{CHK:1143FB20924B}}{S:{COP:S}}${1:F21VZCRVECAAXXX5410610696}{4:{177:0404021720}{451:0}}{1:F01VZCRVECAAXXX5410610696}{2:09501717040402VZCRVECAAXXX40812675430404021720N}{3:{108:SCONNECT}}{4:
:20:MI081216
:25:2222222222
:28C:0520/178
:60M:C081216VEF000025180975,67
:61:081216C000000002184,00NTRF000000022490//180009
PAGO
:61:081216C000000000900,00NTRF000000022356//180009
PAGO
:61:081216C000000000500,00NTRF000000022236//180009
PAGO
:61:081216C000000000200,00NTRF000000022196//180009
PAGO
:61:081216C000000002000,00NTRF000000022183//180009
PAGO
:61:081216C000000000080,00NTRF000000022101//180009
PAGO
:61:081216C000000000345,77NTRF000000021969//180009
PAGO
:61:081216C000000000070,00NTRF000000021872//180009
PAGO
:61:081216C000000004900,00NTRF000000021849//180009
PAGO
:62M:C081216VEF000025192155,44
-}{5:{CHK:1143FB20924B}}{S:{COP:S}}${1:F21VZCRVECAAXXX5410610696}{4:{177:0404021720}{451:0}}{1:F01VZCRVECAAXXX5410610696}{2:09501717040402VZCRVECAAXXX40812675430404021720N}{3:{108:SCONNECT}}{4:
:20:MI081216
:25:2222222222
:28C:0520/179
:60M:C081216VEF000025192155,44
:61:081216C000000000010,00NTRF000000021811//180009
PAGO
:61:081216C000000000060,00NTRF000000021812//180009
PAGO
:61:081216C000000002800,00NTRF000000021779//180009
PAGO
:61:081216C000000000610,00NTRF000000021786//180009
PAGO
:61:081216C000000001348,70NTRF000000022492//180009
PAGO
:61:081216C000000002567,27NTRF000000053632//180009
PAGO
:61:081216C000000005000,00NTRF000000051559//180009
PAGO
:61:081216C000000001409,56NTRF000000051503//180009
PAGO
:61:081216C000000000749,00NTRF000000051321//180009
PAGO
:62M:C081216VEF000025206709,97
-}{5:{CHK:1143FB20924B}}{S:{COP:S}}${1:F21VZCRVECAAXXX5410610696}{4:{177:0404021720}{451:0}}{1:F01VZCRVECAAXXX5410610696}{2:09501717040402VZCRVECAAXXX40812675430404021720N}{3:{108:SCONNECT}}{4:
:20:MI081216
:25:2222222222
:28C:0520/180
:60M:C081216VEF000025206709,97
:61:081216C000000000500,00NTRF000000051290//180009
PAGO
:61:081216C000000000400,00NTRF000000051168//180009
PAGO
:61:081216C000000000378,40NTRF000000049784//180009
PAGO
:61:081216C000000000152,50NTRF000000034267//180009
PAGO
:61:081216C000000001000,00NTRF000000034263//180009
PAGO
:61:081216C000000001025,00NTRF000000034214//180009
PAGO
:61:081216C000000000925,00NTRF000000034225//180009
PAGO
:61:081216C000000000500,00NTRF000000034192//180009
PAGO
:61:081216C000000000035,00NTRF000000034021//180009
PAGO
:62M:C081216VEF000025211625,87
-}{5:{CHK:1143FB20924B}}{S:{COP:S}}${1:F21VZCRVECAAXXX5410610696}{4:{177:0404021720}{451:0}}{1:F01VZCRVECAAXXX5410610696}{2:09501717040402VZCRVECAAXXX40812675430404021720N}{3:{108:SCONNECT}}{4:
:20:MI081216
:25:2222222222
:28C:0520/181
:60M:C081216VEF000025211625,87
:61:081216C000000001500,00NTRF000000033930//180009
PAGO
:61:081216C000000000100,00NTRF000000033933//180009
PAGO
:61:081216C000000000900,00NTRF000000050423//180009
PAGO
:61:081216C000000000525,00NTRF000000050328//180009
PAGO
:61:081216C000000000804,00NTRF000000050240//180009
PAGO
:61:081216C000000004050,00NTRF000000050218//180009
PAGO
:61:081216C000000000180,00NTRF000000050138//180009
PAGO
:61:081216C000000002800,00NTRF000000050082//180009
PAGO
:61:081216C000000000120,00NTRF000000050005//180009
PAGO
:62M:C081216VEF000025222604,87
-}{5:{CHK:1143FB20924B}}{S:{COP:S}}${1:F21VZCRVECAAXXX5410610696}{4:{177:0404021720}{451:0}}{1:F01VZCRVECAAXXX5410610696}{2:09501717040402VZCRVECAAXXX40812675430404021720N}{3:{108:SCONNECT}}{4:
:20:MI081216
:25:2222222222
:28C:0520/182
:60M:C081216VEF000025222604,87
:61:081216C000000003727,00NTRF000000049984//180009
PAGO
:61:081216C000000001588,70NTRF000000049785//180009
PAGO
:61:081216C000000001250,00NTRF000000051013//180009
PAGO
:61:081216C000000000500,00NTRF000000050986//180009
PAGO
:61:081216C000000000070,00NTRF000000050987//180009
PAGO
:61:081216C000000000900,00NTRF000000050830//180009
PAGO
:61:081216C000000000135,00NTRF000000050789//180009
PAGO
:61:081216C000000000430,00NTRF000000050764//180009
PAGO
:61:081216C000000000196,20NTRF000000050756//180009
PAGO
:62M:C081216VEF000025231401,77
-}{5:{CHK:1143FB20924B}}{S:{COP:S}}${1:F21VZCRVECAAXXX5410610696}{4:{177:0404021720}{451:0}}{1:F01VZCRVECAAXXX5410610696}{2:09501717040402VZCRVECAAXXX40812675430404021720N}{3:{108:SCONNECT}}{4:
:20:MI081216
:25:2222222222
:28C:0520/183
:60M:C081216VEF000025231401,77
:61:081216C000000007000,00NTRF000000050508//180009
PAGO
:61:081216C000000000425,00NTRF000000050496//180009
PAGO
:61:081216C000000000092,50NTRF000000033882//180009
PAGO
:61:081216C000000001000,00NTRF000000033858//180009
PAGO
:61:081216C000000000070,00NTRF000000033838//180009
PAGO
:61:081216C000000000150,00NTRF000000033779//180009
PAGO
:61:081216C000000000800,00NTRF000000033728//180009
PAGO
:61:081216C000000000500,00NTRF000000033655//180009
PAGO
:61:081216C000000000120,00NTRF000000033578//180009
PAGO
:62M:C081216VEF000025241559,27
-}{5:{CHK:1143FB20924B}}{S:{COP:S}}${1:F21VZCRVECAAXXX5410610696}{4:{177:0404021720}{451:0}}{1:F01VZCRVECAAXXX5410610696}{2:09501717040402VZCRVECAAXXX40812675430404021720N}{3:{108:SCONNECT}}{4:
:20:MI081216
:25:2222222222
:28C:0520/184
:60M:C081216VEF000025241559,27
:61:081216C000000000070,00NTRF000000032932//180009
PAGO
:61:081216C000000001500,00NTRF000000032936//180009
PAGO
:61:081216C000000000800,00NTRF000000032816//180009
PAGO
:61:081216C000000000640,00NTRF000000032632//180009
PAGO
:61:081216C000000000470,00NTRF000000032602//180009
PAGO
:61:081216C000000001100,00NTRF000000032570//180009
PAGO
:61:081216C000000001000,00NTRF000000032398//180009
PAGO
:61:081216C000000001000,00NTRF000000032399//180009
PAGO
:61:081216C000000001200,00NTRF000000022688//180009
PAGO
:62M:C081216VEF000025249339,27
-}{5:{CHK:1143FB20924B}}{S:{COP:S}}${1:F21VZCRVECAAXXX5410610696}{4:{177:0404021720}{451:0}}{1:F01VZCRVECAAXXX5410610696}{2:09501717040402VZCRVECAAXXX40812675430404021720N}{3:{108:SCONNECT}}{4:
:20:MI081216
:25:2222222222
:28C:0520/185
:60M:C081216VEF000025249339,27
:61:081216C000000000286,00NTRF000000022684//180009
PAGO
:61:081216C000000000400,00NTRF000000032404//180009
PAGO
:61:081216C000000002716,01NTRF000000032405//180009
PAGO
:61:081216C000000000500,00NTRF000000032409//180009
PAGO
:61:081216C000000001500,00NTRF000000032390//180009
PAGO
:61:081216C000000000987,05NTRF000000032373//180009
PAGO
:61:081216C000000000600,00NTRF000000022865//180009
PAGO
:61:081216C000000002876,10NTRF000000022869//180009
PAGO
:61:081216C000000001408,12NTRF000000033755//180009
PAGO
:62M:C081216VEF000025260612,55
-}{5:{CHK:1143FB20924B}}{S:{COP:S}}${1:F21VZCRVECAAXXX5410610696}{4:{177:0404021720}{451:0}}{1:F01VZCRVECAAXXX5410610696}{2:09501717040402VZCRVECAAXXX40812675430404021720N}{3:{108:SCONNECT}}{4:
:20:MI081216
:25:2222222222
:28C:0520/186
:60M:C081216VEF000025260612,55
:61:081216C000000005096,00NTRF000000022787//180009
PAGO
:61:081216C000000000225,00NTRF000000033579//180009
PAGO
:61:081216C000000000300,00NTRF000000033553//180009
PAGO
:61:081216C000000004550,00NTRF000000033444//180009
PAGO
:61:081216C000000000100,00NTRF000000033334//180009
PAGO
:61:081216C000000001000,00NTRF000000033283//180009
PAGO
:61:081216C000000001998,50NTRF000000033269//180009
PAGO
:61:081216C000000000168,61NTRF000000033158//180009
PAGO
:61:081216C000000000457,00NTRF000000033132//180009
PAGO
:62M:C081216VEF000025274507,66
-}{5:{CHK:1143FB20924B}}{S:{COP:S}}${1:F21VZCRVECAAXXX5410610696}{4:{177:0404021720}{451:0}}{1:F01VZCRVECAAXXX5410610696}{2:09501717040402VZCRVECAAXXX40812675430404021720N}{3:{108:SCONNECT}}{4:
:20:MI081216
:25:2222222222
:28C:0520/187
:60M:C081216VEF000025274507,66
:61:081216C000000000250,00NTRF000000032957//180009
PAGO
:61:081216C000000001800,00NTRF000000051049//180009
PAGO
:61:081216C000000001300,00NTRF000000051240//180009
PAGO
:61:081216C000000000150,00NTRF000000051283//180009
PAGO
:61:081216C000000000320,00NTRF000000051338//180009
PAGO
:61:081216C000000009815,00NTRF000000055543//180009
PAGO
:61:081216C000000009645,25NTRF000000055568//180009
PAGO
:61:081216C000000004965,00NTRF000000055580//180009
PAGO
:61:081216C000000005000,00NTRF000000000000//180009
PAGO
:62M:C081216VEF000025307752,91
-}{5:{CHK:1143FB20924B}}{S:{COP:S}}${1:F21VZCRVECAAXXX5410610696}{4:{177:0404021720}{451:0}}{1:F01VZCRVECAAXXX5410610696}{2:09501717040402VZCRVECAAXXX40812675430404021720N}{3:{108:SCONNECT}}{4:
:20:MI081216
:25:2222222222
:28C:0520/188
:60M:C081216VEF000025307752,91
:61:081216C000000000100,00NTRF000000000000//180009
PAGO
:61:081216C000000000270,00NTRF000000000000//180009
PAGO
:61:081216C000000000450,00NTRF000000000000//180009
PAGO
:61:081216C000000000100,00NTRF000000000000//180009
PAGO
:61:081216C000000000100,00NTRF000000000000//180009
PAGO
:61:081216C000000002000,00NTRF000000000000//180009
PAGO
:61:081216C000000000200,00NTRF000000000000//180009
PAGO
:61:081216C000000000550,00NTRF000000000000//180009
PAGO
:61:081216C000000000100,00NTRF000000000000//180009
PAGO
:62M:C081216VEF000025311622,91
-}{5:{CHK:1143FB20924B}}{S:{COP:S}}${1:F21VZCRVECAAXXX5410610696}{4:{177:0404021720}{451:0}}{1:F01VZCRVECAAXXX5410610696}{2:09501717040402VZCRVECAAXXX40812675430404021720N}{3:{108:SCONNECT}}{4:
:20:MI081216
:25:2222222222
:28C:0520/189
:60M:C081216VEF000025311622,91
:61:081216C000000001750,00NTRF000044836356//180009
PAGO
:61:081216C000000000100,00NTRF000075082973//180009
PAGO
:61:081216C000000002000,00NTRF000034673155//180009
PAGO
:61:081216C000000000300,00NTRF000066348397//180009
PAGO
:61:081216C000000003000,00NTRF000094612411//180009
PAGO
:61:081216C000000000200,00NTRF000021980134//180009
PAGO
:61:081216C000000004000,00NTRF000070038063//180009
PAGO
:61:081216C000000005000,00NTRF000008203636//180009
PAGO
:61:081216C000000004000,00NTRF000035491068//180009
PAGO
:62M:C081216VEF000025331972,91
-}{5:{CHK:1143FB20924B}}{S:{COP:S}}${1:F21VZCRVECAAXXX5410610696}{4:{177:0404021720}{451:0}}{1:F01VZCRVECAAXXX5410610696}{2:09501717040402VZCRVECAAXXX40812675430404021720N}{3:{108:SCONNECT}}{4:
:20:MI081216
:25:2222222222
:28C:0520/190
:60M:C081216VEF000025331972,91
:61:081216C000000010000,00NTRF000000001243//180009
PAGO
:61:081216C000000008000,00NTRF000000001227//180009
PAGO
:61:081216C000000004836,42NTRF000027288308//180009
PAGO
:61:081216C000000000150,00NTRF000026195980//180009
PAGO
:61:081216C000000003000,00NTRF000026147581//180009
PAGO
:61:081216C000000001250,00NTRF000026244583//180009
PAGO
:61:081216C000000000800,00NTRF000005291559//180009
PAGO
:61:081216C000000000175,00NTRF000004890745//180009
PAGO
:61:081216C000000000458,83NTRF000000167800//180009
PAGO
:62M:C081216VEF000025360643,16
-}{5:{CHK:1143FB20924B}}{S:{COP:S}}${1:F21VZCRVECAAXXX5410610696}{4:{177:0404021720}{451:0}}{1:F01VZCRVECAAXXX5410610696}{2:09501717040402VZCRVECAAXXX40812675430404021720N}{3:{108:SCONNECT}}{4:
:20:MI081216
:25:2222222222
:28C:0520/191
:60M:C081216VEF000025360643,16
:61:081216C000000000500,00NTRF000000167816//180009
PAGO
:61:081216C000000006000,00NTRF000000167255//180009
PAGO
:61:081216C000000000500,00NTRF000000168123//180009
PAGO
:61:081216C000000001550,00NTRF000027419547//180009
PAGO
:61:081216C000000000100,00NTRF000027419882//180009
PAGO
:61:081216C000000001500,00NTRF000027420358//180009
PAGO
:61:081216C000000000748,00NTRF000027421129//180009
PAGO
:61:081216C000000000400,00NTRF000027421149//180009
PAGO
:61:081216C000000001370,00NTRF000027422018//180009
PAGO
:62M:C081216VEF000025373311,16
-}{5:{CHK:1143FB20924B}}{S:{COP:S}}${1:F21VZCRVECAAXXX5410610696}{4:{177:0404021720}{451:0}}{1:F01VZCRVECAAXXX5410610696}{2:09501717040402VZCRVECAAXXX40812675430404021720N}{3:{108:SCONNECT}}{4:
:20:MI081216
:25:2222222222
:28C:0520/192
:60M:C081216VEF000025373311,16
:61:081216C000000009300,00NTRF000027416437//180009
PAGO
:61:081216C000000008850,00NTRF000027416785//180009
PAGO
:61:081216C000000001500,00NTRF000027417137//180009
PAGO
:61:081216C000000000800,00NTRF000027417265//180009
PAGO
:61:081216C000000000950,00NTRF000027417499//180009
PAGO
:61:081216C000000000350,00NTRF000027417759//180009
PAGO
:61:081216C000000010000,00NTRF000027418044//180009
PAGO
:61:081216C000000000400,00NTRF000027418362//180009
PAGO
:61:081216C000000000200,00NTRF000027418417//180009
PAGO
:62M:C081216VEF000025405661,16
-}{5:{CHK:1143FB20924B}}{S:{COP:S}}${1:F21VZCRVECAAXXX5410610696}{4:{177:0404021720}{451:0}}{1:F01VZCRVECAAXXX5410610696}{2:09501717040402VZCRVECAAXXX40812675430404021720N}{3:{108:SCONNECT}}{4:
:20:MI081216
:25:2222222222
:28C:0520/193
:60M:C081216VEF000025405661,16
:61:081216C000000000200,00NTRF000027415952//180009
PAGO
:61:081216C000000002000,00NTRF000027415819//180009
PAGO
:61:081216C000000003500,00NTRF000027415277//180009
PAGO
:61:081216C000000001500,00NTRF000027415181//180009
PAGO
:61:081216C000000000529,37NTRF000003254223//180009
PAGO
:61:081216C000000000810,43NTRF000003254331//180009
PAGO
:61:081216C000000000096,69NTRF000003254492//180009
PAGO
:61:081216C000000004862,50NTRF000003253780//180009
PAGO
:61:081216C000000032700,41NTRF000003253792//180009
PAGO
:62M:C081216VEF000025451860,56
-}{5:{CHK:1143FB20924B}}{S:{COP:S}}${1:F21VZCRVECAAXXX5410610696}{4:{177:0404021720}{451:0}}{1:F01VZCRVECAAXXX5410610696}{2:09501717040402VZCRVECAAXXX40812675430404021720N}{3:{108:SCONNECT}}{4:
:20:MI081216
:25:2222222222
:28C:0520/194
:60M:C081216VEF000025451860,56
:61:081216C000000001415,82NTRF000003253938//180009
PAGO
:61:081216C000000000282,15NTRF000003253967//180009
PAGO
:61:081216C000000003040,48NTRF000003253998//180009
PAGO
:61:081216C000000000132,61NTRF000003254002//180009
PAGO
:61:081216C000000000370,36NTRF000003254062//180009
PAGO
:61:081216C000000001174,35NTRF000003254071//180009
PAGO
:61:081216C000000013551,24NTRF000000258074//180009
PAGO
:61:081216C000000000090,00NTRF000000258076//180009
PAGO
:61:081216C000000000555,72NTRF000003253637//180009
PAGO
:62M:C081216VEF000025472473,29
-}{5:{CHK:1143FB20924B}}{S:{COP:S}}${1:F21VZCRVECAAXXX5410610696}{4:{177:0404021720}{451:0}}{1:F01VZCRVECAAXXX5410610696}{2:09501717040402VZCRVECAAXXX40812675430404021720N}{3:{108:SCONNECT}}{4:
:20:MI081216
:25:2222222222
:28C:0520/195
:60M:C081216VEF000025472473,29
:61:081216C000000001776,01NTRF000003253639//180009
PAGO
:61:081216C000000056774,11NTRF000003253758//180009
PAGO
:61:081216C000000084535,67NTRF000003253765//180009
PAGO
:61:081216C000000003500,00NTRF000000257111//180009
PAGO
:61:081216C000000000600,00NTRF000000257129//180009
PAGO
:61:081216C000000000875,11NTRF000000257484//180009
PAGO
:61:081216C000000001000,00NTRF000000257516//180009
PAGO
:61:081216C000000001000,00NTRF000000256997//180009
PAGO
:61:081216C000000000600,00NTRF000000257060//180009
PAGO
:62M:C081216VEF000025623134,19
-}{5:{CHK:1143FB20924B}}{S:{COP:S}}${1:F21VZCRVECAAXXX5410610696}{4:{177:0404021720}{451:0}}{1:F01VZCRVECAAXXX5410610696}{2:09501717040402VZCRVECAAXXX40812675430404021720N}{3:{108:SCONNECT}}{4:
:20:MI081216
:25:2222222222
:28C:0520/196
:60M:C081216VEF000025623134,19
:61:081216C000000000176,00NTRF000000257083//180009
PAGO
:61:081216C000000000239,53NTRF000000257172//180009
PAGO
:61:081216C000000002000,00NTRF000000257195//180009
PAGO
:61:081216C000000000782,00NTRF000000257198//180009
PAGO
:61:081216C000000000782,05NTRF000000257220//180009
PAGO
:61:081216C000000000200,00NTRF000000257248//180009
PAGO
:61:081216C000000006000,00NTRF000000257341//180009
PAGO
:61:081216C000000000100,00NTRF000000257368//180009
PAGO
:61:081216C000000000050,00NTRF000000257383//180009
PAGO
:62M:C081216VEF000025633463,77
-}{5:{CHK:1143FB20924B}}{S:{COP:S}}${1:F21VZCRVECAAXXX5410610696}{4:{177:0404021720}{451:0}}{1:F01VZCRVECAAXXX5410610696}{2:09501717040402VZCRVECAAXXX40812675430404021720N}{3:{108:SCONNECT}}{4:
:20:MI081216
:25:2222222222
:28C:0520/197
:60M:C081216VEF000025633463,77
:61:081216C000000000105,00NTRF000000257463//180009
PAGO
:61:081216C000000000303,51NTRF000003254195//180009
PAGO
:61:081216C000000000282,00NTRF000003254206//180009
PAGO
:61:081216C000000010000,00NTRF000000257575//180009
PAGO
:61:081216C000000001600,00NTRF000000257600//180009
PAGO
:61:081216C000000000100,00NTRF000000257767//180009
PAGO
:61:081216C000000000050,00NTRF000000257782//180009
PAGO
:61:081216C000000000500,00NTRF000000257838//180009
PAGO
:61:081216C000000000200,00NTRF000000257930//180009
PAGO
:62M:C081216VEF000025646604,28
-}{5:{CHK:1143FB20924B}}{S:{COP:S}}${1:F21VZCRVECAAXXX5410610696}{4:{177:0404021720}{451:0}}{1:F01VZCRVECAAXXX5410610696}{2:09501717040402VZCRVECAAXXX40812675430404021720N}{3:{108:SCONNECT}}{4:
:20:MI081216
:25:2222222222
:28C:0520/198
:60M:C081216VEF000025646604,28
:61:081216C000000001500,00NTRF000000258033//180009
PAGO
:61:081216C000000000120,98NTRF000003254670//180009
PAGO
:61:081216C000000000051,65NTRF000003254684//180009
PAGO
:61:081216C000000000178,37NTRF000003254825//180009
PAGO
:61:081216C000000001656,27NTRF000003255137//180009
PAGO
:61:081216C000000003399,79NTRF000003255247//180009
PAGO
:61:081216C000000054842,06NTRF000003255262//180009
PAGO
:61:081216C000000000734,94NTRF000003253769//180009
PAGO
:61:081216C000000022638,62NTRF000003253773//180009
PAGO
:62M:C081216VEF000025731726,96
-}{5:{CHK:1143FB20924B}}{S:{COP:S}}${1:F21VZCRVECAAXXX5410610696}{4:{177:0404021720}{451:0}}{1:F01VZCRVECAAXXX5410610696}{2:09501717040402VZCRVECAAXXX40812675430404021720N}{3:{108:SCONNECT}}{4:
:20:MI081216
:25:2222222222
:28C:0520/199
:60M:C081216VEF000025731726,96
:61:081216C000000000429,45NTRF000003253779//180009
PAGO
:61:081216C000000000013,24NTRF000003254654//180009
PAGO
:61:081216C000000000129,33NTRF000003254483//180009
PAGO
:61:081216C000000000121,46NTRF000003254224//180009
PAGO
:61:081216C000000000654,66NTRF000003254209//180009
PAGO
:61:081216C000000004000,00NTRF000000260363//180009
PAGO
:61:081216C000000000086,56NTRF000000260362//180009
PAGO
:61:081216C000000000050,00NTRF000003255754//180009
PAGO
:61:081216C000000007310,42NTRF000003255365//180009
PAGO
:62M:C081216VEF000025744522,08
-}{5:{CHK:1143FB20924B}}{S:{COP:S}}${1:F21VZCRVECAAXXX5410610696}{4:{177:0404021720}{451:0}}{1:F01VZCRVECAAXXX5410610696}{2:09501717040402VZCRVECAAXXX40812675430404021720N}{3:{108:SCONNECT}}{4:
:20:MI081216
:25:2222222222
:28C:0520/200
:60M:C081216VEF000025744522,08
:61:081216C000000000660,00NTRF000003255299//180009
PAGO
:61:081216C000000000500,00NTRF000016122008//180009
PAGO
:61:081216C000000000100,00NTRF000016122008//180009
PAGO
:61:081216C000000001000,00NTRF000016122008//180009
PAGO
:61:081216C000000000020,00NTRF000016122008//180009
PAGO
:61:081216C000000000650,00NTRF000082827581//180009
PAGO
:61:081216C000000000850,00NTRF000082827592//180009
PAGO
:61:081216C000000000550,00NTRF000082827625//180009
PAGO
:61:081216C000000000850,00NTRF000082827721//180009
PAGO
:62M:C081216VEF000025749702,08
-}{5:{CHK:1143FB20924B}}{S:{COP:S}}${1:F21VZCRVECAAXXX5410610696}{4:{177:0404021720}{451:0}}{1:F01VZCRVECAAXXX5410610696}{2:09501717040402VZCRVECAAXXX40812675430404021720N}{3:{108:SCONNECT}}{4:
:20:MI081216
:25:2222222222
:28C:0520/201
:60M:C081216VEF000025749702,08
:61:081216C000000000890,00NTRF000082827371//180009
PAGO
:61:081216C000000000980,00NTRF000082827802//180009
PAGO
:61:081216C000000000480,00NTRF000082827441//180009
PAGO
:61:081216C000000003000,00NTRF000082831011//180009
PAGO
:61:081216C000000000621,05NTRF000082841850//180009
PAGO
:61:081216C000000001763,38NTRF000082847376//180009
PAGO
:61:081216D000025757436,51NTRF000020081216//180009
N/D
:62F:D081216VEF000000000000,00
-}{5:{CHK:96FA6004455F}}{S:{COP:S}}
