{1:F21CONSVECAAXXX5119904179}{4:{177:0805190702}{451:0}}{1:F01CONSVECAAXXX5119904179}{2:O9500703080519BPROVECAAXXX63047121800805190703N}{4:
:20:EC95005020080516
:25:01080090150500000806
:28C:08137/00001
:60F:D080516VEF4092031,07
:61:0805160516DB11570,71NCHK000000000//000000000
CARGO POR CHEQUE DEVUELTO         
:62F:D080516VEF4103601,78
:64:D080516VEF4103601,78
-}{5:{CHK:ABC120BFB994}}{S:{COP:S}}
