{1:F21CONSVECAAXXX5140905991}{4:{177:0806170702}{451:0}}{1:F01CONSVECAAXXX5140905991}{2:O9500703080617BPROVECAAXXX63257305140806170703N}{4:
:20:EC95004620080616
:25:01080090150500000806
:28C:08168/00001
:60F:D080616VEF4968951,35
:61:0806160616DB1550000,00NCHK000003708//000003708
CAMARA RECIBIDA COMPENSACION      
:61:0806170616CB20506,00NLDP000076850//000076850
DEP. CHEQUE O/B 1 DIARAS          
:61:0806160616CB550000,00NLDP000076851//000076851
DEPOSITO EN EFECTIVO              
:62F:D080616VEF5948445,35
:64:D080616VEF5968951,35
-}{5:{CHK:B1D014A15E0C}}{S:{COP:S}}
