{1:F21VZCRVECAAXXX5410610696}{4:{177:0404021720}{451:0}}{1:F01VZCRVECAAXXX5410610696}{2:09501717040402VZCRVECAAXXX40812675430404021720N}{3:{108:SCONNECT}}{4:
:20:MI071217
:25:2222222222
:28C:0272/001
:60F:C071217VEB000000000000,00
:61:071217C000000230000,00NTRF000000642081//180007
PAGO
:62M:C071217VEB000000230000,00
-}{5:{CHK:1143FB20924B}}{S:{COP:S}}${1:F21VZCRVECAAXXX5410610696}{4:{177:0404021720}{451:0}}{1:F01VZCRVECAAXXX5410610696}{2:09501717040402VZCRVECAAXXX40812675430404021720N}{3:{108:SCONNECT}}{4:
:20:MI071217
:25:2222222222
:28C:0272/002
:60M:C071217VEB000000230000,00
:61:071217C000000300000,00NTRF000000641968//180007
PAGO
:61:071217C000002500000,00NTRF000046761492//180007
PAGO
:61:071217C000000500000,00NTRF000046762236//180007
PAGO
:61:071217C000000300000,00NTRF000046763253//180007
PAGO
:61:071217C000000054000,00NTRF000000641379//180007
PAGO
:61:071217C000002340000,00NTRF000000641495//180007
PAGO
:61:071217C000000900000,00NTRF000000641531//180007
PAGO
:61:071217C000000280000,00NTRF000000641558//180007
PAGO
:61:071217C000000220000,00NTRF000000641564//180007
PAGO
:62M:C071217VEB000007624000,00
-}{5:{CHK:1143FB20924B}}{S:{COP:S}}${1:F21VZCRVECAAXXX5410610696}{4:{177:0404021720}{451:0}}{1:F01VZCRVECAAXXX5410610696}{2:09501717040402VZCRVECAAXXX40812675430404021720N}{3:{108:SCONNECT}}{4:
:20:MI071217
:25:2222222222
:28C:0272/003
:60M:C071217VEB000007624000,00
:61:071217C000001300000,00NTRF000000641684//180007
PAGO
:61:071217C000000934966,41NTRF000000641806//180007
PAGO
:61:071217C000001000000,00NTRF000000641808//180007
PAGO
:61:071217C000000915000,00NTRF000000641841//180007
PAGO
:61:071217C000001600000,00NTRF000000641374//180007
PAGO
:61:071217C000000300000,00NTRF000000641340//180007
PAGO
:61:071217C000001500000,00NTRF000000642085//180007
PAGO
:61:071217C000000600000,00NTRF000000642083//180007
PAGO
:61:071217C000000100000,00NTRF000000631474//180007
PAGO
:62M:C071217VEB000015873966,41
-}{5:{CHK:1143FB20924B}}{S:{COP:S}}${1:F21VZCRVECAAXXX5410610696}{4:{177:0404021720}{451:0}}{1:F01VZCRVECAAXXX5410610696}{2:09501717040402VZCRVECAAXXX40812675430404021720N}{3:{108:SCONNECT}}{4:
:20:MI071217
:25:2222222222
:28C:0272/004
:60M:C071217VEB000015873966,41
:61:071217C000000200000,00NTRF000000631488//180007
PAGO
:61:071217C000000200000,00NTRF000000631588//180007
PAGO
:61:071217C000000100000,00NTRF000000631609//180007
PAGO
:61:071217C000000300000,00NTRF000000631618//180007
PAGO
:61:071217C000000065000,00NTRF000000631625//180007
PAGO
:61:071217C000000150000,00NTRF000000631636//180007
PAGO
:61:071217C000000050000,00NTRF000015508104//180007
PAGO
:61:071217C000000690000,00NTRF000015508675//180007
PAGO
:61:071217C000000500000,00NTRF000015509105//180007
PAGO
:62M:C071217VEB000018128966,41
-}{5:{CHK:1143FB20924B}}{S:{COP:S}}${1:F21VZCRVECAAXXX5410610696}{4:{177:0404021720}{451:0}}{1:F01VZCRVECAAXXX5410610696}{2:09501717040402VZCRVECAAXXX40812675430404021720N}{3:{108:SCONNECT}}{4:
:20:MI071217
:25:2222222222
:28C:0272/005
:60M:C071217VEB000018128966,41
:61:071217C000003000000,00NTRF000015509545//180007
PAGO
:61:071217C000003000000,00NTRF000015510077//180007
PAGO
:61:071217C000000100000,00NTRF000015511543//180007
PAGO
:61:071217C000003000000,00NTRF000015511706//180007
PAGO
:61:071217C000001500000,00NTRF000015498889//180007
PAGO
:61:071217C000000500000,00NTRF000015499204//180007
PAGO
:61:071217C000002500000,00NTRF000015499604//180007
PAGO
:61:071217C000000644523,16NTRF000015499845//180007
PAGO
:61:071217C000001700000,00NTRF000015500525//180007
PAGO
:62M:C071217VEB000034073489,57
-}{5:{CHK:1143FB20924B}}{S:{COP:S}}${1:F21VZCRVECAAXXX5410610696}{4:{177:0404021720}{451:0}}{1:F01VZCRVECAAXXX5410610696}{2:09501717040402VZCRVECAAXXX40812675430404021720N}{3:{108:SCONNECT}}{4:
:20:MI071217
:25:2222222222
:28C:0272/006
:60M:C071217VEB000034073489,57
:61:071217C000000250000,00NTRF000015500610//180007
PAGO
:61:071217C000000400000,00NTRF000015500724//180007
PAGO
:61:071217C000000025000,00NTRF000015501561//180007
PAGO
:61:071217C000000400000,00NTRF000046731366//180007
PAGO
:61:071217C000000075000,00NTRF000046731845//180007
PAGO
:61:071217C000000070100,00NTRF000046731996//180007
PAGO
:61:071217C000002000000,00NTRF000046732696//180007
PAGO
:61:071217C000002000000,00NTRF000046733606//180007
PAGO
:61:071217C000005000000,00NTRF000046735194//180007
PAGO
:62M:C071217VEB000044293589,57
-}{5:{CHK:1143FB20924B}}{S:{COP:S}}${1:F21VZCRVECAAXXX5410610696}{4:{177:0404021720}{451:0}}{1:F01VZCRVECAAXXX5410610696}{2:09501717040402VZCRVECAAXXX40812675430404021720N}{3:{108:SCONNECT}}{4:
:20:MI071217
:25:2222222222
:28C:0272/007
:60M:C071217VEB000044293589,57
:61:071217C000000150000,00NTRF000046639972//180007
PAGO
:61:071217C000000092500,00NTRF000046640005//180007
PAGO
:61:071217C000000290000,00NTRF000046641324//180007
PAGO
:61:071217C000000200000,00NTRF000046628934//180007
PAGO
:61:071217C000000580000,00NTRF000046726794//180007
PAGO
:61:071217C000000500000,00NTRF000046689952//180007
PAGO
:61:071217C000002000000,00NTRF000046674261//180007
PAGO
:61:071217C000000210000,00NTRF000046653375//180007
PAGO
:61:071217C000000200000,00NTRF000046649816//180007
PAGO
:62M:C071217VEB000048516089,57
-}{5:{CHK:1143FB20924B}}{S:{COP:S}}${1:F21VZCRVECAAXXX5410610696}{4:{177:0404021720}{451:0}}{1:F01VZCRVECAAXXX5410610696}{2:09501717040402VZCRVECAAXXX40812675430404021720N}{3:{108:SCONNECT}}{4:
:20:MI071217
:25:2222222222
:28C:0272/008
:60M:C071217VEB000048516089,57
:61:071217C000001100000,00NTRF000000630789//180007
PAGO
:61:071217C000002000000,00NTRF000000630806//180007
PAGO
:61:071217C000009789691,00NTRF000003534862//180007
PAGO
:61:071217C000401271657,00NTRF000003534869//180007
PAGO
:61:071217C000015309106,00NTRF000003534874//180007
PAGO
:61:071217C000003489080,00NTRF000003534624//180007
PAGO
:61:071217C000000225844,39NTRF000003534627//180007
PAGO
:61:071217C000001253410,17NTRF000003534628//180007
PAGO
:61:071217C000000813230,35NTRF000003534633//180007
PAGO
:62M:C071217VEB000483768108,48
-}{5:{CHK:1143FB20924B}}{S:{COP:S}}${1:F21VZCRVECAAXXX5410610696}{4:{177:0404021720}{451:0}}{1:F01VZCRVECAAXXX5410610696}{2:09501717040402VZCRVECAAXXX40812675430404021720N}{3:{108:SCONNECT}}{4:
:20:MI071217
:25:2222222222
:28C:0272/009
:60M:C071217VEB000483768108,48
:61:071217C000011731160,00NTRF000003534789//180007
PAGO
:61:071217C000000120000,00NTRF000003534345//180007
PAGO
:61:071217C000000400000,00NTRF000003534346//180007
PAGO
:61:071217C000000120000,00NTRF000003534347//180007
PAGO
:61:071217C000000220000,00NTRF000003534348//180007
PAGO
:61:071217C000001138058,31NTRF000003534362//180007
PAGO
:61:071217C000000020000,00NTRF000046770592//180007
PAGO
:61:071217C000002000000,00NTRF000046771826//180007
PAGO
:61:071217C000002000000,00NTRF000046772073//180007
PAGO
:62M:C071217VEB000501517326,79
-}{5:{CHK:1143FB20924B}}{S:{COP:S}}${1:F21VZCRVECAAXXX5410610696}{4:{177:0404021720}{451:0}}{1:F01VZCRVECAAXXX5410610696}{2:09501717040402VZCRVECAAXXX40812675430404021720N}{3:{108:SCONNECT}}{4:
:20:MI071217
:25:2222222222
:28C:0272/010
:60M:C071217VEB000501517326,79
:61:071217C000000500000,00NTRF000046773230//180007
PAGO
:61:071217C000000300000,00NTRF000046773915//180007
PAGO
:61:071217C000005000000,00NTRF000046776332//180007
PAGO
:61:071217C000000200000,00NTRF000046776542//180007
PAGO
:61:071217C000000800000,00NTRF000046776881//180007
PAGO
:61:071217C000000200000,00NTRF000046759300//180007
PAGO
:61:071217C000000120000,00NTRF000046759602//180007
PAGO
:61:071217C000001100000,00NTRF000046760103//180007
PAGO
:61:071217C000001200000,00NTRF000046761142//180007
PAGO
:62M:C071217VEB000510937326,79
-}{5:{CHK:1143FB20924B}}{S:{COP:S}}${1:F21VZCRVECAAXXX5410610696}{4:{177:0404021720}{451:0}}{1:F01VZCRVECAAXXX5410610696}{2:09501717040402VZCRVECAAXXX40812675430404021720N}{3:{108:SCONNECT}}{4:
:20:MI071217
:25:2222222222
:28C:0272/011
:60M:C071217VEB000510937326,79
:61:071217C000013000000,00NTRF000000044365//180007
PAGO
:61:071217C000001000000,00NTRF000000043666//180007
PAGO
:61:071217C000000428000,00NTRF000000043568//180007
PAGO
:61:071217C000000050000,00NTRF000000043544//180007
PAGO
:61:071217C000004000000,00NTRF000000043499//180007
PAGO
:61:071217C000004000000,00NTRF000000046683//180007
PAGO
:61:071217C000001000000,00NTRF000000046606//180007
PAGO
:61:071217C000000043600,00NTRF000000046495//180007
PAGO
:61:071217C000000087000,00NTRF000000046496//180007
PAGO
:62M:C071217VEB000534545926,79
-}{5:{CHK:1143FB20924B}}{S:{COP:S}}${1:F21VZCRVECAAXXX5410610696}{4:{177:0404021720}{451:0}}{1:F01VZCRVECAAXXX5410610696}{2:09501717040402VZCRVECAAXXX40812675430404021720N}{3:{108:SCONNECT}}{4:
:20:MI071217
:25:2222222222
:28C:0272/012
:60M:C071217VEB000534545926,79
:61:071217C000000480000,00NTRF000000046345//180007
PAGO
:61:071217C000000180000,00NTRF000000046090//180007
PAGO
:61:071217C000000720000,00NTRF000000045419//180007
PAGO
:61:071217C000000600000,00NTRF000000045157//180007
PAGO
:61:071217C000004000000,00NTRF000000045088//180007
PAGO
:61:071217C000001300000,00NTRF000000041147//180007
PAGO
:61:071217C000000030000,00NTRF000000124846//180007
PAGO
:61:071217C000000500000,00NTRF000000124581//180007
PAGO
:61:071217C000000050000,00NTRF000000125076//180007
PAGO
:62M:C071217VEB000542405926,79
-}{5:{CHK:1143FB20924B}}{S:{COP:S}}${1:F21VZCRVECAAXXX5410610696}{4:{177:0404021720}{451:0}}{1:F01VZCRVECAAXXX5410610696}{2:09501717040402VZCRVECAAXXX40812675430404021720N}{3:{108:SCONNECT}}{4:
:20:MI071217
:25:2222222222
:28C:0272/013
:60M:C071217VEB000542405926,79
:61:071217C000001000000,00NTRF000000124519//180007
PAGO
:61:071217C000000491200,00NTRF000000124345//180007
PAGO
:61:071217C000000600000,00NTRF000000124509//180007
PAGO
:61:071217C000000023096,48NTRF000000124557//180007
PAGO
:61:071217C000002000000,00NTRF000000031461//180007
PAGO
:61:071217C000003225000,00NTRF000000031513//180007
PAGO
:61:071217C000003600000,00NTRF000000031420//180007
PAGO
:61:071217C000000150000,00NTRF000000031397//180007
PAGO
:61:071217C000000015000,00NTRF000000044573//180007
PAGO
:62M:C071217VEB000553510223,27
-}{5:{CHK:1143FB20924B}}{S:{COP:S}}${1:F21VZCRVECAAXXX5410610696}{4:{177:0404021720}{451:0}}{1:F01VZCRVECAAXXX5410610696}{2:09501717040402VZCRVECAAXXX40812675430404021720N}{3:{108:SCONNECT}}{4:
:20:MI071217
:25:2222222222
:28C:0272/014
:60M:C071217VEB000553510223,27
:61:071217C000000500000,00NTRF000000044428//180007
PAGO
:61:071217C000000470322,26NTRF000000043458//180007
PAGO
:61:071217C000005000000,00NTRF000000043379//180007
PAGO
:61:071217C000002000000,00NTRF000000043388//180007
PAGO
:61:071217C000000808500,00NTRF000000043268//180007
PAGO
:61:071217C000000305000,00NTRF000000043021//180007
PAGO
:61:071217C000000614790,00NTRF000000041846//180007
PAGO
:61:071217C000000614790,00NTRF000000041847//180007
PAGO
:61:071217C000000614790,00NTRF000000041848//180007
PAGO
:62M:C071217VEB000564438415,53
-}{5:{CHK:1143FB20924B}}{S:{COP:S}}${1:F21VZCRVECAAXXX5410610696}{4:{177:0404021720}{451:0}}{1:F01VZCRVECAAXXX5410610696}{2:09501717040402VZCRVECAAXXX40812675430404021720N}{3:{108:SCONNECT}}{4:
:20:MI071217
:25:2222222222
:28C:0272/015
:60M:C071217VEB000564438415,53
:61:071217C000000100000,00NTRF000000041771//180007
PAGO
:61:071217C000000070000,00NTRF000000041366//180007
PAGO
:61:071217C000000650000,00NTRF000000041193//180007
PAGO
:61:071217C000004000000,00NTRF000000041133//180007
PAGO
:61:071217C000004585000,00NTRF000000041134//180007
PAGO
:61:071217C000003700000,00NTRF000000031431//180007
PAGO
:61:071217C000008000000,00NTRF000000031320//180007
PAGO
:61:071217C000000942000,00NTRF000000031230//180007
PAGO
:61:071217C000004338136,00NTRF000000030689//180007
PAGO
:62M:C071217VEB000590823551,53
-}{5:{CHK:1143FB20924B}}{S:{COP:S}}${1:F21VZCRVECAAXXX5410610696}{4:{177:0404021720}{451:0}}{1:F01VZCRVECAAXXX5410610696}{2:09501717040402VZCRVECAAXXX40812675430404021720N}{3:{108:SCONNECT}}{4:
:20:MI071217
:25:2222222222
:28C:0272/016
:60M:C071217VEB000590823551,53
:61:071217C000150000000,00NTRF000000030628//180007
PAGO
:61:071217C000002000000,00NTRF000000030473//180007
PAGO
:61:071217C000000125000,00NTRF000000030407//180007
PAGO
:61:071217C000000215000,00NTRF000000030102//180007
PAGO
:61:071217C000005000000,00NTRF000000030083//180007
PAGO
:61:071217C000001380000,00NTRF000000029835//180007
PAGO
:61:071217C000001000000,00NTRF000000031099//180007
PAGO
:61:071217C000000960000,00NTRF000000031105//180007
PAGO
:61:071217C000000400000,00NTRF000000031095//180007
PAGO
:62M:C071217VEB000751903551,53
-}{5:{CHK:1143FB20924B}}{S:{COP:S}}${1:F21VZCRVECAAXXX5410610696}{4:{177:0404021720}{451:0}}{1:F01VZCRVECAAXXX5410610696}{2:09501717040402VZCRVECAAXXX40812675430404021720N}{3:{108:SCONNECT}}{4:
:20:MI071217
:25:2222222222
:28C:0272/017
:60M:C071217VEB000751903551,53
:61:071217C000000200000,00NTRF000000031028//180007
PAGO
:61:071217C000000250000,00NTRF000000030956//180007
PAGO
:61:071217C000006580000,00NTRF000000041082//180007
PAGO
:61:071217C000003000000,00NTRF000000040936//180007
PAGO
:61:071217C000000044000,00NTRF000000040815//180007
PAGO
:61:071217C000000250000,00NTRF000000040832//180007
PAGO
:61:071217C000002950000,00NTRF000000042899//180007
PAGO
:61:071217C000001000000,00NTRF000000042757//180007
PAGO
:61:071217C000000690000,00NTRF000000042749//180007
PAGO
:62M:C071217VEB000766867551,53
-}{5:{CHK:1143FB20924B}}{S:{COP:S}}${1:F21VZCRVECAAXXX5410610696}{4:{177:0404021720}{451:0}}{1:F01VZCRVECAAXXX5410610696}{2:09501717040402VZCRVECAAXXX40812675430404021720N}{3:{108:SCONNECT}}{4:
:20:MI071217
:25:2222222222
:28C:0272/018
:60M:C071217VEB000766867551,53
:61:071217C000005000000,00NTRF000000042639//180007
PAGO
:61:071217C000000225000,00NTRF000000042584//180007
PAGO
:61:071217C000000800000,00NTRF000000042412//180007
PAGO
:61:071217C000000135000,00NTRF000000042194//180007
PAGO
:61:071217C000000120000,00NTRF000000042150//180007
PAGO
:61:071217C000001940400,00NTRF000000042096//180007
PAGO
:61:071217C000002000000,00NTRF000000047414//180007
PAGO
:61:071217C000001000000,00NTRF000000035674//180007
PAGO
:61:071217C000002000000,00NTRF000000030931//180007
PAGO
:62M:C071217VEB000780087951,53
-}{5:{CHK:1143FB20924B}}{S:{COP:S}}${1:F21VZCRVECAAXXX5410610696}{4:{177:0404021720}{451:0}}{1:F01VZCRVECAAXXX5410610696}{2:09501717040402VZCRVECAAXXX40812675430404021720N}{3:{108:SCONNECT}}{4:
:20:MI071217
:25:2222222222
:28C:0272/019
:60M:C071217VEB000780087951,53
:61:071217C000001850000,00NTRF000000030914//180007
PAGO
:61:071217C000001000000,00NTRF000000030886//180007
PAGO
:61:071217C000011800000,00NTRF000000030892//180007
PAGO
:61:071217C000000160000,00NTRF000000030774//180007
PAGO
:61:071217C000000100000,00NTRF000000030781//180007
PAGO
:61:071217C000000560329,17NTRF000000030261//180007
PAGO
:61:071217C000005500000,00NTRF000000029962//180007
PAGO
:61:071217C000000300000,00NTRF000000031200//180007
PAGO
:61:071217C000000160000,00NTRF000000031260//180007
PAGO
:62M:C071217VEB000801518280,70
-}{5:{CHK:1143FB20924B}}{S:{COP:S}}${1:F21VZCRVECAAXXX5410610696}{4:{177:0404021720}{451:0}}{1:F01VZCRVECAAXXX5410610696}{2:09501717040402VZCRVECAAXXX40812675430404021720N}{3:{108:SCONNECT}}{4:
:20:MI071217
:25:2222222222
:28C:0272/020
:60M:C071217VEB000801518280,70
:61:071217C000003225000,00NTRF000000031512//180007
PAGO
:61:071217C000000200000,00NTRF000000035174//180007
PAGO
:61:071217C000000160000,00NTRF000000035112//180007
PAGO
:61:071217C000008060000,00NTRF000000034002//180007
PAGO
:61:071217C000000325000,00NTRF000000033972//180007
PAGO
:61:071217C000005000000,00NTRF000000047728//180007
PAGO
:61:071217C000000200000,00NTRF000000047878//180007
PAGO
:61:071217C000005000000,00NTRF000000048526//180007
PAGO
:61:071217C000000450000,00NTRF000000029799//180007
PAGO
:62M:C071217VEB000824138280,70
-}{5:{CHK:1143FB20924B}}{S:{COP:S}}${1:F21VZCRVECAAXXX5410610696}{4:{177:0404021720}{451:0}}{1:F01VZCRVECAAXXX5410610696}{2:09501717040402VZCRVECAAXXX40812675430404021720N}{3:{108:SCONNECT}}{4:
:20:MI071217
:25:2222222222
:28C:0272/021
:60M:C071217VEB000824138280,70
:61:071217C000000400000,00NTRF000000037328//180007
PAGO
:61:071217C000000300000,00NTRF000000037340//180007
PAGO
:61:071217C000000190000,00NTRF000000037187//180007
PAGO
:61:071217C000000655328,00NTRF000000036994//180007
PAGO
:61:071217C000002500000,00NTRF000000036784//180007
PAGO
:61:071217C000002880000,00NTRF000000036788//180007
PAGO
:61:071217C000001000000,00NTRF000000036683//180007
PAGO
:61:071217C000007800000,00NTRF000000036410//180007
PAGO
:61:071217C000002902141,99NTRF000000036250//180007
PAGO
:62M:C071217VEB000842765750,69
-}{5:{CHK:1143FB20924B}}{S:{COP:S}}${1:F21VZCRVECAAXXX5410610696}{4:{177:0404021720}{451:0}}{1:F01VZCRVECAAXXX5410610696}{2:09501717040402VZCRVECAAXXX40812675430404021720N}{3:{108:SCONNECT}}{4:
:20:MI071217
:25:2222222222
:28C:0272/022
:60M:C071217VEB000842765750,69
:61:071217C000002000000,00NTRF000000036197//180007
PAGO
:61:071217C000000042000,00NTRF000000036209//180007
PAGO
:61:071217C000000562846,15NTRF000000033947//180007
PAGO
:61:071217C000008918160,00NTRF000000035043//180007
PAGO
:61:071217C000015000000,00NTRF000000035021//180007
PAGO
:61:071217C000006500000,00NTRF000000034881//180007
PAGO
:61:071217C000000300000,00NTRF000000034723//180007
PAGO
:61:071217C000000600000,00NTRF000000034661//180007
PAGO
:61:071217C000001478400,00NTRF000000034662//180007
PAGO
:62M:C071217VEB000878167156,84
-}{5:{CHK:1143FB20924B}}{S:{COP:S}}${1:F21VZCRVECAAXXX5410610696}{4:{177:0404021720}{451:0}}{1:F01VZCRVECAAXXX5410610696}{2:09501717040402VZCRVECAAXXX40812675430404021720N}{3:{108:SCONNECT}}{4:
:20:MI071217
:25:2222222222
:28C:0272/023
:60M:C071217VEB000878167156,84
:61:071217C000000180000,00NTRF000000034632//180007
PAGO
:61:071217C000000100000,00NTRF000000034321//180007
PAGO
:61:071217C000000100000,00NTRF000000034324//180007
PAGO
:61:071217C000000100000,00NTRF000000034264//180007
PAGO
:61:071217C000000200000,00NTRF000000035074//180007
PAGO
:61:071217C000000200000,00NTRF000000035096//180007
PAGO
:61:071217C000000300000,00NTRF000000035202//180007
PAGO
:61:071217C000000080000,00NTRF000000035518//180007
PAGO
:61:071217C000000954843,63NTRF000000035687//180007
PAGO
:62M:C071217VEB000880382000,47
-}{5:{CHK:1143FB20924B}}{S:{COP:S}}${1:F21VZCRVECAAXXX5410610696}{4:{177:0404021720}{451:0}}{1:F01VZCRVECAAXXX5410610696}{2:09501717040402VZCRVECAAXXX40812675430404021720N}{3:{108:SCONNECT}}{4:
:20:MI071217
:25:2222222222
:28C:0272/024
:60M:C071217VEB000880382000,47
:61:071217C000000700000,00NTRF000000035657//180007
PAGO
:61:071217C000000250000,00NTRF000000035642//180007
PAGO
:61:071217C000008000000,00NTRF000000035547//180007
PAGO
:61:071217C000005000000,00NTRF000000035502//180007
PAGO
:61:071217C000006550000,00NTRF000000037365//180007
PAGO
:61:071217C000004500000,00NTRF000000040419//180007
PAGO
:61:071217C000000400000,00NTRF000000040418//180007
PAGO
:61:071217C000001030000,00NTRF000000040322//180007
PAGO
:61:071217C000005000000,00NTRF000000040254//180007
PAGO
:62M:C071217VEB000911812000,47
-}{5:{CHK:1143FB20924B}}{S:{COP:S}}${1:F21VZCRVECAAXXX5410610696}{4:{177:0404021720}{451:0}}{1:F01VZCRVECAAXXX5410610696}{2:09501717040402VZCRVECAAXXX40812675430404021720N}{3:{108:SCONNECT}}{4:
:20:MI071217
:25:2222222222
:28C:0272/025
:60M:C071217VEB000911812000,47
:61:071217C000001000000,00NTRF000000040108//180007
PAGO
:61:071217C000000250000,00NTRF000000040019//180007
PAGO
:61:071217C000000400000,00NTRF000000039592//180007
PAGO
:61:071217C000000200000,00NTRF000000039365//180007
PAGO
:61:071217C000006500000,00NTRF000000038463//180007
PAGO
:61:071217C000001635000,00NTRF000000035315//180007
PAGO
:61:071217C000001500000,00NTRF000000035189//180007
PAGO
:61:071217C000006450000,00NTRF000000035729//180007
PAGO
:61:071217C000001075850,00NTRF000000033216//180007
PAGO
:62M:C071217VEB000930822850,47
-}{5:{CHK:1143FB20924B}}{S:{COP:S}}${1:F21VZCRVECAAXXX5410610696}{4:{177:0404021720}{451:0}}{1:F01VZCRVECAAXXX5410610696}{2:09501717040402VZCRVECAAXXX40812675430404021720N}{3:{108:SCONNECT}}{4:
:20:MI071217
:25:2222222222
:28C:0272/026
:60M:C071217VEB000930822850,47
:61:071217C000000100000,00NTRF000000033406//180007
PAGO
:61:071217C000000100000,00NTRF000000033226//180007
PAGO
:61:071217C000005745672,42NTRF000000033318//180007
PAGO
:61:071217C000000300000,00NTRF000000031607//180007
PAGO
:61:071217C000003870000,00NTRF000000031575//180007
PAGO
:61:071217C000015000000,00NTRF000000033028//180007
PAGO
:61:071217C000000670000,00NTRF000000032757//180007
PAGO
:61:071217C000003000000,00NTRF000000032717//180007
PAGO
:61:071217C000001500000,00NTRF000000032551//180007
PAGO
:62M:C071217VEB000961108522,89
-}{5:{CHK:1143FB20924B}}{S:{COP:S}}${1:F21VZCRVECAAXXX5410610696}{4:{177:0404021720}{451:0}}{1:F01VZCRVECAAXXX5410610696}{2:09501717040402VZCRVECAAXXX40812675430404021720N}{3:{108:SCONNECT}}{4:
:20:MI071217
:25:2222222222
:28C:0272/027
:60M:C071217VEB000961108522,89
:61:071217C000000300000,00NTRF000000032467//180007
PAGO
:61:071217C000000005000,00NTRF000000032474//180007
PAGO
:61:071217C000001950791,45NTRF000000039344//180007
PAGO
:61:071217C000006500000,00NTRF000000039149//180007
PAGO
:61:071217C000005000000,00NTRF000000039003//180007
PAGO
:61:071217C000004000000,00NTRF000000039431//180007
PAGO
:61:071217C000001300000,00NTRF000000039937//180007
PAGO
:61:071217C000002248087,86NTRF000000040057//180007
PAGO
:61:071217C000002500000,00NTRF000000040472//180007
PAGO
:62M:C071217VEB000984912402,20
-}{5:{CHK:1143FB20924B}}{S:{COP:S}}${1:F21VZCRVECAAXXX5410610696}{4:{177:0404021720}{451:0}}{1:F01VZCRVECAAXXX5410610696}{2:09501717040402VZCRVECAAXXX40812675430404021720N}{3:{108:SCONNECT}}{4:
:20:MI071217
:25:2222222222
:28C:0272/028
:60M:C071217VEB000984912402,20
:61:071217C000008823186,00NTRF000000038552//180007
PAGO
:61:071217C000001993092,33NTRF000000038589//180007
PAGO
:61:071217C000000500000,00NTRF000000037881//180007
PAGO
:61:071217C000001365000,00NTRF000000037854//180007
PAGO
:61:071217C000000400000,00NTRF000000037698//180007
PAGO
:61:071217C000000500000,00NTRF000000037665//180007
PAGO
:61:071217C000000750000,00NTRF000000037683//180007
PAGO
:61:071217C000000186276,00NTRF000000038549//180007
PAGO
:61:071217C000000124000,00NTRF000000032159//180007
PAGO
:62M:C071217VEB000999553956,53
-}{5:{CHK:1143FB20924B}}{S:{COP:S}}${1:F21VZCRVECAAXXX5410610696}{4:{177:0404021720}{451:0}}{1:F01VZCRVECAAXXX5410610696}{2:09501717040402VZCRVECAAXXX40812675430404021720N}{3:{108:SCONNECT}}{4:
:20:MI071217
:25:2222222222
:28C:0272/029
:60M:C071217VEB000999553956,53
:61:071217C000000100000,00NTRF000000032084//180007
PAGO
:61:071217C000003000000,00NTRF000000031952//180007
PAGO
:61:071217C000001000000,00NTRF000000031976//180007
PAGO
:61:071217C000000362000,00NTRF000000031894//180007
PAGO
:61:071217C000000200000,00NTRF000000031796//180007
PAGO
:61:071217C000003000000,00NTRF000000033918//180007
PAGO
:61:071217C000000130000,00NTRF000000037266//180007
PAGO
:61:071217C000000829836,00NTRF000000036995//180007
PAGO
:61:071217C000000200000,00NTRF000000037339//180007
PAGO
:62M:C071217VEB001008375792,53
-}{5:{CHK:1143FB20924B}}{S:{COP:S}}${1:F21VZCRVECAAXXX5410610696}{4:{177:0404021720}{451:0}}{1:F01VZCRVECAAXXX5410610696}{2:09501717040402VZCRVECAAXXX40812675430404021720N}{3:{108:SCONNECT}}{4:
:20:MI071217
:25:2222222222
:28C:0272/030
:60M:C071217VEB001008375792,53
:61:071217C000004000000,00NTRF000000036970//180007
PAGO
:61:071217C000001000000,00NTRF000000036908//180007
PAGO
:61:071217C000000100000,00NTRF000000036867//180007
PAGO
:61:071217C000001300000,00NTRF000000036744//180007
PAGO
:61:071217C000000120000,00NTRF000000036617//180007
PAGO
:61:071217C000000100000,00NTRF000000038173//180007
PAGO
:61:071217C000000614790,00NTRF000000038078//180007
PAGO
:61:071217C000000500000,00NTRF000000038079//180007
PAGO
:61:071217C000000614790,00NTRF000000038081//180007
PAGO
:62M:C071217VEB001016725372,53
-}{5:{CHK:1143FB20924B}}{S:{COP:S}}${1:F21VZCRVECAAXXX5410610696}{4:{177:0404021720}{451:0}}{1:F01VZCRVECAAXXX5410610696}{2:09501717040402VZCRVECAAXXX40812675430404021720N}{3:{108:SCONNECT}}{4:
:20:MI071217
:25:2222222222
:28C:0272/031
:60M:C071217VEB001016725372,53
:61:071217C000000614790,00NTRF000000038074//180007
PAGO
:61:071217C000000614790,00NTRF000000038076//180007
PAGO
:61:071217C000000614790,00NTRF000000038077//180007
PAGO
:61:071217C000003000000,00NTRF000000038675//180007
PAGO
:61:071217C000002000000,00NTRF000000038736//180007
PAGO
:61:071217C000003500000,00NTRF000000048712//180007
PAGO
:61:071217C000003000000,00NTRF000000048056//180007
PAGO
:61:071217C000001000000,00NTRF000000047903//180007
PAGO
:61:071217C000000700000,00NTRF000000048257//180007
PAGO
:62M:C071217VEB001031769742,53
-}{5:{CHK:1143FB20924B}}{S:{COP:S}}${1:F21VZCRVECAAXXX5410610696}{4:{177:0404021720}{451:0}}{1:F01VZCRVECAAXXX5410610696}{2:09501717040402VZCRVECAAXXX40812675430404021720N}{3:{108:SCONNECT}}{4:
:20:MI071217
:25:2222222222
:28C:0272/032
:60M:C071217VEB001031769742,53
:61:071217C000000420000,00NTRF000000048527//180007
PAGO
:61:071217C000000090000,00NTRF000000034634//180007
PAGO
:61:071217C000000300000,00NTRF000000036518//180007
PAGO
:61:071217C000000253000,00NTRF000000036210//180007
PAGO
:61:071217C000000650000,00NTRF000000036150//180007
PAGO
:61:071217C000002370000,00NTRF000000036151//180007
PAGO
:61:071217C000000331000,00NTRF000000036107//180007
PAGO
:61:071217C000000530000,00NTRF000000036104//180007
PAGO
:61:071217C000009000000,00NTRF000000036076//180007
PAGO
:62M:C071217VEB001045713742,53
-}{5:{CHK:1143FB20924B}}{S:{COP:S}}${1:F21VZCRVECAAXXX5410610696}{4:{177:0404021720}{451:0}}{1:F01VZCRVECAAXXX5410610696}{2:09501717040402VZCRVECAAXXX40812675430404021720N}{3:{108:SCONNECT}}{4:
:20:MI071217
:25:2222222222
:28C:0272/033
:60M:C071217VEB001045713742,53
:61:071217C000002000000,00NTRF000000036905//180007
PAGO
:61:071217C000001500000,00NTRF000000037316//180007
PAGO
:61:071217C000000247551,30NTRF000000038758//180007
PAGO
:61:071217C000000500000,00NTRF000000038798//180007
PAGO
:61:071217C000000630000,00NTRF000000038683//180007
PAGO
:61:071217C000000691076,87NTRF000000038550//180007
PAGO
:61:071217C000001600000,00NTRF000000038435//180007
PAGO
:61:071217C000009000000,00NTRF000000038214//180007
PAGO
:61:071217C000000500000,00NTRF000000047838//180007
PAGO
:62M:C071217VEB001062382370,70
-}{5:{CHK:1143FB20924B}}{S:{COP:S}}${1:F21VZCRVECAAXXX5410610696}{4:{177:0404021720}{451:0}}{1:F01VZCRVECAAXXX5410610696}{2:09501717040402VZCRVECAAXXX40812675430404021720N}{3:{108:SCONNECT}}{4:
:20:MI071217
:25:2222222222
:28C:0272/034
:60M:C071217VEB001062382370,70
:61:071217C000002000000,00NTRF000000048752//180007
PAGO
:61:071217C000001600000,00NTRF000000035115//180007
PAGO
:61:071217C000000400000,00NTRF000000035079//180007
PAGO
:61:071217C000000700000,00NTRF000000035078//180007
PAGO
:61:071217C000000300000,00NTRF000000034727//180007
PAGO
:61:071217C000000700000,00NTRF000000034652//180007
PAGO
:61:071217C000000200000,00NTRF000000034552//180007
PAGO
:61:071217C000006595100,00NTRF000000034491//180007
PAGO
:61:071217C000000135000,00NTRF000000034371//180007
PAGO
:62M:C071217VEB001075012470,70
-}{5:{CHK:1143FB20924B}}{S:{COP:S}}${1:F21VZCRVECAAXXX5410610696}{4:{177:0404021720}{451:0}}{1:F01VZCRVECAAXXX5410610696}{2:09501717040402VZCRVECAAXXX40812675430404021720N}{3:{108:SCONNECT}}{4:
:20:MI071217
:25:2222222222
:28C:0272/035
:60M:C071217VEB001075012470,70
:61:071217C000006450000,00NTRF000000034137//180007
PAGO
:61:071217C000002900000,00NTRF000000033469//180007
PAGO
:61:071217C000000308905,60NTRF000000033104//180007
PAGO
:61:071217C000002000000,00NTRF000000034460//180007
PAGO
:61:071217C000008929747,00NTRF000000034492//180007
PAGO
:61:071217C000011600000,00NTRF000000038220//180007
PAGO
:61:071217C000000614790,00NTRF000000038073//180007
PAGO
:61:071217C000000614790,00NTRF000000038075//180007
PAGO
:61:071217C000000614790,00NTRF000000038080//180007
PAGO
:62M:C071217VEB001109045493,30
-}{5:{CHK:1143FB20924B}}{S:{COP:S}}${1:F21VZCRVECAAXXX5410610696}{4:{177:0404021720}{451:0}}{1:F01VZCRVECAAXXX5410610696}{2:09501717040402VZCRVECAAXXX40812675430404021720N}{3:{108:SCONNECT}}{4:
:20:MI071217
:25:2222222222
:28C:0272/036
:60M:C071217VEB001109045493,30
:61:071217C000000307395,00NTRF000000038082//180007
PAGO
:61:071217C000000614790,00NTRF000000038083//180007
PAGO
:61:071217C000000600000,00NTRF000000037910//180007
PAGO
:61:071217C000000400000,00NTRF000000037684//180007
PAGO
:61:071217C000000300000,00NTRF000000037596//180007
PAGO
:61:071217C000000200000,00NTRF000000038115//180007
PAGO
:61:071217C000000400000,00NTRF000000038219//180007
PAGO
:61:071217C000000600000,00NTRF000000038273//180007
PAGO
:61:071217C000001930000,00NTRF000000038551//180007
PAGO
:62M:C071217VEB001114397678,30
-}{5:{CHK:1143FB20924B}}{S:{COP:S}}${1:F21VZCRVECAAXXX5410610696}{4:{177:0404021720}{451:0}}{1:F01VZCRVECAAXXX5410610696}{2:09501717040402VZCRVECAAXXX40812675430404021720N}{3:{108:SCONNECT}}{4:
:20:MI071217
:25:2222222222
:28C:0272/037
:60M:C071217VEB001114397678,30
:61:071217C000001000000,00NTRF000000038859//180007
PAGO
:61:071217C000000800000,00NTRF000000047093//180007
PAGO
:61:071217C000001250000,00NTRF000000034724//180007
PAGO
:61:071217C000000794000,00NTRF000000035077//180007
PAGO
:61:071217C000004606764,00NTRF000000035042//180007
PAGO
:61:071217C000026000000,00NTRF000000034989//180007
PAGO
:61:071217C000000460000,00NTRF000000035282//180007
PAGO
:61:071217C000000200000,00NTRF000000032795//180007
PAGO
:61:071217C000002500000,00NTRF000000032460//180007
PAGO
:62M:C071217VEB001152008442,30
-}{5:{CHK:1143FB20924B}}{S:{COP:S}}${1:F21VZCRVECAAXXX5410610696}{4:{177:0404021720}{451:0}}{1:F01VZCRVECAAXXX5410610696}{2:09501717040402VZCRVECAAXXX40812675430404021720N}{3:{108:SCONNECT}}{4:
:20:MI071217
:25:2222222222
:28C:0272/038
:60M:C071217VEB001152008442,30
:61:071217C000006000000,00NTRF000000032503//180007
PAGO
:61:071217C000004000000,00NTRF000000032718//180007
PAGO
:61:071217C000000150000,00NTRF000000032463//180007
PAGO
:61:071217C000000088000,00NTRF000000032310//180007
PAGO
:61:071217C000000871200,72NTRF000000036564//180007
PAGO
:61:071217C000007973455,00NTRF000000262588//180007
PAGO
:61:071217C000007888256,81NTRF000000248264//180007
PAGO
:61:071217C000003012924,00NTRF000046766053//180007
PAGO
:61:071217C000001055000,00NTRF000000046950//180007
PAGO
:62M:C071217VEB001183047278,83
-}{5:{CHK:1143FB20924B}}{S:{COP:S}}${1:F21VZCRVECAAXXX5410610696}{4:{177:0404021720}{451:0}}{1:F01VZCRVECAAXXX5410610696}{2:09501717040402VZCRVECAAXXX40812675430404021720N}{3:{108:SCONNECT}}{4:
:20:MI071217
:25:2222222222
:28C:0272/039
:60M:C071217VEB001183047278,83
:61:071217C000000250000,00NTRF000000046752//180007
PAGO
:61:071217C000000575000,00NTRF000000041805//180007
PAGO
:61:071217C000000200000,00NTRF000000041701//180007
PAGO
:61:071217C000003000000,00NTRF000000041574//180007
PAGO
:61:071217C000004590190,00NTRF000000041500//180007
PAGO
:61:071217C000002500000,00NTRF000000041393//180007
PAGO
:61:071217C000000700000,00NTRF000000041376//180007
PAGO
:61:071217C000001200000,00NTRF000000041377//180007
PAGO
:61:071217C000001000000,00NTRF000000041175//180007
PAGO
:62M:C071217VEB001197062468,83
-}{5:{CHK:1143FB20924B}}{S:{COP:S}}${1:F21VZCRVECAAXXX5410610696}{4:{177:0404021720}{451:0}}{1:F01VZCRVECAAXXX5410610696}{2:09501717040402VZCRVECAAXXX40812675430404021720N}{3:{108:SCONNECT}}{4:
:20:MI071217
:25:2222222222
:28C:0272/040
:60M:C071217VEB001197062468,83
:61:071217C000005000000,00NTRF000000041038//180007
PAGO
:61:071217C000001500000,00NTRF000000041008//180007
PAGO
:61:071217C000010900000,00NTRF000000041017//180007
PAGO
:61:071217C000000036000,00NTRF000000040814//180007
PAGO
:61:071217C000000170000,00NTRF000000040634//180007
PAGO
:61:071217C000007586950,00NTRF000000262682//180007
PAGO
:61:071217C000010351290,00NTRF000000248198//180007
PAGO
:61:071217C000016629750,00NTRF000000248162//180007
PAGO
:61:071217C000009500000,00NTRF000000248210//180007
PAGO
:62M:C071217VEB001258736458,83
-}{5:{CHK:1143FB20924B}}{S:{COP:S}}${1:F21VZCRVECAAXXX5410610696}{4:{177:0404021720}{451:0}}{1:F01VZCRVECAAXXX5410610696}{2:09501717040402VZCRVECAAXXX40812675430404021720N}{3:{108:SCONNECT}}{4:
:20:MI071217
:25:2222222222
:28C:0272/041
:60M:C071217VEB001258736458,83
:61:071217C000010376790,12NTRF000000262823//180007
PAGO
:61:071217C000003812000,00NTRF000046823965//180007
PAGO
:61:071217C000001280000,00NTRF000046824956//180007
PAGO
:61:071217C000000100000,00NTRF000046834185//180007
PAGO
:61:071217C000000030000,00NTRF000046837070//180007
PAGO
:61:071217C000012000000,00NTRF000046847146//180007
PAGO
:61:071217C000000315000,00NTRF000046861721//180007
PAGO
:61:071217C000001000000,00NTRF000046790671//180007
PAGO
:61:071217C000000800000,00NTRF000046793666//180007
PAGO
:62M:C071217VEB001288450248,95
-}{5:{CHK:1143FB20924B}}{S:{COP:S}}${1:F21VZCRVECAAXXX5410610696}{4:{177:0404021720}{451:0}}{1:F01VZCRVECAAXXX5410610696}{2:09501717040402VZCRVECAAXXX40812675430404021720N}{3:{108:SCONNECT}}{4:
:20:MI071217
:25:2222222222
:28C:0272/042
:60M:C071217VEB001288450248,95
:61:071217C000000400000,00NTRF000046763006//180007
PAGO
:61:071217C000010000000,00NTRF000000040422//180007
PAGO
:61:071217C000000330000,00NTRF000000039605//180007
PAGO
:61:071217C000000200000,00NTRF000000039168//180007
PAGO
:61:071217C000000300000,00NTRF000000042107//180007
PAGO
:61:071217C000000500000,00NTRF000000042099//180007
PAGO
:61:071217C000000550000,00NTRF000000042063//180007
PAGO
:61:071217C000002000000,00NTRF000000042032//180007
PAGO
:61:071217C000001500000,00NTRF000000042022//180007
PAGO
:62M:C071217VEB001304230248,95
-}{5:{CHK:1143FB20924B}}{S:{COP:S}}${1:F21VZCRVECAAXXX5410610696}{4:{177:0404021720}{451:0}}{1:F01VZCRVECAAXXX5410610696}{2:09501717040402VZCRVECAAXXX40812675430404021720N}{3:{108:SCONNECT}}{4:
:20:MI071217
:25:2222222222
:28C:0272/043
:60M:C071217VEB001304230248,95
:61:071217C000000578191,00NTRF000000041979//180007
PAGO
:61:071217C000000510000,00NTRF000000041941//180007
PAGO
:61:071217C000000614790,00NTRF000000041844//180007
PAGO
:61:071217C000000307395,00NTRF000000041845//180007
PAGO
:61:071217C000001000000,00NTRF000000044652//180007
PAGO
:61:071217C000003035221,00NTRF000000044296//180007
PAGO
:61:071217C000000010000,00NTRF000000044229//180007
PAGO
:61:071217C000000100000,00NTRF000046769553//180007
PAGO
:61:071217C000000110000,00NTRF000046774733//180007
PAGO
:62M:C071217VEB001310495845,95
-}{5:{CHK:1143FB20924B}}{S:{COP:S}}${1:F21VZCRVECAAXXX5410610696}{4:{177:0404021720}{451:0}}{1:F01VZCRVECAAXXX5410610696}{2:09501717040402VZCRVECAAXXX40812675430404021720N}{3:{108:SCONNECT}}{4:
:20:MI071217
:25:2222222222
:28C:0272/044
:60M:C071217VEB001310495845,95
:61:071217C000000100000,00NTRF000046775875//180007
PAGO
:61:071217C000000100000,00NTRF000046775901//180007
PAGO
:61:071217C000000242000,00NTRF000046781140//180007
PAGO
:61:071217C000000062000,00NTRF000046787134//180007
PAGO
:61:071217C000000100000,00NTRF000046845805//180007
PAGO
:61:071217C000006580000,00NTRF000046835040//180007
PAGO
:61:071217C000000200000,00NTRF000046825973//180007
PAGO
:61:071217C000000150000,00NTRF000046813071//180007
PAGO
:61:071217C000000650000,00NTRF000046808311//180007
PAGO
:62M:C071217VEB001318679845,95
-}{5:{CHK:1143FB20924B}}{S:{COP:S}}${1:F21VZCRVECAAXXX5410610696}{4:{177:0404021720}{451:0}}{1:F01VZCRVECAAXXX5410610696}{2:09501717040402VZCRVECAAXXX40812675430404021720N}{3:{108:SCONNECT}}{4:
:20:MI071217
:25:2222222222
:28C:0272/045
:60M:C071217VEB001318679845,95
:61:071217C000000100000,00NTRF000046795066//180007
PAGO
:61:071217C000000080000,00NTRF000046861905//180007
PAGO
:61:071217C000004000000,00NTRF000046811785//180007
PAGO
:61:071217C000005200000,00NTRF000000044012//180007
PAGO
:61:071217C000000300000,00NTRF000000043571//180007
PAGO
:61:071217C000001335000,00NTRF000000043581//180007
PAGO
:61:071217C000010000000,00NTRF000000043280//180007
PAGO
:61:071217C000000100000,00NTRF000000043044//180007
PAGO
:61:071217C000000116100,00NTRF000000042751//180007
PAGO
:62M:C071217VEB001339910945,95
-}{5:{CHK:1143FB20924B}}{S:{COP:S}}${1:F21VZCRVECAAXXX5410610696}{4:{177:0404021720}{451:0}}{1:F01VZCRVECAAXXX5410610696}{2:09501717040402VZCRVECAAXXX40812675430404021720N}{3:{108:SCONNECT}}{4:
:20:MI071217
:25:2222222222
:28C:0272/046
:60M:C071217VEB001339910945,95
:61:071217C000000269000,00NTRF000000042671//180007
PAGO
:61:071217C000000795000,00NTRF000000042691//180007
PAGO
:61:071217C000003000000,00NTRF000000042661//180007
PAGO
:61:071217C000000163500,00NTRF000000042634//180007
PAGO
:61:071217C000005000000,00NTRF000000042640//180007
PAGO
:61:071217C000008000000,00NTRF000000042489//180007
PAGO
:61:071217C000000261600,00NTRF000000046498//180007
PAGO
:61:071217C000001200000,00NTRF000000046453//180007
PAGO
:61:071217C000000750000,00NTRF000046860936//180007
PAGO
:62M:C071217VEB001359350045,95
-}{5:{CHK:1143FB20924B}}{S:{COP:S}}${1:F21VZCRVECAAXXX5410610696}{4:{177:0404021720}{451:0}}{1:F01VZCRVECAAXXX5410610696}{2:09501717040402VZCRVECAAXXX40812675430404021720N}{3:{108:SCONNECT}}{4:
:20:MI071217
:25:2222222222
:28C:0272/047
:60M:C071217VEB001359350045,95
:61:071217C000004000000,00NTRF000046861006//180007
PAGO
:61:071217C000005000000,00NTRF000046861286//180007
PAGO
:61:071217C000000500000,00NTRF000046864090//180007
PAGO
:61:071217C000000052000,00NTRF000046835132//180007
PAGO
:61:071217C000002000000,00NTRF000046838094//180007
PAGO
:61:071217C000000150000,00NTRF000046842902//180007
PAGO
:61:071217C000000022500,00NTRF000046824492//180007
PAGO
:61:071217C000000120000,00NTRF000046825903//180007
PAGO
:61:071217C000001000000,00NTRF000046826312//180007
PAGO
:62M:C071217VEB001372194545,95
-}{5:{CHK:1143FB20924B}}{S:{COP:S}}${1:F21VZCRVECAAXXX5410610696}{4:{177:0404021720}{451:0}}{1:F01VZCRVECAAXXX5410610696}{2:09501717040402VZCRVECAAXXX40812675430404021720N}{3:{108:SCONNECT}}{4:
:20:MI071217
:25:2222222222
:28C:0272/048
:60M:C071217VEB001372194545,95
:61:071217C000001000000,00NTRF000046826802//180007
PAGO
:61:071217C000004950000,00NTRF000046827594//180007
PAGO
:61:071217C000000600000,00NTRF000046827701//180007
PAGO
:61:071217C000000170000,00NTRF000046810794//180007
PAGO
:61:071217C000000100000,00NTRF000046811612//180007
PAGO
:61:071217C000001000000,00NTRF000000046309//180007
PAGO
:61:071217C000000400000,00NTRF000000046235//180007
PAGO
:61:071217C000001350000,00NTRF000000046084//180007
PAGO
:61:071217C000014000000,00NTRF000000045456//180007
PAGO
:62M:C071217VEB001395764545,95
-}{5:{CHK:1143FB20924B}}{S:{COP:S}}${1:F21VZCRVECAAXXX5410610696}{4:{177:0404021720}{451:0}}{1:F01VZCRVECAAXXX5410610696}{2:09501717040402VZCRVECAAXXX40812675430404021720N}{3:{108:SCONNECT}}{4:
:20:MI071217
:25:2222222222
:28C:0272/049
:60M:C071217VEB001395764545,95
:61:071217C000001000000,00NTRF000000043104//180007
PAGO
:61:071217C000000500000,00NTRF000000045184//180007
PAGO
:61:071217C000002204000,00NTRF000000045122//180007
PAGO
:61:071217C000003000000,00NTRF000000044885//180007
PAGO
:61:071217C000000500000,00NTRF000000044838//180007
PAGO
:61:071217C000001000000,00NTRF000000044792//180007
PAGO
:61:071217C000000600000,00NTRF000000044319//180007
PAGO
:61:071217C000002700000,00NTRF000000043911//180007
PAGO
:61:071217C000001500000,00NTRF000000043154//180007
PAGO
:62M:C071217VEB001408768545,95
-}{5:{CHK:1143FB20924B}}{S:{COP:S}}${1:F21VZCRVECAAXXX5410610696}{4:{177:0404021720}{451:0}}{1:F01VZCRVECAAXXX5410610696}{2:09501717040402VZCRVECAAXXX40812675430404021720N}{3:{108:SCONNECT}}{4:
:20:MI071217
:25:2222222222
:28C:0272/050
:60M:C071217VEB001408768545,95
:61:071217C000002000000,00NTRF000000043132//180007
PAGO
:61:071217C000000950000,00NTRF000046812135//180007
PAGO
:61:071217C000000130000,00NTRF000046812544//180007
PAGO
:61:071217C000001000000,00NTRF000046813572//180007
PAGO
:61:071217C000000500000,00NTRF000046814246//180007
PAGO
:61:071217C000000500000,00NTRF000046814423//180007
PAGO
:61:071217C000000600000,00NTRF000046814924//180007
PAGO
:61:071217C000000850000,00NTRF000046816593//180007
PAGO
:61:071217C000000800000,00NTRF000046817735//180007
PAGO
:62M:C071217VEB001416098545,95
-}{5:{CHK:1143FB20924B}}{S:{COP:S}}${1:F21VZCRVECAAXXX5410610696}{4:{177:0404021720}{451:0}}{1:F01VZCRVECAAXXX5410610696}{2:09501717040402VZCRVECAAXXX40812675430404021720N}{3:{108:SCONNECT}}{4:
:20:MI071217
:25:2222222222
:28C:0272/051
:60M:C071217VEB001416098545,95
:61:071217C000000300000,00NTRF000046818306//180007
PAGO
:61:071217C000004456370,00NTRF000046818332//180007
PAGO
:61:071217C000000155000,00NTRF000046805802//180007
PAGO
:61:071217C000000120000,00NTRF000046805813//180007
PAGO
:61:071217C000002000000,00NTRF000046806362//180007
PAGO
:61:071217C000002000000,00NTRF000046806852//180007
PAGO
:61:071217C000001030000,00NTRF000046796584//180007
PAGO
:61:071217C000013500000,00NTRF000000042166//180007
PAGO
:61:071217C000000087200,00NTRF000000046497//180007
PAGO
:62M:C071217VEB001439747115,95
-}{5:{CHK:1143FB20924B}}{S:{COP:S}}${1:F21VZCRVECAAXXX5410610696}{4:{177:0404021720}{451:0}}{1:F01VZCRVECAAXXX5410610696}{2:09501717040402VZCRVECAAXXX40812675430404021720N}{3:{108:SCONNECT}}{4:
:20:MI071217
:25:2222222222
:28C:0272/052
:60M:C071217VEB001439747115,95
:61:071217C000005000000,00NTRF000000046837//180007
PAGO
:61:071217C000000800000,00NTRF000000047094//180007
PAGO
:61:071217C000000100000,00NTRF000000047221//180007
PAGO
:61:071217C000013840000,00NTRF000000047515//180007
PAGO
:61:071217C000000200000,00NTRF000000047243//180007
PAGO
:61:071217C000000150000,00NTRF000000047416//180007
PAGO
:61:071217C000000180000,00NTRF000000047688//180007
PAGO
:61:071217C000008698620,41NTRF000000032158//180007
PAGO
:61:071217C000001208681,70NTRF000000030384//180007
PAGO
:62M:C071217VEB001469924418,06
-}{5:{CHK:1143FB20924B}}{S:{COP:S}}${1:F21VZCRVECAAXXX5410610696}{4:{177:0404021720}{451:0}}{1:F01VZCRVECAAXXX5410610696}{2:09501717040402VZCRVECAAXXX40812675430404021720N}{3:{108:SCONNECT}}{4:
:20:MI071217
:25:2222222222
:28C:0272/053
:60M:C071217VEB001469924418,06
:61:071217C000000100000,00NTRF000000031942//180007
PAGO
:61:071217C000000150000,00NTRF000000031752//180007
PAGO
:61:071217C000000916300,00NTRF000000031627//180007
PAGO
:61:071217C000000250000,00NTRF000000031521//180007
PAGO
:61:071217C000005000000,00NTRF000046807235//180007
PAGO
:61:071217C000004000000,00NTRF000046798430//180007
PAGO
:61:071217C000000200000,00NTRF000046800736//180007
PAGO
:61:071217C000001500000,00NTRF000046802081//180007
PAGO
:61:071217C000001000000,00NTRF000046802136//180007
PAGO
:62M:C071217VEB001483040718,06
-}{5:{CHK:1143FB20924B}}{S:{COP:S}}${1:F21VZCRVECAAXXX5410610696}{4:{177:0404021720}{451:0}}{1:F01VZCRVECAAXXX5410610696}{2:09501717040402VZCRVECAAXXX40812675430404021720N}{3:{108:SCONNECT}}{4:
:20:MI071217
:25:2222222222
:28C:0272/054
:60M:C071217VEB001483040718,06
:61:071217C000002500000,00NTRF000046802361//180007
PAGO
:61:071217C000000025000,00NTRF000046802490//180007
PAGO
:61:071217C000002500000,00NTRF000046802711//180007
PAGO
:61:071217C000000630000,00NTRF000046804074//180007
PAGO
:61:071217C000000150000,00NTRF000046792465//180007
PAGO
:61:071217C000000100000,00NTRF000046793003//180007
PAGO
:61:071217C000005000000,00NTRF000046794370//180007
PAGO
:61:071217C000000290000,00NTRF000046795055//180007
PAGO
:61:071217C000000250000,00NTRF000046795291//180007
PAGO
:62M:C071217VEB001494485718,06
-}{5:{CHK:1143FB20924B}}{S:{COP:S}}${1:F21VZCRVECAAXXX5410610696}{4:{177:0404021720}{451:0}}{1:F01VZCRVECAAXXX5410610696}{2:09501717040402VZCRVECAAXXX40812675430404021720N}{3:{108:SCONNECT}}{4:
:20:MI071217
:25:2222222222
:28C:0272/055
:60M:C071217VEB001494485718,06
:61:071217C000001500000,00NTRF000046796341//180007
PAGO
:61:071217C000004386000,00NTRF000000031514//180007
PAGO
:61:071217C000009609273,00NTRF000000031086//180007
PAGO
:61:071217C000001000000,00NTRF000000030498//180007
PAGO
:61:071217C000000650000,00NTRF000000030474//180007
PAGO
:61:071217C000000520000,00NTRF000000029973//180007
PAGO
:61:071217C000000500000,00NTRF000000029729//180007
PAGO
:61:071217C000000010000,00NTRF000000029685//180007
PAGO
:61:071217C000001200000,00NTRF000000032150//180007
PAGO
:62M:C071217VEB001513860991,06
-}{5:{CHK:1143FB20924B}}{S:{COP:S}}${1:F21VZCRVECAAXXX5410610696}{4:{177:0404021720}{451:0}}{1:F01VZCRVECAAXXX5410610696}{2:09501717040402VZCRVECAAXXX40812675430404021720N}{3:{108:SCONNECT}}{4:
:20:MI071217
:25:2222222222
:28C:0272/056
:60M:C071217VEB001513860991,06
:61:071217C000005907999,00NTRF000000032205//180007
PAGO
:61:071217C000009000000,00NTRF000000032426//180007
PAGO
:61:071217C000000239733,87NTRF000000032901//180007
PAGO
:61:071217C000001000000,00NTRF000000029634//180007
PAGO
:61:071217C000007000000,00NTRF000000048779//180007
PAGO
:61:071217C000001000000,00NTRF000000044793//180007
PAGO
:61:071217C000000100000,00NTRF000046796606//180007
PAGO
:61:071217C000005000000,00NTRF000046789621//180007
PAGO
:61:071217C000000500000,00NTRF000046789890//180007
PAGO
:62M:C071217VEB001543608723,93
-}{5:{CHK:1143FB20924B}}{S:{COP:S}}${1:F21VZCRVECAAXXX5410610696}{4:{177:0404021720}{451:0}}{1:F01VZCRVECAAXXX5410610696}{2:09501717040402VZCRVECAAXXX40812675430404021720N}{3:{108:SCONNECT}}{4:
:20:MI071217
:25:2222222222
:28C:0272/057
:60M:C071217VEB001543608723,93
:61:071217C000002000000,00NTRF000046790645//180007
PAGO
:61:071217C000000320000,00NTRF000046790822//180007
PAGO
:61:071217C000000600000,00NTRF000046776936//180007
PAGO
:61:071217C000000100000,00NTRF000046777172//180007
PAGO
:61:071217C000000600000,00NTRF000046777290//180007
PAGO
:61:071217C000000300000,00NTRF000046779342//180007
PAGO
:61:071217C000000150000,00NTRF000046766042//180007
PAGO
:61:071217C000000500000,00NTRF000046766661//180007
PAGO
:61:071217C000001300000,00NTRF000046767254//180007
PAGO
:62M:C071217VEB001549478723,93
-}{5:{CHK:1143FB20924B}}{S:{COP:S}}${1:F21VZCRVECAAXXX5410610696}{4:{177:0404021720}{451:0}}{1:F01VZCRVECAAXXX5410610696}{2:09501717040402VZCRVECAAXXX40812675430404021720N}{3:{108:SCONNECT}}{4:
:20:MI071217
:25:2222222222
:28C:0272/058
:60M:C071217VEB001549478723,93
:61:071217C000000500000,00NTRF000046767840//180007
PAGO
:61:071217C000000344000,00NTRF000046769310//180007
PAGO
:61:071217C000002000000,00NTRF000046769660//180007
PAGO
:61:071217C000006000000,00NTRF000000048624//180007
PAGO
:61:071217C000000040000,00NTRF000000048299//180007
PAGO
:61:071217C000001000000,00NTRF000000047894//180007
PAGO
:61:071217C000004000000,00NTRF000000047729//180007
PAGO
:61:071217C000001900000,00NTRF000000047419//180007
PAGO
:61:071217C000000300000,00NTRF000000047429//180007
PAGO
:62M:C071217VEB001565562723,93
-}{5:{CHK:1143FB20924B}}{S:{COP:S}}${1:F21VZCRVECAAXXX5410610696}{4:{177:0404021720}{451:0}}{1:F01VZCRVECAAXXX5410610696}{2:09501717040402VZCRVECAAXXX40812675430404021720N}{3:{108:SCONNECT}}{4:
:20:MI071217
:25:2222222222
:28C:0272/059
:60M:C071217VEB001565562723,93
:61:071217C000000620000,00NTRF000000047151//180007
PAGO
:61:071217C000006500000,00NTRF000000046831//180007
PAGO
:61:071217C000003400000,00NTRF000000046832//180007
PAGO
:61:071217C000000804400,00NTRF000000046772//180007
PAGO
:61:071217C000000100000,00NTRF000000046773//180007
PAGO
:61:071217C000001000000,00NTRF000000046719//180007
PAGO
:61:071217C000000300000,00NTRF000000045039//180007
PAGO
:61:071217C000000350000,00NTRF000000044938//180007
PAGO
:61:071217C000005400000,00NTRF000000044856//180007
PAGO
:62M:C071217VEB001584037123,93
-}{5:{CHK:1143FB20924B}}{S:{COP:S}}${1:F21VZCRVECAAXXX5410610696}{4:{177:0404021720}{451:0}}{1:F01VZCRVECAAXXX5410610696}{2:09501717040402VZCRVECAAXXX40812675430404021720N}{3:{108:SCONNECT}}{4:
:20:MI071217
:25:2222222222
:28C:0272/060
:60M:C071217VEB001584037123,93
:61:071217C000000350000,00NTRF000046648464//180007
PAGO
:61:071217C000001000000,00NTRF000046730036//180007
PAGO
:61:071217C000000400000,00NTRF000046729944//180007
PAGO
:61:071217C000000050000,00NTRF000046730014//180007
PAGO
:61:071217C000001685000,00NTRF000046658463//180007
PAGO
:61:071217C000000100000,00NTRF000046656853//180007
PAGO
:61:071217C000000039400,45NTRF000046690965//180007
PAGO
:61:071217C000000400000,00NTRF000046683921//180007
PAGO
:61:071217C000000100000,00NTRF000046705643//180007
PAGO
:62M:C071217VEB001588161524,38
-}{5:{CHK:1143FB20924B}}{S:{COP:S}}${1:F21VZCRVECAAXXX5410610696}{4:{177:0404021720}{451:0}}{1:F01VZCRVECAAXXX5410610696}{2:09501717040402VZCRVECAAXXX40812675430404021720N}{3:{108:SCONNECT}}{4:
:20:MI071217
:25:2222222222
:28C:0272/061
:60M:C071217VEB001588161524,38
:61:071217C000000130000,00NTRF000046634335//180007
PAGO
:61:071217C000000070000,00NTRF000046647860//180007
PAGO
:61:071217C000001000000,00NTRF000046731823//180007
PAGO
:61:071217C000000600000,00NTRF000046692144//180007
PAGO
:61:071217C000003025000,00NTRF000046652384//180007
PAGO
:61:071217C000000075000,00NTRF000000000104//180007
PAGO
:61:071217C000051339970,40NTRF000003534476//180007
PAGO
:61:071217C000001815857,75NTRF000003534483//180007
PAGO
:61:071217C000006688888,20NTRF000003534516//180007
PAGO
:62M:C071217VEB001652906240,73
-}{5:{CHK:1143FB20924B}}{S:{COP:S}}${1:F21VZCRVECAAXXX5410610696}{4:{177:0404021720}{451:0}}{1:F01VZCRVECAAXXX5410610696}{2:09501717040402VZCRVECAAXXX40812675430404021720N}{3:{108:SCONNECT}}{4:
:20:MI071217
:25:2222222222
:28C:0272/062
:60M:C071217VEB001652906240,73
:61:071217C000000090000,00NTRF000003534335//180007
PAGO
:61:071217C000000090000,00NTRF000003534336//180007
PAGO
:61:071217C000000090000,00NTRF000003534337//180007
PAGO
:61:071217C000000090000,00NTRF000003534338//180007
PAGO
:61:071217C000000090000,00NTRF000003534339//180007
PAGO
:61:071217C000000090000,00NTRF000003534340//180007
PAGO
:61:071217C000000090000,00NTRF000003534341//180007
PAGO
:61:071217C000000090000,00NTRF000003534342//180007
PAGO
:61:071217C000000120000,00NTRF000003534324//180007
PAGO
:62M:C071217VEB001653746240,73
-}{5:{CHK:1143FB20924B}}{S:{COP:S}}${1:F21VZCRVECAAXXX5410610696}{4:{177:0404021720}{451:0}}{1:F01VZCRVECAAXXX5410610696}{2:09501717040402VZCRVECAAXXX40812675430404021720N}{3:{108:SCONNECT}}{4:
:20:MI071217
:25:2222222222
:28C:0272/063
:60M:C071217VEB001653746240,73
:61:071217C000000090000,00NTRF000003534325//180007
PAGO
:61:071217C000000090000,00NTRF000003534326//180007
PAGO
:61:071217C000000090000,00NTRF000003534327//180007
PAGO
:61:071217C000000200000,00NTRF000046780241//180007
PAGO
:61:071217C000001170000,00NTRF000046781022//180007
PAGO
:61:071217C000000831150,00NTRF000046781066//180007
PAGO
:61:071217C000000730000,00NTRF000046782665//180007
PAGO
:61:071217C000001000000,00NTRF000046782816//180007
PAGO
:61:071217C000005000000,00NTRF000046783063//180007
PAGO
:62M:C071217VEB001662947390,73
-}{5:{CHK:1143FB20924B}}{S:{COP:S}}${1:F21VZCRVECAAXXX5410610696}{4:{177:0404021720}{451:0}}{1:F01VZCRVECAAXXX5410610696}{2:09501717040402VZCRVECAAXXX40812675430404021720N}{3:{108:SCONNECT}}{4:
:20:MI071217
:25:2222222222
:28C:0272/064
:60M:C071217VEB001662947390,73
:61:071217C000000150000,00NTRF000046784312//180007
PAGO
:61:071217C000003100000,00NTRF000046784544//180007
PAGO
:61:071217C000000025000,00NTRF000046785060//180007
PAGO
:61:071217C000000475000,00NTRF000046785152//180007
PAGO
:61:071217C000000250000,00NTRF000046785583//180007
PAGO
:61:071217C000004000000,00NTRF000046785830//180007
PAGO
:61:071217C000002500000,00NTRF000046786040//180007
PAGO
:61:071217C000000700000,00NTRF000046786272//180007
PAGO
:61:071217C000000025000,00NTRF000046786460//180007
PAGO
:62M:C071217VEB001674172390,73
-}{5:{CHK:1143FB20924B}}{S:{COP:S}}${1:F21VZCRVECAAXXX5410610696}{4:{177:0404021720}{451:0}}{1:F01VZCRVECAAXXX5410610696}{2:09501717040402VZCRVECAAXXX40812675430404021720N}{3:{108:SCONNECT}}{4:
:20:MI071217
:25:2222222222
:28C:0272/065
:60M:C071217VEB001674172390,73
:61:071217C000000280000,00NTRF000000641929//180007
PAGO
:61:071217C000000050000,00NTRF000000641927//180007
PAGO
:61:071217C000006500000,00NTRF000000641856//180007
PAGO
:61:071217C000003000000,00NTRF000000000187//180007
PAGO
:61:071217C000011364330,31NTRF000000977262//180007
PAGO
:61:071217C000000871200,72NTRF000000036356//180007
PAGO
:61:071217C000000871200,72NTRF000000036357//180007
PAGO
:61:071217C000000100000,00NTRF000000000000//180007
PAGO
:61:071217C000000193000,00NTRF000000000000//180007
PAGO
:62M:C071217VEB001697402122,48
-}{5:{CHK:1143FB20924B}}{S:{COP:S}}${1:F21VZCRVECAAXXX5410610696}{4:{177:0404021720}{451:0}}{1:F01VZCRVECAAXXX5410610696}{2:09501717040402VZCRVECAAXXX40812675430404021720N}{3:{108:SCONNECT}}{4:
:20:MI071217
:25:2222222222
:28C:0272/066
:60M:C071217VEB001697402122,48
:61:071217C000002000000,00NTRF000000000000//180007
PAGO
:61:071217C000000200000,00NTRF000000000000//180007
PAGO
:61:071217C000000516394,60NTRF000017122007//180007
PAGO
:61:071217C000000100000,00NTRF000017122007//180007
PAGO
:61:071217C000005000000,00NTRF000017122007//180007
PAGO
:61:071217C000001000000,00NTRF000017122007//180007
PAGO
:61:071217C000006000000,00NTRF000000023177//180007
PAGO
:61:071217C000000280000,00NTRF000000023184//180007
PAGO
:61:071217C000006000000,00NTRF000000023154//180007
PAGO
:62M:C071217VEB001718498517,08
-}{5:{CHK:1143FB20924B}}{S:{COP:S}}${1:F21VZCRVECAAXXX5410610696}{4:{177:0404021720}{451:0}}{1:F01VZCRVECAAXXX5410610696}{2:09501717040402VZCRVECAAXXX40812675430404021720N}{3:{108:SCONNECT}}{4:
:20:MI071217
:25:2222222222
:28C:0272/067
:60M:C071217VEB001718498517,08
:61:071217C000000500000,00NTRF000000022941//180007
PAGO
:61:071217C000005610000,00NTRF000000022638//180007
PAGO
:61:071217C000000550000,00NTRF000000022534//180007
PAGO
:61:071217C000000700000,00NTRF000000022517//180007
PAGO
:61:071217C000000330000,00NTRF000000022451//180007
PAGO
:61:071217C000000200000,00NTRF000000022399//180007
PAGO
:61:071217C000000985000,00NTRF000000022319//180007
PAGO
:61:071217C000000500000,00NTRF000000022046//180007
PAGO
:61:071217C000000900000,00NTRF000000021862//180007
PAGO
:62M:C071217VEB001728773517,08
-}{5:{CHK:1143FB20924B}}{S:{COP:S}}${1:F21VZCRVECAAXXX5410610696}{4:{177:0404021720}{451:0}}{1:F01VZCRVECAAXXX5410610696}{2:09501717040402VZCRVECAAXXX40812675430404021720N}{3:{108:SCONNECT}}{4:
:20:MI071217
:25:2222222222
:28C:0272/068
:60M:C071217VEB001728773517,08
:61:071217C000001000000,00NTRF000000021859//180007
PAGO
:61:071217C000000520000,00NTRF000000014927//180007
PAGO
:61:071217C000004540000,00NTRF000000014901//180007
PAGO
:61:071217C000000010000,00NTRF000000631717//180007
PAGO
:61:071217C000000380000,00NTRF000000631735//180007
PAGO
:61:071217C000000050000,00NTRF000000631858//180007
PAGO
:61:071217C000000500000,00NTRF000000631897//180007
PAGO
:61:071217C000001000000,00NTRF000000631908//180007
PAGO
:61:071217C000001100000,00NTRF000000631987//180007
PAGO
:62M:C071217VEB001737873517,08
-}{5:{CHK:1143FB20924B}}{S:{COP:S}}${1:F21VZCRVECAAXXX5410610696}{4:{177:0404021720}{451:0}}{1:F01VZCRVECAAXXX5410610696}{2:09501717040402VZCRVECAAXXX40812675430404021720N}{3:{108:SCONNECT}}{4:
:20:MI071217
:25:2222222222
:28C:0272/069
:60M:C071217VEB001737873517,08
:61:071217C000000200000,00NTRF000000631992//180007
PAGO
:61:071217C000000165000,00NTRF000000631199//180007
PAGO
:61:071217C000000160000,00NTRF000000631209//180007
PAGO
:61:071217C000000150000,00NTRF000000631214//180007
PAGO
:61:071217C000000500111,00NTRF000000631224//180007
PAGO
:61:071217C000000080000,00NTRF000000631233//180007
PAGO
:61:071217C000002000000,00NTRF000000631237//180007
PAGO
:61:071217C000001000000,00NTRF000000631262//180007
PAGO
:61:071217C000000045000,00NTRF000000631321//180007
PAGO
:62M:C071217VEB001742173628,08
-}{5:{CHK:1143FB20924B}}{S:{COP:S}}${1:F21VZCRVECAAXXX5410610696}{4:{177:0404021720}{451:0}}{1:F01VZCRVECAAXXX5410610696}{2:09501717040402VZCRVECAAXXX40812675430404021720N}{3:{108:SCONNECT}}{4:
:20:MI071217
:25:2222222222
:28C:0272/070
:60M:C071217VEB001742173628,08
:61:071217C000000095000,00NTRF000015502164//180007
PAGO
:61:071217C000000500000,00NTRF000015502845//180007
PAGO
:61:071217C000000100000,00NTRF000015502686//180007
PAGO
:61:071217C000000450000,00NTRF000015502704//180007
PAGO
:61:071217C000007000000,00NTRF000015503648//180007
PAGO
:61:071217C000002300000,00NTRF000015490215//180007
PAGO
:61:071217C000000110000,00NTRF000015490742//180007
PAGO
:61:071217C000000236000,00NTRF000015490761//180007
PAGO
:61:071217C000003000000,00NTRF000015490900//180007
PAGO
:62M:C071217VEB001755964628,08
-}{5:{CHK:1143FB20924B}}{S:{COP:S}}${1:F21VZCRVECAAXXX5410610696}{4:{177:0404021720}{451:0}}{1:F01VZCRVECAAXXX5410610696}{2:09501717040402VZCRVECAAXXX40812675430404021720N}{3:{108:SCONNECT}}{4:
:20:MI071217
:25:2222222222
:28C:0272/071
:60M:C071217VEB001755964628,08
:61:071217C000000500000,00NTRF000015492794//180007
PAGO
:61:071217C000000752369,00NTRF000015493435//180007
PAGO
:61:071217C000001350000,00NTRF000015493509//180007
PAGO
:61:071217C000002645000,00NTRF000015493634//180007
PAGO
:61:071217C000000200000,00NTRF000015494375//180007
PAGO
:61:071217C000000600000,00NTRF000015494784//180007
PAGO
:61:071217C000000500000,00NTRF000014122007//180007
PAGO
:61:071217C000000255000,00NTRF000014122007//180007
PAGO
:61:071217C000000180000,00NTRF000014122007//180007
PAGO
:62M:C071217VEB001762946997,08
-}{5:{CHK:1143FB20924B}}{S:{COP:S}}${1:F21VZCRVECAAXXX5410610696}{4:{177:0404021720}{451:0}}{1:F01VZCRVECAAXXX5410610696}{2:09501717040402VZCRVECAAXXX40812675430404021720N}{3:{108:SCONNECT}}{4:
:20:MI071217
:25:2222222222
:28C:0272/072
:60M:C071217VEB001762946997,08
:61:071217C000000400000,00NTRF000014122007//180007
PAGO
:61:071217C000000170000,00NTRF000014122007//180007
PAGO
:61:071217C000000300000,00NTRF000014122007//180007
PAGO
:61:071217C000000200000,00NTRF000014122007//180007
PAGO
:61:071217C000001000000,00NTRF000014122007//180007
PAGO
:61:071217C000005985745,00NTRF000014122007//180007
PAGO
:61:071217C000000100000,00NTRF000014122007//180007
PAGO
:61:071217C000000200000,00NTRF000014122007//180007
PAGO
:61:071217C000000151000,00NTRF000014122007//180007
PAGO
:62M:C071217VEB001771453742,08
-}{5:{CHK:1143FB20924B}}{S:{COP:S}}${1:F21VZCRVECAAXXX5410610696}{4:{177:0404021720}{451:0}}{1:F01VZCRVECAAXXX5410610696}{2:09501717040402VZCRVECAAXXX40812675430404021720N}{3:{108:SCONNECT}}{4:
:20:MI071217
:25:2222222222
:28C:0272/073
:60M:C071217VEB001771453742,08
:61:071217C000000300000,00NTRF000014122007//180007
PAGO
:61:071217C000000500000,00NTRF000014122007//180007
PAGO
:61:071217C000003298205,00NTRF000014122007//180007
PAGO
:61:071217C000000090000,00NTRF000003534328//180007
PAGO
:61:071217C000000050000,00NTRF000003534329//180007
PAGO
:61:071217C000004959787,11NTRF000003534045//180007
PAGO
:61:071217C000027070267,82NTRF000003534092//180007
PAGO
:61:071217C000000090000,00NTRF000003534314//180007
PAGO
:61:071217C000000090000,00NTRF000003534315//180007
PAGO
:62M:C071217VEB001807902002,01
-}{5:{CHK:1143FB20924B}}{S:{COP:S}}${1:F21VZCRVECAAXXX5410610696}{4:{177:0404021720}{451:0}}{1:F01VZCRVECAAXXX5410610696}{2:09501717040402VZCRVECAAXXX40812675430404021720N}{3:{108:SCONNECT}}{4:
:20:MI071217
:25:2222222222
:28C:0272/074
:60M:C071217VEB001807902002,01
:61:071217C000007130629,45NTRF000003533959//180007
PAGO
:61:071217C000004564440,00NTRF000003533965//180007
PAGO
:61:071217C000000380950,00NTRF000003533967//180007
PAGO
:61:071217C000000350875,00NTRF000003534021//180007
PAGO
:61:071217C000000437625,00NTRF000003534022//180007
PAGO
:61:071217C000006271049,50NTRF000003534023//180007
PAGO
:61:071217C000005000000,00NTRF000000628992//180007
PAGO
:61:071217C000000600000,00NTRF000000629005//180007
PAGO
:61:071217C000002700000,00NTRF000000629016//180007
PAGO
:62M:C071217VEB001835337570,96
-}{5:{CHK:1143FB20924B}}{S:{COP:S}}${1:F21VZCRVECAAXXX5410610696}{4:{177:0404021720}{451:0}}{1:F01VZCRVECAAXXX5410610696}{2:09501717040402VZCRVECAAXXX40812675430404021720N}{3:{108:SCONNECT}}{4:
:20:MI071217
:25:2222222222
:28C:0272/075
:60M:C071217VEB001835337570,96
:61:071217C000000600000,00NTRF000046786913//180007
PAGO
:61:071217C000000290000,00NTRF000046787882//180007
PAGO
:61:071217C000000244000,00NTRF000046789046//180007
PAGO
:61:071217C000001000000,00NTRF000046804973//180007
PAGO
:61:071217C000000880000,00NTRF000046805146//180007
PAGO
:61:071217C000000900000,00NTRF000046805544//180007
PAGO
:61:071217C000001500000,00NTRF000046805651//180007
PAGO
:61:071217C000002100000,00NTRF000046790903//180007
PAGO
:61:071217C000000500000,00NTRF000046791651//180007
PAGO
:62M:C071217VEB001843351570,96
-}{5:{CHK:1143FB20924B}}{S:{COP:S}}${1:F21VZCRVECAAXXX5410610696}{4:{177:0404021720}{451:0}}{1:F01VZCRVECAAXXX5410610696}{2:09501717040402VZCRVECAAXXX40812675430404021720N}{3:{108:SCONNECT}}{4:
:20:MI071217
:25:2222222222
:28C:0272/076
:60M:C071217VEB001843351570,96
:61:071217C000002500000,00NTRF000046791920//180007
PAGO
:61:071217C000002000000,00NTRF000046792196//180007
PAGO
:61:071217C000000500000,00NTRF000046792421//180007
PAGO
:61:071217C000000147000,00NTRF000046807504//180007
PAGO
:61:071217C000002000000,00NTRF000046807913//180007
PAGO
:61:071217C000002000000,00NTRF000046807946//180007
PAGO
:61:071217C000000150000,00NTRF000017122007//180007
PAGO
:61:071217C000000500000,00NTRF000017122007//180007
PAGO
:61:071217C000005514000,00NTRF000017122007//180007
PAGO
:62M:C071217VEB001858662570,96
-}{5:{CHK:1143FB20924B}}{S:{COP:S}}${1:F21VZCRVECAAXXX5410610696}{4:{177:0404021720}{451:0}}{1:F01VZCRVECAAXXX5410610696}{2:09501717040402VZCRVECAAXXX40812675430404021720N}{3:{108:SCONNECT}}{4:
:20:MI071217
:25:2222222222
:28C:0272/077
:60M:C071217VEB001858662570,96
:61:071217C000003000000,00NTRF000017122007//180007
PAGO
:61:071217C000000150000,00NTRF000017122007//180007
PAGO
:61:071217C000000180000,00NTRF000017122007//180007
PAGO
:61:071217C000000554100,00NTRF000017122007//180007
PAGO
:61:071217C000001000000,00NTRF000017122007//180007
PAGO
:61:071217C000000500000,00NTRF000017122007//180007
PAGO
:61:071217C000001000000,00NTRF000015541740//180007
PAGO
:61:071217C000000380000,00NTRF000015540946//180007
PAGO
:61:071217C000001200000,00NTRF000015540078//180007
PAGO
:62M:C071217VEB001866626670,96
-}{5:{CHK:1143FB20924B}}{S:{COP:S}}${1:F21VZCRVECAAXXX5410610696}{4:{177:0404021720}{451:0}}{1:F01VZCRVECAAXXX5410610696}{2:09501717040402VZCRVECAAXXX40812675430404021720N}{3:{108:SCONNECT}}{4:
:20:MI071217
:25:2222222222
:28C:0272/078
:60M:C071217VEB001866626670,96
:61:071217C000000400000,00NTRF000015544028//180007
PAGO
:61:071217C000000150000,00NTRF000015543530//180007
PAGO
:61:071217C000000650000,00NTRF000015539919//180007
PAGO
:61:071217C000145000000,00NTRF000000000000//180007
PAGO
:61:071217C000000063325,60NTRF000000004493//180007
PAGO
:61:071217C000000200000,00NTRF000000019479//180007
PAGO
:61:071217C000005000000,00NTRF000000019320//180007
PAGO
:61:071217C000000150000,00NTRF000000020601//180007
PAGO
:61:071217C000006620000,00NTRF000000007437//180007
PAGO
:62M:C071217VEB002024859996,56
-}{5:{CHK:1143FB20924B}}{S:{COP:S}}${1:F21VZCRVECAAXXX5410610696}{4:{177:0404021720}{451:0}}{1:F01VZCRVECAAXXX5410610696}{2:09501717040402VZCRVECAAXXX40812675430404021720N}{3:{108:SCONNECT}}{4:
:20:MI071217
:25:2222222222
:28C:0272/079
:60M:C071217VEB002024859996,56
:61:071217C000002345000,00NTRF000000000000//180007
PAGO
:61:071217C000000100000,00NTRF000000000000//180007
PAGO
:61:071217C000000500000,00NTRF000000000000//180007
PAGO
:61:071217C000002600000,00NTRF000000000000//180007
PAGO
:61:071217C000000480000,00NTRF000000000001//180007
PAGO
:61:071217C000001800000,00NTRF000000000000//180007
PAGO
:61:071217C000000460000,00NTRF000000000000//180007
PAGO
:61:071217C000005000000,00NTRF000000000000//180007
PAGO
:61:071217C000002400000,00NTRF000000000000//180007
PAGO
:62M:C071217VEB002040544996,56
-}{5:{CHK:1143FB20924B}}{S:{COP:S}}${1:F21VZCRVECAAXXX5410610696}{4:{177:0404021720}{451:0}}{1:F01VZCRVECAAXXX5410610696}{2:09501717040402VZCRVECAAXXX40812675430404021720N}{3:{108:SCONNECT}}{4:
:20:MI071217
:25:2222222222
:28C:0272/080
:60M:C071217VEB002040544996,56
:61:071217C000001000000,00NTRF000000631326//180007
PAGO
:61:071217C000000200000,00NTRF000000631376//180007
PAGO
:61:071217C000000133000,00NTRF000000631413//180007
PAGO
:61:071217C000000250000,00NTRF000000631432//180007
PAGO
:61:071217C000000060000,00NTRF000000631438//180007
PAGO
:61:071217C000001000000,00NTRF000000631001//180007
PAGO
:61:071217C000000080000,00NTRF000000631044//180007
PAGO
:61:071217C000001445000,00NTRF000000631130//180007
PAGO
:61:071217C000000200000,00NTRF000000631168//180007
PAGO
:62M:C071217VEB002044912996,56
-}{5:{CHK:1143FB20924B}}{S:{COP:S}}${1:F21VZCRVECAAXXX5410610696}{4:{177:0404021720}{451:0}}{1:F01VZCRVECAAXXX5410610696}{2:09501717040402VZCRVECAAXXX40812675430404021720N}{3:{108:SCONNECT}}{4:
:20:MI071217
:25:2222222222
:28C:0272/081
:60M:C071217VEB002044912996,56
:61:071217C000000080000,00NTRF000000631171//180007
PAGO
:61:071217C000000212000,00NTRF000000631186//180007
PAGO
:61:071217C000001000000,00NTRF000000631198//180007
PAGO
:61:071217C000000060000,00NTRF000000635458//180007
PAGO
:61:071217C000000300000,00NTRF000000635472//180007
PAGO
:61:071217C000000500000,00NTRF000000635474//180007
PAGO
:61:071217C000003000000,00NTRF000015495471//180007
PAGO
:61:071217C000001200000,00NTRF000015497884//180007
PAGO
:61:071217C000000080000,00NTRF000015498336//180007
PAGO
:62M:C071217VEB002051344996,56
-}{5:{CHK:1143FB20924B}}{S:{COP:S}}${1:F21VZCRVECAAXXX5410610696}{4:{177:0404021720}{451:0}}{1:F01VZCRVECAAXXX5410610696}{2:09501717040402VZCRVECAAXXX40812675430404021720N}{3:{108:SCONNECT}}{4:
:20:MI071217
:25:2222222222
:28C:0272/082
:60M:C071217VEB002051344996,56
:61:071217C000000375000,00NTRF000015461412//180007
PAGO
:61:071217C000019996800,00NTRF000015462079//180007
PAGO
:61:071217C000000442538,00NTRF000000006471//180007
PAGO
:61:071217C000009125940,00NTRF000015492674//180007
PAGO
:61:071217C000019800350,00NTRF000000280249//180007
PAGO
:61:071217C000003229200,00NTRF000000280219//180007
PAGO
:61:071217C000002800907,66NTRF000000279086//180007
PAGO
:61:071217C000004997488,00NTRF000000279079//180007
PAGO
:61:071217C000000846556,89NTRF000000280237//180007
PAGO
:62M:C071217VEB002112959777,11
-}{5:{CHK:1143FB20924B}}{S:{COP:S}}${1:F21VZCRVECAAXXX5410610696}{4:{177:0404021720}{451:0}}{1:F01VZCRVECAAXXX5410610696}{2:09501717040402VZCRVECAAXXX40812675430404021720N}{3:{108:SCONNECT}}{4:
:20:MI071217
:25:2222222222
:28C:0272/083
:60M:C071217VEB002112959777,11
:61:071217C000010584960,41NTRF000000280244//180007
PAGO
:61:071217C000003960623,92NTRF000000017335//180007
PAGO
:61:071217C000001500000,00NTRF000015487429//180007
PAGO
:61:071217C000000293339,00NTRF000014122007//180007
PAGO
:61:071217C000000120000,00NTRF000014122007//180007
PAGO
:61:071217C000000250000,00NTRF000014122007//180007
PAGO
:61:071217C000000700000,00NTRF000014122007//180007
PAGO
:61:071217C000000600000,00NTRF000014122007//180007
PAGO
:61:071217C000000100000,00NTRF000014122007//180007
PAGO
:62M:C071217VEB002131068700,44
-}{5:{CHK:1143FB20924B}}{S:{COP:S}}${1:F21VZCRVECAAXXX5410610696}{4:{177:0404021720}{451:0}}{1:F01VZCRVECAAXXX5410610696}{2:09501717040402VZCRVECAAXXX40812675430404021720N}{3:{108:SCONNECT}}{4:
:20:MI071217
:25:2222222222
:28C:0272/084
:60M:C071217VEB002131068700,44
:61:071217C000000300000,00NTRF000014122007//180007
PAGO
:61:071217C000000242000,00NTRF000014122007//180007
PAGO
:61:071217C000000135000,00NTRF000014122007//180007
PAGO
:61:071217C000003671956,00NTRF000014122007//180007
PAGO
:61:071217C000000300000,00NTRF000014122007//180007
PAGO
:61:071217C000000250000,00NTRF000014122007//180007
PAGO
:61:071217C000000400000,00NTRF000014122007//180007
PAGO
:61:071217C000000013000,00NTRF000014122007//180007
PAGO
:61:071217C000000075000,00NTRF000014122007//180007
PAGO
:62M:C071217VEB002136455656,44
-}{5:{CHK:1143FB20924B}}{S:{COP:S}}${1:F21VZCRVECAAXXX5410610696}{4:{177:0404021720}{451:0}}{1:F01VZCRVECAAXXX5410610696}{2:09501717040402VZCRVECAAXXX40812675430404021720N}{3:{108:SCONNECT}}{4:
:20:MI071217
:25:2222222222
:28C:0272/085
:60M:C071217VEB002136455656,44
:61:071217C000000266000,00NTRF000000629074//180007
PAGO
:61:071217C000000351000,00NTRF000000629076//180007
PAGO
:61:071217C000005000000,00NTRF000000629080//180007
PAGO
:61:071217C000000040000,00NTRF000000629084//180007
PAGO
:61:071217C000001752222,63NTRF000002281771//180007
PAGO
:61:071217C000000030000,00NTRF000000628763//180007
PAGO
:61:071217C000001100000,00NTRF000000628771//180007
PAGO
:61:071217C000000200000,00NTRF000000628774//180007
PAGO
:61:071217C000000250000,00NTRF000000628796//180007
PAGO
:62M:C071217VEB002145444879,07
-}{5:{CHK:1143FB20924B}}{S:{COP:S}}${1:F21VZCRVECAAXXX5410610696}{4:{177:0404021720}{451:0}}{1:F01VZCRVECAAXXX5410610696}{2:09501717040402VZCRVECAAXXX40812675430404021720N}{3:{108:SCONNECT}}{4:
:20:MI071217
:25:2222222222
:28C:0272/086
:60M:C071217VEB002145444879,07
:61:071217C000002500000,00NTRF000000628812//180007
PAGO
:61:071217C000000150000,00NTRF000000628821//180007
PAGO
:61:071217C000002000000,00NTRF000000628880//180007
PAGO
:61:071217C000003954000,00NTRF000000628011//180007
PAGO
:61:071217C000000217577,00NTRF000000625932//180007
PAGO
:61:071217C000000078775,00NTRF000000625937//180007
PAGO
:61:071217C000001200000,00NTRF000046808005//180007
PAGO
:61:071217C000003000000,00NTRF000046808226//180007
PAGO
:61:071217C000001200000,00NTRF000046808285//180007
PAGO
:62M:C071217VEB002159745231,07
-}{5:{CHK:1143FB20924B}}{S:{COP:S}}${1:F21VZCRVECAAXXX5410610696}{4:{177:0404021720}{451:0}}{1:F01VZCRVECAAXXX5410610696}{2:09501717040402VZCRVECAAXXX40812675430404021720N}{3:{108:SCONNECT}}{4:
:20:MI071217
:25:2222222222
:28C:0272/087
:60M:C071217VEB002159745231,07
:61:071217C000001500000,00NTRF000046808440//180007
PAGO
:61:071217C000001500000,00NTRF000046810293//180007
PAGO
:61:071217C000000050000,00NTRF000046797306//180007
PAGO
:61:071217C000001000000,00NTRF000046833474//180007
PAGO
:61:071217C000000500000,00NTRF000046834115//180007
PAGO
:61:071217C000000200000,00NTRF000046820653//180007
PAGO
:61:071217C000000100000,00NTRF000046821596//180007
PAGO
:61:071217C000001200000,00NTRF000046822182//180007
PAGO
:61:071217C000003000000,00NTRF000046822226//180007
PAGO
:62M:C071217VEB002168795231,07
-}{5:{CHK:1143FB20924B}}{S:{COP:S}}${1:F21VZCRVECAAXXX5410610696}{4:{177:0404021720}{451:0}}{1:F01VZCRVECAAXXX5410610696}{2:09501717040402VZCRVECAAXXX40812675430404021720N}{3:{108:SCONNECT}}{4:
:20:MI071217
:25:2222222222
:28C:0272/088
:60M:C071217VEB002168795231,07
:61:071217C000000050000,00NTRF000046823000//180007
PAGO
:61:071217C000001000000,00NTRF000046823803//180007
PAGO
:61:071217C000001000000,00NTRF000046823825//180007
PAGO
:61:071217C000000150000,00NTRF000015541908//180007
PAGO
:61:071217C000000005000,00NTRF000015542993//180007
PAGO
:61:071217C000000871200,72NTRF000000036367//180007
PAGO
:61:071217C000000500000,00NTRF000000839269//180007
PAGO
:61:071217C000000500000,00NTRF000000839263//180007
PAGO
:61:071217C000000300000,00NTRF000000837613//180007
PAGO
:62M:C071217VEB002173171431,79
-}{5:{CHK:1143FB20924B}}{S:{COP:S}}${1:F21VZCRVECAAXXX5410610696}{4:{177:0404021720}{451:0}}{1:F01VZCRVECAAXXX5410610696}{2:09501717040402VZCRVECAAXXX40812675430404021720N}{3:{108:SCONNECT}}{4:
:20:MI071217
:25:2222222222
:28C:0272/089
:60M:C071217VEB002173171431,79
:61:071217C000003360000,00NTRF000029600326//180007
PAGO
:61:071217C000003360000,00NTRF000029600502//180007
PAGO
:61:071217C000003360000,00NTRF000029600272//180007
PAGO
:61:071217C000005436536,30NTRF000071217029//180007
PAGO
:61:071217C000003360000,00NTRF000029600829//180007
PAGO
:61:071217C000003360000,00NTRF000029600666//180007
PAGO
:61:071217C000003360000,00NTRF000029600604//180007
PAGO
:61:071217C000003360000,00NTRF000029600635//180007
PAGO
:61:071217C000003360000,00NTRF000029600708//180007
PAGO
:62M:C071217VEB002205487968,09
-}{5:{CHK:1143FB20924B}}{S:{COP:S}}${1:F21VZCRVECAAXXX5410610696}{4:{177:0404021720}{451:0}}{1:F01VZCRVECAAXXX5410610696}{2:09501717040402VZCRVECAAXXX40812675430404021720N}{3:{108:SCONNECT}}{4:
:20:MI071217
:25:2222222222
:28C:0272/090
:60M:C071217VEB002205487968,09
:61:071217C000000500000,00NTRF000000000000//180007
PAGO
:61:071217C000000372000,00NTRF000014122007//180007
PAGO
:61:071217C000000040000,00NTRF000014122007//180007
PAGO
:61:071217C000000100000,00NTRF000000000000//180007
PAGO
:61:071217C000000035000,00NTRF000000000000//180007
PAGO
:61:071217C000000070000,00NTRF000000000000//180007
PAGO
:61:071217C000002136998,00NTRF000000000000//180007
PAGO
:61:071217C000002100000,00NTRF000000000000//180007
PAGO
:61:071217C000001995015,00NTRF000020025676//180007
PAGO
:62M:C071217VEB002212836981,09
-}{5:{CHK:1143FB20924B}}{S:{COP:S}}${1:F21VZCRVECAAXXX5410610696}{4:{177:0404021720}{451:0}}{1:F01VZCRVECAAXXX5410610696}{2:09501717040402VZCRVECAAXXX40812675430404021720N}{3:{108:SCONNECT}}{4:
:20:MI071217
:25:2222222222
:28C:0272/091
:60M:C071217VEB002212836981,09
:61:071217C000004241729,00NTRF000020011787//180007
PAGO
:61:071217C000000215537,50NTRF000000948032//180007
PAGO
:61:071217C000004121050,00NTRF000020011788//180007
PAGO
:61:071217C000245902222,22NTRF000000348705//180007
PAGO
:61:071217C000044892000,00NTRF000000000748//180007
PAGO
:61:071217C000000917025,00NTRF000020025719//180007
PAGO
:61:071217C000000170000,00NTRF000000635480//180007
PAGO
:61:071217C000000120000,00NTRF000000635520//180007
PAGO
:61:071217C000000360000,00NTRF000000634747//180007
PAGO
:62M:C071217VEB002513776544,81
-}{5:{CHK:1143FB20924B}}{S:{COP:S}}${1:F21VZCRVECAAXXX5410610696}{4:{177:0404021720}{451:0}}{1:F01VZCRVECAAXXX5410610696}{2:09501717040402VZCRVECAAXXX40812675430404021720N}{3:{108:SCONNECT}}{4:
:20:MI071217
:25:2222222222
:28C:0272/092
:60M:C071217VEB002513776544,81
:61:071217C000003638000,00NTRF000000634780//180007
PAGO
:61:071217C000001000000,00NTRF000000634852//180007
PAGO
:61:071217C000002000000,00NTRF000000634855//180007
PAGO
:61:071217C000000300000,00NTRF000000634867//180007
PAGO
:61:071217C000000800000,00NTRF000000634871//180007
PAGO
:61:071217C000000300000,00NTRF000000634911//180007
PAGO
:61:071217C000000585000,00NTRF000000634934//180007
PAGO
:61:071217C000001123000,00NTRF000000635031//180007
PAGO
:61:071217C000000550000,00NTRF000000635041//180007
PAGO
:62M:C071217VEB002524072544,81
-}{5:{CHK:1143FB20924B}}{S:{COP:S}}${1:F21VZCRVECAAXXX5410610696}{4:{177:0404021720}{451:0}}{1:F01VZCRVECAAXXX5410610696}{2:09501717040402VZCRVECAAXXX40812675430404021720N}{3:{108:SCONNECT}}{4:
:20:MI071217
:25:2222222222
:28C:0272/093
:60M:C071217VEB002524072544,81
:61:071217C000001800000,00NTRF000000635043//180007
PAGO
:61:071217C000002500000,00NTRF000000635081//180007
PAGO
:61:071217C000000500000,00NTRF000000635084//180007
PAGO
:61:071217C000000330000,00NTRF000015489364//180007
PAGO
:61:071217C000000657848,00NTRF000019811820//180007
PAGO
:61:071217C000003937080,00NTRF000005023001//180007
PAGO
:61:071217C000006577016,40NTRF000000120500//180007
PAGO
:61:071217C000011079810,00NTRF000005012001//180007
PAGO
:61:071217C000001300000,00NTRF000015488867//180007
PAGO
:62M:C071217VEB002552754299,21
-}{5:{CHK:1143FB20924B}}{S:{COP:S}}${1:F21VZCRVECAAXXX5410610696}{4:{177:0404021720}{451:0}}{1:F01VZCRVECAAXXX5410610696}{2:09501717040402VZCRVECAAXXX40812675430404021720N}{3:{108:SCONNECT}}{4:
:20:MI071217
:25:2222222222
:28C:0272/094
:60M:C071217VEB002552754299,21
:61:071217C000001500000,00NTRF000015467553//180007
PAGO
:61:071217C000000200000,00NTRF000015456458//180007
PAGO
:61:071217C000022075803,75NTRF000015484278//180007
PAGO
:61:071217C000017819211,92NTRF000000006489//180007
PAGO
:61:071217C000004107583,96NTRF000000006490//180007
PAGO
:61:071217C000010319411,76NTRF000099271017//180007
PAGO
:61:071217C000097724250,00NTRF000000154016//180007
PAGO
:61:071217C000002605000,00NTRF000015461231//180007
PAGO
:61:071217C000035489485,37NTRF000000000001//180007
PAGO
:62M:C071217VEB002744595045,97
-}{5:{CHK:1143FB20924B}}{S:{COP:S}}${1:F21VZCRVECAAXXX5410610696}{4:{177:0404021720}{451:0}}{1:F01VZCRVECAAXXX5410610696}{2:09501717040402VZCRVECAAXXX40812675430404021720N}{3:{108:SCONNECT}}{4:
:20:MI071217
:25:2222222222
:28C:0272/095
:60M:C071217VEB002744595045,97
:61:071217C000000500000,00NTRF000014122007//180007
PAGO
:61:071217C000000070000,00NTRF000014122007//180007
PAGO
:61:071217C000001000000,00NTRF000014122007//180007
PAGO
:61:071217C000000300000,00NTRF000014122007//180007
PAGO
:61:071217C000001000000,00NTRF000014122007//180007
PAGO
:61:071217C000000100000,00NTRF000014122007//180007
PAGO
:61:071217C000000100000,00NTRF000014122007//180007
PAGO
:61:071217C000000250000,00NTRF000014122007//180007
PAGO
:61:071217C000000672862,16NTRF000014122007//180007
PAGO
:62M:C071217VEB002748587908,13
-}{5:{CHK:1143FB20924B}}{S:{COP:S}}${1:F21VZCRVECAAXXX5410610696}{4:{177:0404021720}{451:0}}{1:F01VZCRVECAAXXX5410610696}{2:09501717040402VZCRVECAAXXX40812675430404021720N}{3:{108:SCONNECT}}{4:
:20:MI071217
:25:2222222222
:28C:0272/096
:60M:C071217VEB002748587908,13
:61:071217C000000049000,00NTRF000014122007//180007
PAGO
:61:071217C000000500000,00NTRF000014122007//180007
PAGO
:61:071217C000000500000,00NTRF000014122007//180007
PAGO
:61:071217C000000072000,00NTRF000014122007//180007
PAGO
:61:071217C000000100000,00NTRF000014122007//180007
PAGO
:61:071217C000001000000,00NTRF000000625973//180007
PAGO
:61:071217C000000650000,00NTRF000000626046//180007
PAGO
:61:071217C000001610000,00NTRF000000626059//180007
PAGO
:61:071217C000000200000,00NTRF000000625402//180007
PAGO
:62M:C071217VEB002753268908,13
-}{5:{CHK:1143FB20924B}}{S:{COP:S}}${1:F21VZCRVECAAXXX5410610696}{4:{177:0404021720}{451:0}}{1:F01VZCRVECAAXXX5410610696}{2:09501717040402VZCRVECAAXXX40812675430404021720N}{3:{108:SCONNECT}}{4:
:20:MI071217
:25:2222222222
:28C:0272/097
:60M:C071217VEB002753268908,13
:61:071217C000000800000,00NTRF000000625411//180007
PAGO
:61:071217C000002000000,00NTRF000000625426//180007
PAGO
:61:071217C000004000000,00NTRF000000625501//180007
PAGO
:61:071217C000001540000,00NTRF000000625538//180007
PAGO
:61:071217C000001000000,00NTRF000000625541//180007
PAGO
:61:071217C000000100000,00NTRF000000625563//180007
PAGO
:61:071217C000000275116,00NTRF000000625718//180007
PAGO
:61:071217C000000150000,00NTRF000000625729//180007
PAGO
:61:071217C000000206000,00NTRF000000625755//180007
PAGO
:62M:C071217VEB002763340024,13
-}{5:{CHK:1143FB20924B}}{S:{COP:S}}${1:F21VZCRVECAAXXX5410610696}{4:{177:0404021720}{451:0}}{1:F01VZCRVECAAXXX5410610696}{2:09501717040402VZCRVECAAXXX40812675430404021720N}{3:{108:SCONNECT}}{4:
:20:MI071217
:25:2222222222
:28C:0272/098
:60M:C071217VEB002763340024,13
:61:071217C000003000000,00NTRF000000625765//180007
PAGO
:61:071217C000003000000,00NTRF000000625781//180007
PAGO
:61:071217C000000400000,00NTRF000046830066//180007
PAGO
:61:071217C000000090000,00NTRF000046830361//180007
PAGO
:61:071217C000000023000,00NTRF000046830980//180007
PAGO
:61:071217C000003000000,00NTRF000046831050//180007
PAGO
:61:071217C000000851428,57NTRF000046831912//180007
PAGO
:61:071217C000000544300,00NTRF000046832144//180007
PAGO
:61:071217C000000150000,00NTRF000046832483//180007
PAGO
:62M:C071217VEB002774398752,70
-}{5:{CHK:1143FB20924B}}{S:{COP:S}}${1:F21VZCRVECAAXXX5410610696}{4:{177:0404021720}{451:0}}{1:F01VZCRVECAAXXX5410610696}{2:09501717040402VZCRVECAAXXX40812675430404021720N}{3:{108:SCONNECT}}{4:
:20:MI071217
:25:2222222222
:28C:0272/099
:60M:C071217VEB002774398752,70
:61:071217C000000082700,00NTRF000046832494//180007
PAGO
:61:071217C000000250000,00NTRF000046832811//180007
PAGO
:61:071217C000000175000,00NTRF000046843856//180007
PAGO
:61:071217C000000450000,00NTRF000046845945//180007
PAGO
:61:071217C000002000000,00NTRF000046846332//180007
PAGO
:61:071217C000000900000,00NTRF000046847710//180007
PAGO
:61:071217C000004000000,00NTRF000046852013//180007
PAGO
:61:071217C000002250000,00NTRF000046854581//180007
PAGO
:61:071217C000000476649,56NTRF000071217022//180007
PAGO
:62M:C071217VEB002784983102,26
-}{5:{CHK:1143FB20924B}}{S:{COP:S}}${1:F21VZCRVECAAXXX5410610696}{4:{177:0404021720}{451:0}}{1:F01VZCRVECAAXXX5410610696}{2:09501717040402VZCRVECAAXXX40812675430404021720N}{3:{108:SCONNECT}}{4:
:20:MI071217
:25:2222222222
:28C:0272/100
:60M:C071217VEB002784983102,26
:61:071217C000003360000,00NTRF000029600197//180007
PAGO
:61:071217C000003360000,00NTRF000029600918//180007
PAGO
:61:071217C000000395000,00NTRF000042403692//180007
PAGO
:61:071217C000000100000,00NTRF000082355957//180007
PAGO
:61:071217C000000871200,72NTRF000000036387//180007
PAGO
:61:071217C000001603009,33NTRF000000036394//180007
PAGO
:61:071217C000000900000,00NTRF000000096103//180007
PAGO
:61:071217C000001500000,00NTRF000000205741//180007
PAGO
:61:071217C000000500000,00NTRF000000176397//180007
PAGO
:62M:C071217VEB002797572312,31
-}{5:{CHK:1143FB20924B}}{S:{COP:S}}${1:F21VZCRVECAAXXX5410610696}{4:{177:0404021720}{451:0}}{1:F01VZCRVECAAXXX5410610696}{2:09501717040402VZCRVECAAXXX40812675430404021720N}{3:{108:SCONNECT}}{4:
:20:MI071217
:25:2222222222
:28C:0272/101
:60M:C071217VEB002797572312,31
:61:071217C000000530000,00NTRF000000233116//180007
PAGO
:61:071217C000001215000,00NTRF000000221016//180007
PAGO
:61:071217C000002000000,00NTRF000000224104//180007
PAGO
:61:071217C000000200000,00NTRF000000060502//180007
PAGO
:61:071217C000001000000,00NTRF000000071761//180007
PAGO
:61:071217C000009616757,15NTRF000046705675//180007
PAGO
:61:071217C000000323946,00NTRF000020025740//180007
PAGO
:61:071217C000020206260,00NTRF000000011942//180007
PAGO
:61:071217C000004972400,00NTRF000000948021//180007
PAGO
:62M:C071217VEB002837636675,46
-}{5:{CHK:1143FB20924B}}{S:{COP:S}}${1:F21VZCRVECAAXXX5410610696}{4:{177:0404021720}{451:0}}{1:F01VZCRVECAAXXX5410610696}{2:09501717040402VZCRVECAAXXX40812675430404021720N}{3:{108:SCONNECT}}{4:
:20:MI071217
:25:2222222222
:28C:0272/102
:60M:C071217VEB002837636675,46
:61:071217C000011252637,44NTRF000003487055//180007
PAGO
:61:071217C000029175000,00NTRF000084651051//180007
PAGO
:61:071217C000005303225,00NTRF000000948042//180007
PAGO
:61:071217C000007608975,00NTRF000084531051//180007
PAGO
:61:071217C000001046836,00NTRF000020025718//180007
PAGO
:61:071217C000008600000,00NTRF000020025808//180007
PAGO
:61:071217C000034440887,00NTRF000020025656//180007
PAGO
:61:071217C000000918000,00NTRF000020025664//180007
PAGO
:61:071217C000042921035,00NTRF000020025602//180007
PAGO
:62M:C071217VEB002978903270,90
-}{5:{CHK:1143FB20924B}}{S:{COP:S}}${1:F21VZCRVECAAXXX5410610696}{4:{177:0404021720}{451:0}}{1:F01VZCRVECAAXXX5410610696}{2:09501717040402VZCRVECAAXXX40812675430404021720N}{3:{108:SCONNECT}}{4:
:20:MI071217
:25:2222222222
:28C:0272/103
:60M:C071217VEB002978903270,90
:61:071217C000058500000,00NTRF000020025604//180007
PAGO
:61:071217C000001983850,19NTRF000000000700//180007
PAGO
:61:071217C000000500000,00NTRF000000634539//180007
PAGO
:61:071217C000000075500,00NTRF000000634545//180007
PAGO
:61:071217C000004000000,00NTRF000000634548//180007
PAGO
:61:071217C000000850000,00NTRF000000634553//180007
PAGO
:61:071217C000001250000,00NTRF000000634563//180007
PAGO
:61:071217C000005000000,00NTRF000000634598//180007
PAGO
:61:071217C000003750000,00NTRF000000634602//180007
PAGO
:62M:C071217VEB003054812621,09
-}{5:{CHK:1143FB20924B}}{S:{COP:S}}${1:F21VZCRVECAAXXX5410610696}{4:{177:0404021720}{451:0}}{1:F01VZCRVECAAXXX5410610696}{2:09501717040402VZCRVECAAXXX40812675430404021720N}{3:{108:SCONNECT}}{4:
:20:MI071217
:25:2222222222
:28C:0272/104
:60M:C071217VEB003054812621,09
:61:071217C000001500000,00NTRF000000634642//180007
PAGO
:61:071217C000000500000,00NTRF000000634649//180007
PAGO
:61:071217C000000150000,00NTRF000000634701//180007
PAGO
:61:071217C000003000000,00NTRF000000634704//180007
PAGO
:61:071217C000000650000,00NTRF000000634710//180007
PAGO
:61:071217C000000500000,00NTRF000000634714//180007
PAGO
:61:071217C000001800000,00NTRF000000634104//180007
PAGO
:61:071217C000002000000,00NTRF000000634226//180007
PAGO
:61:071217C000009408937,50NTRF000000000001//180007
PAGO
:62M:C071217VEB003074321558,59
-}{5:{CHK:1143FB20924B}}{S:{COP:S}}${1:F21VZCRVECAAXXX5410610696}{4:{177:0404021720}{451:0}}{1:F01VZCRVECAAXXX5410610696}{2:09501717040402VZCRVECAAXXX40812675430404021720N}{3:{108:SCONNECT}}{4:
:20:MI071217
:25:2222222222
:28C:0272/105
:60M:C071217VEB003074321558,59
:61:071217C000013483212,44NTRF000000000001//180007
PAGO
:61:071217C000002422497,50NTRF000000000001//180007
PAGO
:61:071217C000006796792,50NTRF000015427403//180007
PAGO
:61:071217C000004635360,00NTRF000015486684//180007
PAGO
:61:071217C000002500000,00NTRF000015511910//180007
PAGO
:61:071217C000001000000,00NTRF000015530216//180007
PAGO
:61:071217C000019507172,21NTRF000000000029//180007
PAGO
:61:071217C000380895966,00NTRF000015476244//180007
PAGO
:61:071217C000113243000,00NTRF000000238242//180007
PAGO
:62M:C071217VEB003618805559,24
-}{5:{CHK:1143FB20924B}}{S:{COP:S}}${1:F21VZCRVECAAXXX5410610696}{4:{177:0404021720}{451:0}}{1:F01VZCRVECAAXXX5410610696}{2:09501717040402VZCRVECAAXXX40812675430404021720N}{3:{108:SCONNECT}}{4:
:20:MI071217
:25:2222222222
:28C:0272/106
:60M:C071217VEB003618805559,24
:61:071217C000003763587,82NTRF000000000001//180007
PAGO
:61:071217C000000115200,00NTRF000019790597//180007
PAGO
:61:071217C000002747640,00NTRF000015785560//180007
PAGO
:61:071217C000004080889,83NTRF000000006431//180007
PAGO
:61:071217C000005515889,41NTRF000000000001//180007
PAGO
:61:071217C000000366000,00NTRF000014122007//180007
PAGO
:61:071217C000000300000,00NTRF000014122007//180007
PAGO
:61:071217C000000500000,00NTRF000014122007//180007
PAGO
:61:071217C000000500000,00NTRF000000623954//180007
PAGO
:62M:C071217VEB003636694766,30
-}{5:{CHK:1143FB20924B}}{S:{COP:S}}${1:F21VZCRVECAAXXX5410610696}{4:{177:0404021720}{451:0}}{1:F01VZCRVECAAXXX5410610696}{2:09501717040402VZCRVECAAXXX40812675430404021720N}{3:{108:SCONNECT}}{4:
:20:MI071217
:25:2222222222
:28C:0272/107
:60M:C071217VEB003636694766,30
:61:071217C000003000000,00NTRF000000623994//180007
PAGO
:61:071217C000002000000,00NTRF000000623276//180007
PAGO
:61:071217C000005000000,00NTRF000000623323//180007
PAGO
:61:071217C000005000000,00NTRF000000623329//180007
PAGO
:61:071217C000005000000,00NTRF000000623344//180007
PAGO
:61:071217C000000300000,00NTRF000000623359//180007
PAGO
:61:071217C000004000000,00NTRF000000623360//180007
PAGO
:61:071217C000000150000,00NTRF000000623390//180007
PAGO
:61:071217C000014243999,98NTRF000002281588//180007
PAGO
:62M:C071217VEB003675388766,28
-}{5:{CHK:1143FB20924B}}{S:{COP:S}}${1:F21VZCRVECAAXXX5410610696}{4:{177:0404021720}{451:0}}{1:F01VZCRVECAAXXX5410610696}{2:09501717040402VZCRVECAAXXX40812675430404021720N}{3:{108:SCONNECT}}{4:
:20:MI071217
:25:2222222222
:28C:0272/108
:60M:C071217VEB003675388766,28
:61:071217C000001412926,29NTRF000002281589//180007
PAGO
:61:071217C000000700000,00NTRF000000623538//180007
PAGO
:61:071217C000000300000,00NTRF000000625787//180007
PAGO
:61:071217C000001000000,00NTRF000000625142//180007
PAGO
:61:071217C000000307395,00NTRF000000625244//180007
PAGO
:61:071217C000000307395,00NTRF000000625252//180007
PAGO
:61:071217C000000200000,00NTRF000000625263//180007
PAGO
:61:071217C000000500000,00NTRF000000625270//180007
PAGO
:61:071217C000000250000,00NTRF000000625291//180007
PAGO
:62M:C071217VEB003680366482,57
-}{5:{CHK:1143FB20924B}}{S:{COP:S}}${1:F21VZCRVECAAXXX5410610696}{4:{177:0404021720}{451:0}}{1:F01VZCRVECAAXXX5410610696}{2:09501717040402VZCRVECAAXXX40812675430404021720N}{3:{108:SCONNECT}}{4:
:20:MI071217
:25:2222222222
:28C:0272/109
:60M:C071217VEB003680366482,57
:61:071217C000002000000,00NTRF000000625316//180007
PAGO
:61:071217C000004200000,00NTRF000000625322//180007
PAGO
:61:071217C000002100000,00NTRF000000625334//180007
PAGO
:61:071217C000000250000,00NTRF000000625351//180007
PAGO
:61:071217C000005000000,00NTRF000000625376//180007
PAGO
:61:071217C000000700000,00NTRF000000625383//180007
PAGO
:61:071217C000000760000,00NTRF000000625400//180007
PAGO
:61:071217C000000900000,00NTRF000000624840//180007
PAGO
:61:071217C000002000000,00NTRF000046855222//180007
PAGO
:62M:C071217VEB003698276482,57
-}{5:{CHK:1143FB20924B}}{S:{COP:S}}${1:F21VZCRVECAAXXX5410610696}{4:{177:0404021720}{451:0}}{1:F01VZCRVECAAXXX5410610696}{2:09501717040402VZCRVECAAXXX40812675430404021720N}{3:{108:SCONNECT}}{4:
:20:MI071217
:25:2222222222
:28C:0272/110
:60M:C071217VEB003698276482,57
:61:071217C000003000000,00NTRF000046829392//180007
PAGO
:61:071217C000002500000,00NTRF000046829403//180007
PAGO
:61:071217C000000500000,00NTRF000046842972//180007
PAGO
:61:071217C000000800000,00NTRF000046838982//180007
PAGO
:61:071217C000002500000,00NTRF000046837770//180007
PAGO
:61:071217C000001960400,00NTRF000046864296//180007
PAGO
:61:071217C000001500000,00NTRF000046862406//180007
PAGO
:61:071217C000002225538,20NTRF000046858593//180007
PAGO
:61:071217C000002414938,12NTRF000046858324//180007
PAGO
:62M:C071217VEB003715677358,89
-}{5:{CHK:1143FB20924B}}{S:{COP:S}}${1:F21VZCRVECAAXXX5410610696}{4:{177:0404021720}{451:0}}{1:F01VZCRVECAAXXX5410610696}{2:09501717040402VZCRVECAAXXX40812675430404021720N}{3:{108:SCONNECT}}{4:
:20:MI071217
:25:2222222222
:28C:0272/111
:60M:C071217VEB003715677358,89
:61:071217C000001227000,00NTRF000046856876//180007
PAGO
:61:071217C000001250000,00NTRF000046856795//180007
PAGO
:61:071217C000000280000,00NTRF000012448993//180007
PAGO
:61:071217C000000100000,00NTRF000012448877//180007
PAGO
:61:071217C000005000000,00NTRF000012449205//180007
PAGO
:61:071217C000002000000,00NTRF000000052150//180007
PAGO
:61:071217C000006750000,00NTRF000000019727//180007
PAGO
:61:071217C000001000000,00NTRF000000019679//180007
PAGO
:61:071217C000005580000,00NTRF000000019680//180007
PAGO
:62M:C071217VEB003738864358,89
-}{5:{CHK:1143FB20924B}}{S:{COP:S}}${1:F21VZCRVECAAXXX5410610696}{4:{177:0404021720}{451:0}}{1:F01VZCRVECAAXXX5410610696}{2:09501717040402VZCRVECAAXXX40812675430404021720N}{3:{108:SCONNECT}}{4:
:20:MI071217
:25:2222222222
:28C:0272/112
:60M:C071217VEB003738864358,89
:61:071217C000000300000,00NTRF000000019460//180007
PAGO
:61:071217C000001500000,00NTRF000000019428//180007
PAGO
:61:071217C000000500000,00NTRF000000019369//180007
PAGO
:61:071217C000001600000,00NTRF000000019330//180007
PAGO
:61:071217C000000100000,00NTRF000000019339//180007
PAGO
:61:071217C000001870000,00NTRF000000019282//180007
PAGO
:61:071217C000002181638,33NTRF000000019268//180007
PAGO
:61:071217C000004500000,00NTRF000000019270//180007
PAGO
:61:071217C000003525041,67NTRF000000019271//180007
PAGO
:62M:C071217VEB003754941038,89
-}{5:{CHK:1143FB20924B}}{S:{COP:S}}${1:F21VZCRVECAAXXX5410610696}{4:{177:0404021720}{451:0}}{1:F01VZCRVECAAXXX5410610696}{2:09501717040402VZCRVECAAXXX40812675430404021720N}{3:{108:SCONNECT}}{4:
:20:MI071217
:25:2222222222
:28C:0272/113
:60M:C071217VEB003754941038,89
:61:071217C000000377000,00NTRF000000019195//180007
PAGO
:61:071217C000000433232,81NTRF000000019172//180007
PAGO
:61:071217C000002907250,00NTRF000000000295//180007
PAGO
:61:071217C000101398239,00NTRF000020025643//180007
PAGO
:61:071217C000000080495,00NTRF000020011779//180007
PAGO
:61:071217C000000080812,00NTRF000020025636//180007
PAGO
:61:071217C000750000000,00NTRF000000071210//180007
PAGO
:61:071217C000150000000,00NTRF000000071207//180007
PAGO
:61:071217C000028309475,00NTRF000000002136//180007
PAGO
:62M:C071217VEB004788527542,70
-}{5:{CHK:1143FB20924B}}{S:{COP:S}}${1:F21VZCRVECAAXXX5410610696}{4:{177:0404021720}{451:0}}{1:F01VZCRVECAAXXX5410610696}{2:09501717040402VZCRVECAAXXX40812675430404021720N}{3:{108:SCONNECT}}{4:
:20:MI071217
:25:2222222222
:28C:0272/114
:60M:C071217VEB004788527542,70
:61:071217C000005637205,32NTRF000000002161//180007
PAGO
:61:071217C000000501600,00NTRF000000101528//180007
PAGO
:61:071217C000001079025,00NTRF000000101529//180007
PAGO
:61:071217C000001709580,00NTRF000000101530//180007
PAGO
:61:071217C000370000000,00NTRF000000071211//180007
PAGO
:61:071217C000000863746,00NTRF000000101527//180007
PAGO
:61:071217C000023405367,50NTRF000000321455//180007
PAGO
:61:071217C000032425641,95NTRF000000948083//180007
PAGO
:61:071217C000001000000,00NTRF000000634230//180007
PAGO
:62M:C071217VEB005225149708,47
-}{5:{CHK:1143FB20924B}}{S:{COP:S}}${1:F21VZCRVECAAXXX5410610696}{4:{177:0404021720}{451:0}}{1:F01VZCRVECAAXXX5410610696}{2:09501717040402VZCRVECAAXXX40812675430404021720N}{3:{108:SCONNECT}}{4:
:20:MI071217
:25:2222222222
:28C:0272/115
:60M:C071217VEB005225149708,47
:61:071217C000000400000,00NTRF000000634238//180007
PAGO
:61:071217C000000544041,67NTRF000000634251//180007
PAGO
:61:071217C000000100000,00NTRF000000634263//180007
PAGO
:61:071217C000003150000,00NTRF000000634329//180007
PAGO
:61:071217C000003000000,00NTRF000000634366//180007
PAGO
:61:071217C000001500000,00NTRF000000634380//180007
PAGO
:61:071217C000002000000,00NTRF000000634442//180007
PAGO
:61:071217C000001800000,00NTRF000000634460//180007
PAGO
:61:071217C000000500000,00NTRF000000634474//180007
PAGO
:62M:C071217VEB005238143750,14
-}{5:{CHK:1143FB20924B}}{S:{COP:S}}${1:F21VZCRVECAAXXX5410610696}{4:{177:0404021720}{451:0}}{1:F01VZCRVECAAXXX5410610696}{2:09501717040402VZCRVECAAXXX40812675430404021720N}{3:{108:SCONNECT}}{4:
:20:MI071217
:25:2222222222
:28C:0272/116
:60M:C071217VEB005238143750,14
:61:071217C000000050000,00NTRF000000634487//180007
PAGO
:61:071217C000000175000,00NTRF000000633462//180007
PAGO
:61:071217C000000350000,00NTRF000000633463//180007
PAGO
:61:071217C000000150000,00NTRF000000633476//180007
PAGO
:61:071217C000000025000,00NTRF000000633643//180007
PAGO
:61:071217C000009266074,96NTRF000000000001//180007
PAGO
:61:071217C000000483750,00NTRF000015468189//180007
PAGO
:61:071217C000005000000,00NTRF000015429633//180007
PAGO
:61:071217C000000500000,00NTRF000015470624//180007
PAGO
:62M:C071217VEB005254143575,10
-}{5:{CHK:1143FB20924B}}{S:{COP:S}}${1:F21VZCRVECAAXXX5410610696}{4:{177:0404021720}{451:0}}{1:F01VZCRVECAAXXX5410610696}{2:09501717040402VZCRVECAAXXX40812675430404021720N}{3:{108:SCONNECT}}{4:
:20:MI071217
:25:2222222222
:28C:0272/117
:60M:C071217VEB005254143575,10
:61:071217C000002403000,00NTRF000015467306//180007
PAGO
:61:071217C000000100000,00NTRF000015471924//180007
PAGO
:61:071217C000000055000,00NTRF000015474906//180007
PAGO
:61:071217C000000300000,00NTRF000015474858//180007
PAGO
:61:071217C000000450000,00NTRF000015475571//180007
PAGO
:61:071217C000000400000,00NTRF000015476177//180007
PAGO
:61:071217C000000390000,00NTRF000015476625//180007
PAGO
:61:071217C000000077000,00NTRF000015480328//180007
PAGO
:61:071217C000000300000,00NTRF000015480497//180007
PAGO
:62M:C071217VEB005258618575,10
-}{5:{CHK:1143FB20924B}}{S:{COP:S}}${1:F21VZCRVECAAXXX5410610696}{4:{177:0404021720}{451:0}}{1:F01VZCRVECAAXXX5410610696}{2:09501717040402VZCRVECAAXXX40812675430404021720N}{3:{108:SCONNECT}}{4:
:20:MI071217
:25:2222222222
:28C:0272/118
:60M:C071217VEB005258618575,10
:61:071217C000000100000,00NTRF000015481728//180007
PAGO
:61:071217C000005500000,00NTRF000015482650//180007
PAGO
:61:071217C000000400000,00NTRF000000623638//180007
PAGO
:61:071217C000000500000,00NTRF000000623647//180007
PAGO
:61:071217C000000400000,00NTRF000000623652//180007
PAGO
:61:071217C000000007400,00NTRF000000623201//180007
PAGO
:61:071217C000000500000,00NTRF000000628026//180007
PAGO
:61:071217C000000600000,00NTRF000000628078//180007
PAGO
:61:071217C000000500000,00NTRF000000628109//180007
PAGO
:62M:C071217VEB005267125975,10
-}{5:{CHK:1143FB20924B}}{S:{COP:S}}${1:F21VZCRVECAAXXX5410610696}{4:{177:0404021720}{451:0}}{1:F01VZCRVECAAXXX5410610696}{2:09501717040402VZCRVECAAXXX40812675430404021720N}{3:{108:SCONNECT}}{4:
:20:MI071217
:25:2222222222
:28C:0272/119
:60M:C071217VEB005267125975,10
:61:071217C000000500000,00NTRF000000628215//180007
PAGO
:61:071217C000001000000,00NTRF000000628354//180007
PAGO
:61:071217C000000050000,00NTRF000000628368//180007
PAGO
:61:071217C000001700000,00NTRF000000628372//180007
PAGO
:61:071217C000002041251,60NTRF000003533790//180007
PAGO
:61:071217C000068188132,04NTRF000003533875//180007
PAGO
:61:071217C000007201045,80NTRF000003533893//180007
PAGO
:61:071217C000000250000,00NTRF000000624894//180007
PAGO
:61:071217C000005500000,00NTRF000000624959//180007
PAGO
:62M:C071217VEB005353556404,54
-}{5:{CHK:1143FB20924B}}{S:{COP:S}}${1:F21VZCRVECAAXXX5410610696}{4:{177:0404021720}{451:0}}{1:F01VZCRVECAAXXX5410610696}{2:09501717040402VZCRVECAAXXX40812675430404021720N}{3:{108:SCONNECT}}{4:
:20:MI071217
:25:2222222222
:28C:0272/120
:60M:C071217VEB005353556404,54
:61:071217C000000336000,00NTRF000000624966//180007
PAGO
:61:071217C000000400000,00NTRF000000624969//180007
PAGO
:61:071217C000000060000,00NTRF000000625061//180007
PAGO
:61:071217C000001000000,00NTRF000000625067//180007
PAGO
:61:071217C000001000000,00NTRF000000625076//180007
PAGO
:61:071217C000001000000,00NTRF000000625079//180007
PAGO
:61:071217C000000500000,00NTRF000000625097//180007
PAGO
:61:071217C000001000000,00NTRF000000625117//180007
PAGO
:61:071217C000001000000,00NTRF000000625122//180007
PAGO
:62M:C071217VEB005359852404,54
-}{5:{CHK:1143FB20924B}}{S:{COP:S}}${1:F21VZCRVECAAXXX5410610696}{4:{177:0404021720}{451:0}}{1:F01VZCRVECAAXXX5410610696}{2:09501717040402VZCRVECAAXXX40812675430404021720N}{3:{108:SCONNECT}}{4:
:20:MI071217
:25:2222222222
:28C:0272/121
:60M:C071217VEB005359852404,54
:61:071217C000000386000,00NTRF000000625129//180007
PAGO
:61:071217C000000100000,00NTRF000000624322//180007
PAGO
:61:071217C000000300000,00NTRF000000624327//180007
PAGO
:61:071217C000000200000,00NTRF000000624396//180007
PAGO
:61:071217C000000800000,00NTRF000011958862//180007
PAGO
:61:071217C000000180000,00NTRF000012448826//180007
PAGO
:61:071217C000000100000,00NTRF000012448602//180007
PAGO
:61:071217C000006496000,00NTRF000012448469//180007
PAGO
:61:071217C000000185569,31NTRF000012448415//180007
PAGO
:62M:C071217VEB005368599973,85
-}{5:{CHK:1143FB20924B}}{S:{COP:S}}${1:F21VZCRVECAAXXX5410610696}{4:{177:0404021720}{451:0}}{1:F01VZCRVECAAXXX5410610696}{2:09501717040402VZCRVECAAXXX40812675430404021720N}{3:{108:SCONNECT}}{4:
:20:MI071217
:25:2222222222
:28C:0272/122
:60M:C071217VEB005368599973,85
:61:071217C000000130000,00NTRF000012448306//180007
PAGO
:61:071217C000004624000,22NTRF000012448405//180007
PAGO
:61:071217C000000100000,00NTRF000012448616//180007
PAGO
:61:071217C000024225000,00NTRF000012448716//180007
PAGO
:61:071217C000001000000,00NTRF000012448706//180007
PAGO
:61:071217C000000220000,00NTRF000012448825//180007
PAGO
:61:071217C000000150000,00NTRF000012446928//180007
PAGO
:61:071217C000000500000,00NTRF000012447072//180007
PAGO
:61:071217C000000500000,00NTRF000012446923//180007
PAGO
:62M:C071217VEB005400048974,07
-}{5:{CHK:1143FB20924B}}{S:{COP:S}}${1:F21VZCRVECAAXXX5410610696}{4:{177:0404021720}{451:0}}{1:F01VZCRVECAAXXX5410610696}{2:09501717040402VZCRVECAAXXX40812675430404021720N}{3:{108:SCONNECT}}{4:
:20:MI071217
:25:2222222222
:28C:0272/123
:60M:C071217VEB005400048974,07
:61:071217C000000220000,00NTRF000012447293//180007
PAGO
:61:071217C000000160000,00NTRF000000019116//180007
PAGO
:61:071217C000001100000,00NTRF000000019119//180007
PAGO
:61:071217C000000750000,00NTRF000000019127//180007
PAGO
:61:071217C000002171700,00NTRF000000018912//180007
PAGO
:61:071217C000000280000,00NTRF000000018778//180007
PAGO
:61:071217C000001000000,00NTRF000000018645//180007
PAGO
:61:071217C000000725648,00NTRF000000018607//180007
PAGO
:61:071217C000000300000,00NTRF000000019732//180007
PAGO
:62M:C071217VEB005406756322,07
-}{5:{CHK:1143FB20924B}}{S:{COP:S}}${1:F21VZCRVECAAXXX5410610696}{4:{177:0404021720}{451:0}}{1:F01VZCRVECAAXXX5410610696}{2:09501717040402VZCRVECAAXXX40812675430404021720N}{3:{108:SCONNECT}}{4:
:20:MI071217
:25:2222222222
:28C:0272/124
:60M:C071217VEB005406756322,07
:61:071217C000000143000,00NTRF000000019779//180007
PAGO
:61:071217C000004500000,00NTRF000000020740//180007
PAGO
:61:071217C000002790000,00NTRF000000020633//180007
PAGO
:61:071217C000003500000,00NTRF000000020469//180007
PAGO
:61:071217C000001000000,00NTRF000000020239//180007
PAGO
:61:071217C000010000000,00NTRF000000020128//180007
PAGO
:61:071217C000001793846,11NTRF000000019903//180007
PAGO
:61:071217C000025000000,00NTRF000020000001//180007
PAGO
:61:071217C000000400066,00NTRF000020025623//180007
PAGO
:62M:C071217VEB005455883234,18
-}{5:{CHK:1143FB20924B}}{S:{COP:S}}${1:F21VZCRVECAAXXX5410610696}{4:{177:0404021720}{451:0}}{1:F01VZCRVECAAXXX5410610696}{2:09501717040402VZCRVECAAXXX40812675430404021720N}{3:{108:SCONNECT}}{4:
:20:MI071217
:25:2222222222
:28C:0272/125
:60M:C071217VEB005455883234,18
:61:071217C000000190519,00NTRF000020025720//180007
PAGO
:61:071217C000000303000,00NTRF000000013891//180007
PAGO
:61:071217C000000347958,70NTRF000000013897//180007
PAGO
:61:071217C000003515355,61NTRF000000013901//180007
PAGO
:61:071217C000000350000,00NTRF000016122007//180007
PAGO
:61:071217C000000337500,00NTRF000016122007//180007
PAGO
:61:071217C000001000000,00NTRF000015122007//180007
PAGO
:61:071217C000000200000,00NTRF000015122007//180007
PAGO
:61:071217C000000500000,00NTRF000015122007//180007
PAGO
:62M:C071217VEB005462627567,49
-}{5:{CHK:1143FB20924B}}{S:{COP:S}}${1:F21VZCRVECAAXXX5410610696}{4:{177:0404021720}{451:0}}{1:F01VZCRVECAAXXX5410610696}{2:09501717040402VZCRVECAAXXX40812675430404021720N}{3:{108:SCONNECT}}{4:
:20:MI071217
:25:2222222222
:28C:0272/126
:60M:C071217VEB005462627567,49
:61:071217C000000080000,00NTRF000015122007//180007
PAGO
:61:071217C000000080000,00NTRF000015122007//180007
PAGO
:61:071217C000002315706,35NTRF000015122007//180007
PAGO
:61:071217C000000075000,00NTRF000015122007//180007
PAGO
:61:071217C000001000000,00NTRF000000633742//180007
PAGO
:61:071217C000003640000,00NTRF000000633837//180007
PAGO
:61:071217C000000060000,00NTRF000000633843//180007
PAGO
:61:071217C000000245000,00NTRF000000633897//180007
PAGO
:61:071217C000000500000,00NTRF000000633953//180007
PAGO
:62M:C071217VEB005470623273,84
-}{5:{CHK:1143FB20924B}}{S:{COP:S}}${1:F21VZCRVECAAXXX5410610696}{4:{177:0404021720}{451:0}}{1:F01VZCRVECAAXXX5410610696}{2:09501717040402VZCRVECAAXXX40812675430404021720N}{3:{108:SCONNECT}}{4:
:20:MI071217
:25:2222222222
:28C:0272/127
:60M:C071217VEB005470623273,84
:61:071217C000002500000,00NTRF000000633962//180007
PAGO
:61:071217C000000200000,00NTRF000000633985//180007
PAGO
:61:071217C000000500000,00NTRF000000634060//180007
PAGO
:61:071217C000000500000,00NTRF000000634066//180007
PAGO
:61:071217C000000300000,00NTRF000000633231//180007
PAGO
:61:071217C000001806343,00NTRF000000633236//180007
PAGO
:61:071217C000002000000,00NTRF000000633256//180007
PAGO
:61:071217C000017374000,00NTRF000000633290//180007
PAGO
:61:071217C000000600000,00NTRF000000633326//180007
PAGO
:62M:C071217VEB005496403616,84
-}{5:{CHK:1143FB20924B}}{S:{COP:S}}${1:F21VZCRVECAAXXX5410610696}{4:{177:0404021720}{451:0}}{1:F01VZCRVECAAXXX5410610696}{2:09501717040402VZCRVECAAXXX40812675430404021720N}{3:{108:SCONNECT}}{4:
:20:MI071217
:25:2222222222
:28C:0272/128
:60M:C071217VEB005496403616,84
:61:071217C000000600000,00NTRF000000633333//180007
PAGO
:61:071217C000000800000,00NTRF000015482588//180007
PAGO
:61:071217C000000700000,00NTRF000015470838//180007
PAGO
:61:071217C000003000000,00NTRF000015468348//180007
PAGO
:61:071217C000000125000,00NTRF000015539796//180007
PAGO
:61:071217C000000500000,00NTRF000015476827//180007
PAGO
:61:071217C000000260000,00NTRF000015477160//180007
PAGO
:61:071217C000000150000,00NTRF000015478140//180007
PAGO
:61:071217C000001008000,00NTRF000015478382//180007
PAGO
:62M:C071217VEB005503546616,84
-}{5:{CHK:1143FB20924B}}{S:{COP:S}}${1:F21VZCRVECAAXXX5410610696}{4:{177:0404021720}{451:0}}{1:F01VZCRVECAAXXX5410610696}{2:09501717040402VZCRVECAAXXX40812675430404021720N}{3:{108:SCONNECT}}{4:
:20:MI071217
:25:2222222222
:28C:0272/129
:60M:C071217VEB005503546616,84
:61:071217C000000200000,00NTRF000015483714//180007
PAGO
:61:071217C000001500000,00NTRF000015484141//180007
PAGO
:61:071217C000000641198,51NTRF000015484533//180007
PAGO
:61:071217C000003200000,00NTRF000015486318//180007
PAGO
:61:071217C000000060000,00NTRF000015487288//180007
PAGO
:61:071217C000000100000,00NTRF000015471475//180007
PAGO
:61:071217C000000015200,00NTRF000015471244//180007
PAGO
:61:071217C000004467157,50NTRF000003533894//180007
PAGO
:61:071217C000002483134,66NTRF000003533895//180007
PAGO
:62M:C071217VEB005516213307,51
-}{5:{CHK:1143FB20924B}}{S:{COP:S}}${1:F21VZCRVECAAXXX5410610696}{4:{177:0404021720}{451:0}}{1:F01VZCRVECAAXXX5410610696}{2:09501717040402VZCRVECAAXXX40812675430404021720N}{3:{108:SCONNECT}}{4:
:20:MI071217
:25:2222222222
:28C:0272/130
:60M:C071217VEB005516213307,51
:61:071217C000000730000,00NTRF000000627621//180007
PAGO
:61:071217C000004000000,00NTRF000000627633//180007
PAGO
:61:071217C000000600000,00NTRF000000627639//180007
PAGO
:61:071217C000000100000,00NTRF000000627684//180007
PAGO
:61:071217C000000400000,00NTRF000000627728//180007
PAGO
:61:071217C000000258381,00NTRF000000627732//180007
PAGO
:61:071217C000001500000,00NTRF000000627741//180007
PAGO
:61:071217C000002000000,00NTRF000000627867//180007
PAGO
:61:071217C000001125000,00NTRF000000627943//180007
PAGO
:62M:C071217VEB005526926688,51
-}{5:{CHK:1143FB20924B}}{S:{COP:S}}${1:F21VZCRVECAAXXX5410610696}{4:{177:0404021720}{451:0}}{1:F01VZCRVECAAXXX5410610696}{2:09501717040402VZCRVECAAXXX40812675430404021720N}{3:{108:SCONNECT}}{4:
:20:MI071217
:25:2222222222
:28C:0272/131
:60M:C071217VEB005526926688,51
:61:071217C000001100000,00NTRF000000627956//180007
PAGO
:61:071217C000000500000,00NTRF000000627968//180007
PAGO
:61:071217C000000500000,00NTRF000000627972//180007
PAGO
:61:071217C000000176900,00NTRF000000627985//180007
PAGO
:61:071217C000000307395,00NTRF000000624423//180007
PAGO
:61:071217C000004161256,00NTRF000000624522//180007
PAGO
:61:071217C000001000000,00NTRF000000624523//180007
PAGO
:61:071217C000002000000,00NTRF000000624592//180007
PAGO
:61:071217C000001000000,00NTRF000000624628//180007
PAGO
:62M:C071217VEB005537672239,51
-}{5:{CHK:1143FB20924B}}{S:{COP:S}}${1:F21VZCRVECAAXXX5410610696}{4:{177:0404021720}{451:0}}{1:F01VZCRVECAAXXX5410610696}{2:09501717040402VZCRVECAAXXX40812675430404021720N}{3:{108:SCONNECT}}{4:
:20:MI071217
:25:2222222222
:28C:0272/132
:60M:C071217VEB005537672239,51
:61:071217C000001000000,00NTRF000000624643//180007
PAGO
:61:071217C000002650000,00NTRF000000624685//180007
PAGO
:61:071217C000001650000,00NTRF000000624727//180007
PAGO
:61:071217C000000200000,00NTRF000000624742//180007
PAGO
:61:071217C000001405000,00NTRF000000624748//180007
PAGO
:61:071217C000005000000,00NTRF000000624026//180007
PAGO
:61:071217C000005000000,00NTRF000000624051//180007
PAGO
:61:071217C000005000000,00NTRF000000624058//180007
PAGO
:61:071217C000005000000,00NTRF000000624075//180007
PAGO
:62M:C071217VEB005564577239,51
-}{5:{CHK:1143FB20924B}}{S:{COP:S}}${1:F21VZCRVECAAXXX5410610696}{4:{177:0404021720}{451:0}}{1:F01VZCRVECAAXXX5410610696}{2:09501717040402VZCRVECAAXXX40812675430404021720N}{3:{108:SCONNECT}}{4:
:20:MI071217
:25:2222222222
:28C:0272/133
:60M:C071217VEB005564577239,51
:61:071217C000005000000,00NTRF000000624084//180007
PAGO
:61:071217C000006000000,00NTRF000012447744//180007
PAGO
:61:071217C000004700000,00NTRF000012447713//180007
PAGO
:61:071217C000000555000,00NTRF000012447666//180007
PAGO
:61:071217C000001000000,00NTRF000012447721//180007
PAGO
:61:071217C000000500000,00NTRF000012448079//180007
PAGO
:61:071217C000001283850,00NTRF000012448046//180007
PAGO
:61:071217C000000400000,00NTRF000012447593//180007
PAGO
:61:071217C000003200000,00NTRF000012447561//180007
PAGO
:62M:C071217VEB005587216089,51
-}{5:{CHK:1143FB20924B}}{S:{COP:S}}${1:F21VZCRVECAAXXX5410610696}{4:{177:0404021720}{451:0}}{1:F01VZCRVECAAXXX5410610696}{2:09501717040402VZCRVECAAXXX40812675430404021720N}{3:{108:SCONNECT}}{4:
:20:MI071217
:25:2222222222
:28C:0272/134
:60M:C071217VEB005587216089,51
:61:071217C000012000000,00NTRF000012447418//180007
PAGO
:61:071217C000001200000,00NTRF000012448132//180007
PAGO
:61:071217C000000115000,00NTRF000001375522//180007
PAGO
:61:071217C000000050000,00NTRF000000000000//180007
PAGO
:61:071217C000000150000,00NTRF000000000000//180007
PAGO
:61:071217C000000180000,00NTRF000000000000//180007
PAGO
:61:071217C000001000000,00NTRF000000000000//180007
PAGO
:61:071217C000000080000,00NTRF000000019845//180007
PAGO
:61:071217C000000400000,00NTRF000000019770//180007
PAGO
:62M:C071217VEB005602391089,51
-}{5:{CHK:1143FB20924B}}{S:{COP:S}}${1:F21VZCRVECAAXXX5410610696}{4:{177:0404021720}{451:0}}{1:F01VZCRVECAAXXX5410610696}{2:09501717040402VZCRVECAAXXX40812675430404021720N}{3:{108:SCONNECT}}{4:
:20:MI071217
:25:2222222222
:28C:0272/135
:60M:C071217VEB005602391089,51
:61:071217C000000080000,00NTRF000000019846//180007
PAGO
:61:071217C000000495000,00NTRF000000019843//180007
PAGO
:61:071217C000000290000,00NTRF000000019992//180007
PAGO
:61:071217C000001000000,00NTRF000000020240//180007
PAGO
:61:071217C000001550000,00NTRF000000020406//180007
PAGO
:61:071217C000001000000,00NTRF000000020750//180007
PAGO
:61:071217C000006600000,00NTRF000000016725//180007
PAGO
:61:071217C000000080000,00NTRF000000016706//180007
PAGO
:61:071217C000001500000,00NTRF000000016766//180007
PAGO
:62M:C071217VEB005614986089,51
-}{5:{CHK:1143FB20924B}}{S:{COP:S}}${1:F21VZCRVECAAXXX5410610696}{4:{177:0404021720}{451:0}}{1:F01VZCRVECAAXXX5410610696}{2:09501717040402VZCRVECAAXXX40812675430404021720N}{3:{108:SCONNECT}}{4:
:20:MI071217
:25:2222222222
:28C:0272/136
:60M:C071217VEB005614986089,51
:61:071217C000002695000,00NTRF000000016707//180007
PAGO
:61:071217C000000250000,00NTRF000000015830//180007
PAGO
:61:071217C000000216093,00NTRF000000015684//180007
PAGO
:61:071217C000001300000,00NTRF000000015352//180007
PAGO
:61:071217C000000230000,00NTRF000016122007//180007
PAGO
:61:071217C000000170000,00NTRF000016122007//180007
PAGO
:61:071217C000000360000,00NTRF000016122007//180007
PAGO
:61:071217C000000200000,00NTRF000016122007//180007
PAGO
:61:071217C000000163000,00NTRF000016122007//180007
PAGO
:62M:C071217VEB005620570182,51
-}{5:{CHK:1143FB20924B}}{S:{COP:S}}${1:F21VZCRVECAAXXX5410610696}{4:{177:0404021720}{451:0}}{1:F01VZCRVECAAXXX5410610696}{2:09501717040402VZCRVECAAXXX40812675430404021720N}{3:{108:SCONNECT}}{4:
:20:MI071217
:25:2222222222
:28C:0272/137
:60M:C071217VEB005620570182,51
:61:071217C000001200000,00NTRF000016122007//180007
PAGO
:61:071217C000000955000,00NTRF000016122007//180007
PAGO
:61:071217C000001702000,00NTRF000016122007//180007
PAGO
:61:071217C000000490000,00NTRF000016122007//180007
PAGO
:61:071217C000001000000,00NTRF000015122007//180007
PAGO
:61:071217C000000500000,00NTRF000015122007//180007
PAGO
:61:071217C000003000000,00NTRF000015122007//180007
PAGO
:61:071217C000005900000,00NTRF000015122007//180007
PAGO
:61:071217C000000300000,00NTRF000015122007//180007
PAGO
:62M:C071217VEB005635617182,51
-}{5:{CHK:1143FB20924B}}{S:{COP:S}}${1:F21VZCRVECAAXXX5410610696}{4:{177:0404021720}{451:0}}{1:F01VZCRVECAAXXX5410610696}{2:09501717040402VZCRVECAAXXX40812675430404021720N}{3:{108:SCONNECT}}{4:
:20:MI071217
:25:2222222222
:28C:0272/138
:60M:C071217VEB005635617182,51
:61:071217C000004000000,00NTRF000015122007//180007
PAGO
:61:071217C000000480000,00NTRF000000633334//180007
PAGO
:61:071217C000000500000,00NTRF000000633340//180007
PAGO
:61:071217C000000450000,00NTRF000000633389//180007
PAGO
:61:071217C000001700000,00NTRF000000633397//180007
PAGO
:61:071217C000000050000,00NTRF000000633442//180007
PAGO
:61:071217C000001670000,00NTRF000000633445//180007
PAGO
:61:071217C000000120000,00NTRF000000633448//180007
PAGO
:61:071217C000002000000,00NTRF000000632954//180007
PAGO
:62M:C071217VEB005646587182,51
-}{5:{CHK:1143FB20924B}}{S:{COP:S}}${1:F21VZCRVECAAXXX5410610696}{4:{177:0404021720}{451:0}}{1:F01VZCRVECAAXXX5410610696}{2:09501717040402VZCRVECAAXXX40812675430404021720N}{3:{108:SCONNECT}}{4:
:20:MI071217
:25:2222222222
:28C:0272/139
:60M:C071217VEB005646587182,51
:61:071217C000001300000,00NTRF000000632965//180007
PAGO
:61:071217C000001100000,00NTRF000000633027//180007
PAGO
:61:071217C000001000000,00NTRF000000635895//180007
PAGO
:61:071217C000000100000,00NTRF000000635921//180007
PAGO
:61:071217C000001000000,00NTRF000000635930//180007
PAGO
:61:071217C000002250000,00NTRF000000635983//180007
PAGO
:61:071217C000006000000,00NTRF000000635999//180007
PAGO
:61:071217C000001000000,00NTRF000015472019//180007
PAGO
:61:071217C000001500000,00NTRF000015532288//180007
PAGO
:62M:C071217VEB005661837182,51
-}{5:{CHK:1143FB20924B}}{S:{COP:S}}${1:F21VZCRVECAAXXX5410610696}{4:{177:0404021720}{451:0}}{1:F01VZCRVECAAXXX5410610696}{2:09501717040402VZCRVECAAXXX40812675430404021720N}{3:{108:SCONNECT}}{4:
:20:MI071217
:25:2222222222
:28C:0272/140
:60M:C071217VEB005661837182,51
:61:071217C000000150000,00NTRF000015533543//180007
PAGO
:61:071217C000000155000,00NTRF000015533662//180007
PAGO
:61:071217C000001000000,00NTRF000015534587//180007
PAGO
:61:071217C000001700000,00NTRF000015534985//180007
PAGO
:61:071217C000000250000,00NTRF000015535016//180007
PAGO
:61:071217C000001000000,00NTRF000015535645//180007
PAGO
:61:071217C000000600000,00NTRF000015536894//180007
PAGO
:61:071217C000001500000,00NTRF000015537220//180007
PAGO
:61:071217C000000100000,00NTRF000015537832//180007
PAGO
:62M:C071217VEB005668292182,51
-}{5:{CHK:1143FB20924B}}{S:{COP:S}}${1:F21VZCRVECAAXXX5410610696}{4:{177:0404021720}{451:0}}{1:F01VZCRVECAAXXX5410610696}{2:09501717040402VZCRVECAAXXX40812675430404021720N}{3:{108:SCONNECT}}{4:
:20:MI071217
:25:2222222222
:28C:0272/141
:60M:C071217VEB005668292182,51
:61:071217C000001010000,00NTRF000015538834//180007
PAGO
:61:071217C000007000000,00NTRF000015539640//180007
PAGO
:61:071217C000000086000,00NTRF000015539772//180007
PAGO
:61:071217C000002230000,00NTRF000015524447//180007
PAGO
:61:071217C000000236000,00NTRF000000627201//180007
PAGO
:61:071217C000001268000,00NTRF000000627239//180007
PAGO
:61:071217C000000500000,00NTRF000000627350//180007
PAGO
:61:071217C000000700000,00NTRF000000627362//180007
PAGO
:61:071217C000000033000,00NTRF000000627455//180007
PAGO
:62M:C071217VEB005681355182,51
-}{5:{CHK:1143FB20924B}}{S:{COP:S}}${1:F21VZCRVECAAXXX5410610696}{4:{177:0404021720}{451:0}}{1:F01VZCRVECAAXXX5410610696}{2:09501717040402VZCRVECAAXXX40812675430404021720N}{3:{108:SCONNECT}}{4:
:20:MI071217
:25:2222222222
:28C:0272/142
:60M:C071217VEB005681355182,51
:61:071217C000000490000,00NTRF000000627478//180007
PAGO
:61:071217C000000600000,00NTRF000000627510//180007
PAGO
:61:071217C000000200000,00NTRF000000627527//180007
PAGO
:61:071217C000000652000,00NTRF000000627542//180007
PAGO
:61:071217C000000620000,00NTRF000000627574//180007
PAGO
:61:071217C000001800000,00NTRF000000627582//180007
PAGO
:61:071217C000000600000,00NTRF000000627589//180007
PAGO
:61:071217C000002280000,00NTRF000000627602//180007
PAGO
:61:071217C000010000000,00NTRF000000626802//180007
PAGO
:62M:C071217VEB005698597182,51
-}{5:{CHK:1143FB20924B}}{S:{COP:S}}${1:F21VZCRVECAAXXX5410610696}{4:{177:0404021720}{451:0}}{1:F01VZCRVECAAXXX5410610696}{2:09501717040402VZCRVECAAXXX40812675430404021720N}{3:{108:SCONNECT}}{4:
:20:MI071217
:25:2222222222
:28C:0272/143
:60M:C071217VEB005698597182,51
:61:071217C000001000000,00NTRF000000626803//180007
PAGO
:61:071217C000004000000,00NTRF000000624103//180007
PAGO
:61:071217C000000100000,00NTRF000000624118//180007
PAGO
:61:071217C000000900000,00NTRF000000624119//180007
PAGO
:61:071217C000000200000,00NTRF000000624130//180007
PAGO
:61:071217C000000800000,00NTRF000000624139//180007
PAGO
:61:071217C000000316100,00NTRF000000624154//180007
PAGO
:61:071217C000001495006,00NTRF000000624227//180007
PAGO
:61:071217C000000220000,00NTRF000000624317//180007
PAGO
:62M:C071217VEB005707628288,51
-}{5:{CHK:1143FB20924B}}{S:{COP:S}}${1:F21VZCRVECAAXXX5410610696}{4:{177:0404021720}{451:0}}{1:F01VZCRVECAAXXX5410610696}{2:09501717040402VZCRVECAAXXX40812675430404021720N}{3:{108:SCONNECT}}{4:
:20:MI071217
:25:2222222222
:28C:0272/144
:60M:C071217VEB005707628288,51
:61:071217C000005835000,00NTRF000003533684//180007
PAGO
:61:071217C000002730780,00NTRF000003533686//180007
PAGO
:61:071217C000005012500,00NTRF000003533692//180007
PAGO
:61:071217C000000263805,00NTRF000003533697//180007
PAGO
:61:071217C000002040000,00NTRF000003533721//180007
PAGO
:61:071217C000000616215,60NTRF000003533774//180007
PAGO
:61:071217C000001000000,00NTRF000000623874//180007
PAGO
:61:071217C000000175000,00NTRF000000000000//180007
PAGO
:61:071217C000000500000,00NTRF000000000000//180007
PAGO
:62M:C071217VEB005725801589,11
-}{5:{CHK:1143FB20924B}}{S:{COP:S}}${1:F21VZCRVECAAXXX5410610696}{4:{177:0404021720}{451:0}}{1:F01VZCRVECAAXXX5410610696}{2:09501717040402VZCRVECAAXXX40812675430404021720N}{3:{108:SCONNECT}}{4:
:20:MI071217
:25:2222222222
:28C:0272/145
:60M:C071217VEB005725801589,11
:61:071217C000000054881,00NTRF000000000000//180007
PAGO
:61:071217C000001833345,00NTRF000000000000//180007
PAGO
:61:071217C000000090000,00NTRF000000000000//180007
PAGO
:61:071217C000000050000,00NTRF000000000000//180007
PAGO
:61:071217C000001800000,00NTRF000000000000//180007
PAGO
:61:071217C000002800000,00NTRF000000000000//180007
PAGO
:61:071217C000000500000,00NTRF000012356212//180007
PAGO
:61:071217C000000300000,00NTRF000012356175//180007
PAGO
:61:071217C000000260000,00NTRF000012356043//180007
PAGO
:62M:C071217VEB005733489815,11
-}{5:{CHK:1143FB20924B}}{S:{COP:S}}${1:F21VZCRVECAAXXX5410610696}{4:{177:0404021720}{451:0}}{1:F01VZCRVECAAXXX5410610696}{2:09501717040402VZCRVECAAXXX40812675430404021720N}{3:{108:SCONNECT}}{4:
:20:MI071217
:25:2222222222
:28C:0272/146
:60M:C071217VEB005733489815,11
:61:071217C000000004000,00NTRF000012355967//180007
PAGO
:61:071217C000000215000,00NTRF000012356220//180007
PAGO
:61:071217C000002000000,00NTRF000012356504//180007
PAGO
:61:071217C000002000000,00NTRF000000000000//180007
PAGO
:61:071217C000000500000,00NTRF000000015327//180007
PAGO
:61:071217C000000770000,00NTRF000000015332//180007
PAGO
:61:071217C000000252800,00NTRF000000015319//180007
PAGO
:61:071217C000000050000,00NTRF000000016485//180007
PAGO
:61:071217C000000977623,00NTRF000000016429//180007
PAGO
:62M:C071217VEB005740259238,11
-}{5:{CHK:1143FB20924B}}{S:{COP:S}}${1:F21VZCRVECAAXXX5410610696}{4:{177:0404021720}{451:0}}{1:F01VZCRVECAAXXX5410610696}{2:09501717040402VZCRVECAAXXX40812675430404021720N}{3:{108:SCONNECT}}{4:
:20:MI071217
:25:2222222222
:28C:0272/147
:60M:C071217VEB005740259238,11
:61:071217C000001270329,00NTRF000000016425//180007
PAGO
:61:071217C000004500000,00NTRF000000016247//180007
PAGO
:61:071217C000000450000,00NTRF000000016195//180007
PAGO
:61:071217C000001212000,00NTRF000000016166//180007
PAGO
:61:071217C000000150000,00NTRF000000016123//180007
PAGO
:61:071217C000000234064,00NTRF000000016065//180007
PAGO
:61:071217C000000200000,00NTRF000000015982//180007
PAGO
:61:071217C000000130000,00NTRF000000015967//180007
PAGO
:61:071217C000001500000,00NTRF000000015930//180007
PAGO
:62M:C071217VEB005749905631,11
-}{5:{CHK:1143FB20924B}}{S:{COP:S}}${1:F21VZCRVECAAXXX5410610696}{4:{177:0404021720}{451:0}}{1:F01VZCRVECAAXXX5410610696}{2:09501717040402VZCRVECAAXXX40812675430404021720N}{3:{108:SCONNECT}}{4:
:20:MI071217
:25:2222222222
:28C:0272/148
:60M:C071217VEB005749905631,11
:61:071217C000000800000,00NTRF000000015864//180007
PAGO
:61:071217C000000650000,00NTRF000015122007//180007
PAGO
:61:071217C000001000000,00NTRF000015122007//180007
PAGO
:61:071217C000000190000,00NTRF000015122007//180007
PAGO
:61:071217C000000500000,00NTRF000015122007//180007
PAGO
:61:071217C000000500000,00NTRF000016122007//180007
PAGO
:61:071217C000000102000,00NTRF000017122007//180007
PAGO
:61:071217C000000500000,00NTRF000017122007//180007
PAGO
:61:071217C000002000000,00NTRF000017122007//180007
PAGO
:62M:C071217VEB005756147631,11
-}{5:{CHK:1143FB20924B}}{S:{COP:S}}${1:F21VZCRVECAAXXX5410610696}{4:{177:0404021720}{451:0}}{1:F01VZCRVECAAXXX5410610696}{2:09501717040402VZCRVECAAXXX40812675430404021720N}{3:{108:SCONNECT}}{4:
:20:MI071217
:25:2222222222
:28C:0272/149
:60M:C071217VEB005756147631,11
:61:071217C000000070000,00NTRF000014122007//180007
PAGO
:61:071217C000000500000,00NTRF000014122007//180007
PAGO
:61:071217C000000226000,00NTRF000014122007//180007
PAGO
:61:071217C000000750000,00NTRF000014122007//180007
PAGO
:61:071217C000000800000,00NTRF000014122007//180007
PAGO
:61:071217C000000150000,00NTRF000016122007//180007
PAGO
:61:071217C000000200000,00NTRF000015122007//180007
PAGO
:61:071217C000003000000,00NTRF000000636020//180007
PAGO
:61:071217C000007735000,00NTRF000000636078//180007
PAGO
:62M:C071217VEB005769578631,11
-}{5:{CHK:1143FB20924B}}{S:{COP:S}}${1:F21VZCRVECAAXXX5410610696}{4:{177:0404021720}{451:0}}{1:F01VZCRVECAAXXX5410610696}{2:09501717040402VZCRVECAAXXX40812675430404021720N}{3:{108:SCONNECT}}{4:
:20:MI071217
:25:2222222222
:28C:0272/150
:60M:C071217VEB005769578631,11
:61:071217C000000400000,00NTRF000000636099//180007
PAGO
:61:071217C000000300000,00NTRF000000636141//180007
PAGO
:61:071217C000001250000,00NTRF000000636149//180007
PAGO
:61:071217C000000340000,00NTRF000000636185//180007
PAGO
:61:071217C000000090000,00NTRF000000636210//180007
PAGO
:61:071217C000001000000,00NTRF000000636221//180007
PAGO
:61:071217C000000322000,00NTRF000000636229//180007
PAGO
:61:071217C000000800000,00NTRF000000636264//180007
PAGO
:61:071217C000000090000,00NTRF000000636269//180007
PAGO
:62M:C071217VEB005774170631,11
-}{5:{CHK:1143FB20924B}}{S:{COP:S}}${1:F21VZCRVECAAXXX5410610696}{4:{177:0404021720}{451:0}}{1:F01VZCRVECAAXXX5410610696}{2:09501717040402VZCRVECAAXXX40812675430404021720N}{3:{108:SCONNECT}}{4:
:20:MI071217
:25:2222222222
:28C:0272/151
:60M:C071217VEB005774170631,11
:61:071217C000002000000,00NTRF000000636332//180007
PAGO
:61:071217C000002000000,00NTRF000000636334//180007
PAGO
:61:071217C000003000000,00NTRF000000637223//180007
PAGO
:61:071217C000000300000,00NTRF000000637239//180007
PAGO
:61:071217C000000441793,43NTRF000015524500//180007
PAGO
:61:071217C000002500000,00NTRF000015524592//180007
PAGO
:61:071217C000000500000,00NTRF000015526602//180007
PAGO
:61:071217C000000700000,00NTRF000015527947//180007
PAGO
:61:071217C000000075000,00NTRF000015528186//180007
PAGO
:62M:C071217VEB005785687424,54
-}{5:{CHK:1143FB20924B}}{S:{COP:S}}${1:F21VZCRVECAAXXX5410610696}{4:{177:0404021720}{451:0}}{1:F01VZCRVECAAXXX5410610696}{2:09501717040402VZCRVECAAXXX40812675430404021720N}{3:{108:SCONNECT}}{4:
:20:MI071217
:25:2222222222
:28C:0272/152
:60M:C071217VEB005785687424,54
:61:071217C000000336000,00NTRF000015529443//180007
PAGO
:61:071217C000000500000,00NTRF000015529790//180007
PAGO
:61:071217C000004000000,00NTRF000015529796//180007
PAGO
:61:071217C000003000000,00NTRF000015529822//180007
PAGO
:61:071217C000000150000,00NTRF000015530063//180007
PAGO
:61:071217C000000334000,00NTRF000015530681//180007
PAGO
:61:071217C000000961239,00NTRF000015530827//180007
PAGO
:61:071217C000001375000,00NTRF000015512147//180007
PAGO
:61:071217C000000120000,00NTRF000015512359//180007
PAGO
:62M:C071217VEB005796463663,54
-}{5:{CHK:1143FB20924B}}{S:{COP:S}}${1:F21VZCRVECAAXXX5410610696}{4:{177:0404021720}{451:0}}{1:F01VZCRVECAAXXX5410610696}{2:09501717040402VZCRVECAAXXX40812675430404021720N}{3:{108:SCONNECT}}{4:
:20:MI071217
:25:2222222222
:28C:0272/153
:60M:C071217VEB005796463663,54
:61:071217C000000100000,00NTRF000015512376//180007
PAGO
:61:071217C000010000000,00NTRF000000626821//180007
PAGO
:61:071217C000001000000,00NTRF000000626846//180007
PAGO
:61:071217C000000330000,00NTRF000000626905//180007
PAGO
:61:071217C000003300000,00NTRF000000626932//180007
PAGO
:61:071217C000001800000,00NTRF000000626971//180007
PAGO
:61:071217C000003000000,00NTRF000000627021//180007
PAGO
:61:071217C000000050000,00NTRF000000627059//180007
PAGO
:61:071217C000000050000,00NTRF000000627113//180007
PAGO
:62M:C071217VEB005816093663,54
-}{5:{CHK:1143FB20924B}}{S:{COP:S}}${1:F21VZCRVECAAXXX5410610696}{4:{177:0404021720}{451:0}}{1:F01VZCRVECAAXXX5410610696}{2:09501717040402VZCRVECAAXXX40812675430404021720N}{3:{108:SCONNECT}}{4:
:20:MI071217
:25:2222222222
:28C:0272/154
:60M:C071217VEB005816093663,54
:61:071217C000001000000,00NTRF000000627137//180007
PAGO
:61:071217C000000300000,00NTRF000000627172//180007
PAGO
:61:071217C000020000000,00NTRF000000627178//180007
PAGO
:61:071217C000000150000,00NTRF000000627180//180007
PAGO
:61:071217C000005000000,00NTRF000000626074//180007
PAGO
:61:071217C000001163000,00NTRF000000626122//180007
PAGO
:61:071217C000000075000,00NTRF000000626221//180007
PAGO
:61:071217C000000303600,00NTRF000000623925//180007
PAGO
:61:071217C000001000000,00NTRF000000623932//180007
PAGO
:62M:C071217VEB005845085263,54
-}{5:{CHK:1143FB20924B}}{S:{COP:S}}${1:F21VZCRVECAAXXX5410610696}{4:{177:0404021720}{451:0}}{1:F01VZCRVECAAXXX5410610696}{2:09501717040402VZCRVECAAXXX40812675430404021720N}{3:{108:SCONNECT}}{4:
:20:MI071217
:25:2222222222
:28C:0272/155
:60M:C071217VEB005845085263,54
:61:071217C000000060000,00NTRF000000623944//180007
PAGO
:61:071217C000000100000,00NTRF000000623950//180007
PAGO
:61:071217C000007107480,26NTRF000000000051//180007
PAGO
:61:071217C000001945000,00NTRF000000000022//180007
PAGO
:61:071217C000004409053,00NTRF000000000018//180007
PAGO
:61:071217C000034574400,00NTRF000000001983//180007
PAGO
:61:071217C000001702326,20NTRF000000001957//180007
PAGO
:61:071217C000000085000,00NTRF000000001958//180007
PAGO
:61:071217C000001837073,00NTRF000000001959//180007
PAGO
:62M:C071217VEB005896905596,00
-}{5:{CHK:1143FB20924B}}{S:{COP:S}}${1:F21VZCRVECAAXXX5410610696}{4:{177:0404021720}{451:0}}{1:F01VZCRVECAAXXX5410610696}{2:09501717040402VZCRVECAAXXX40812675430404021720N}{3:{108:SCONNECT}}{4:
:20:MI071217
:25:2222222222
:28C:0272/156
:60M:C071217VEB005896905596,00
:61:071217C000001954414,00NTRF000000001462//180007
PAGO
:61:071217C000075064488,15NTRF000000001421//180007
PAGO
:61:071217C000000143150,00NTRF000000001362//180007
PAGO
:61:071217C000001763812,50NTRF000000001363//180007
PAGO
:61:071217C000000150000,00NTRF000000000000//180007
PAGO
:61:071217C000000601516,00NTRF000000000000//180007
PAGO
:61:071217C000003487980,00NTRF000000000000//180007
PAGO
:61:071217C000005000000,00NTRF000000000000//180007
PAGO
:61:071217C000017054914,60NTRF000000004520//180007
PAGO
:62M:C071217VEB006002125871,25
-}{5:{CHK:1143FB20924B}}{S:{COP:S}}${1:F21VZCRVECAAXXX5410610696}{4:{177:0404021720}{451:0}}{1:F01VZCRVECAAXXX5410610696}{2:09501717040402VZCRVECAAXXX40812675430404021720N}{3:{108:SCONNECT}}{4:
:20:MI071217
:25:2222222222
:28C:0272/157
:60M:C071217VEB006002125871,25
:61:071217C000006000000,00NTRF000000001697//180007
PAGO
:61:071217C000015000000,00NTRF000000001623//180007
PAGO
:61:071217C000004666666,66NTRF000000001620//180007
PAGO
:61:071217C000006000000,50NTRF000000001580//180007
PAGO
:61:071217C000003500000,00NTRF000000001586//180007
PAGO
:61:071217C000000120000,50NTRF000000001717//180007
PAGO
:61:071217C000001600000,00NTRF000000001364//180007
PAGO
:61:071217C000000220000,00NTRF000000001223//180007
PAGO
:61:071217C000000190000,00NTRF000000001106//180007
PAGO
:62M:C071217VEB006039422538,91
-}{5:{CHK:1143FB20924B}}{S:{COP:S}}${1:F21VZCRVECAAXXX5410610696}{4:{177:0404021720}{451:0}}{1:F01VZCRVECAAXXX5410610696}{2:09501717040402VZCRVECAAXXX40812675430404021720N}{3:{108:SCONNECT}}{4:
:20:MI071217
:25:2222222222
:28C:0272/158
:60M:C071217VEB006039422538,91
:61:071217C000071145005,00NTRF000000001010//180007
PAGO
:61:071217C000000440000,00NTRF000000015866//180007
PAGO
:61:071217C000000549621,00NTRF000000015439//180007
PAGO
:61:071217C000003000000,00NTRF000000016952//180007
PAGO
:61:071217C000000100000,00NTRF000000018239//180007
PAGO
:61:071217C000000400000,00NTRF000000018156//180007
PAGO
:61:071217C000005000000,00NTRF000000018245//180007
PAGO
:61:071217C000000125000,00NTRF000000018058//180007
PAGO
:61:071217C000001066666,67NTRF000000017979//180007
PAGO
:62M:C071217VEB006121248831,58
-}{5:{CHK:1143FB20924B}}{S:{COP:S}}${1:F21VZCRVECAAXXX5410610696}{4:{177:0404021720}{451:0}}{1:F01VZCRVECAAXXX5410610696}{2:09501717040402VZCRVECAAXXX40812675430404021720N}{3:{108:SCONNECT}}{4:
:20:MI071217
:25:2222222222
:28C:0272/159
:60M:C071217VEB006121248831,58
:61:071217C000002000000,00NTRF000000017941//180007
PAGO
:61:071217C000001500000,00NTRF000000017862//180007
PAGO
:61:071217C000000350000,00NTRF000000017668//180007
PAGO
:61:071217C000000200000,00NTRF000000017160//180007
PAGO
:61:071217C000005000000,00NTRF000000017034//180007
PAGO
:61:071217C000003500000,00NTRF000000017863//180007
PAGO
:61:071217C000000376050,00NTRF000000017900//180007
PAGO
:61:071217C000000220000,00NTRF000015122007//180007
PAGO
:61:071217C000000200000,00NTRF000015122007//180007
PAGO
:62M:C071217VEB006134594881,58
-}{5:{CHK:1143FB20924B}}{S:{COP:S}}${1:F21VZCRVECAAXXX5410610696}{4:{177:0404021720}{451:0}}{1:F01VZCRVECAAXXX5410610696}{2:09501717040402VZCRVECAAXXX40812675430404021720N}{3:{108:SCONNECT}}{4:
:20:MI071217
:25:2222222222
:28C:0272/160
:60M:C071217VEB006134594881,58
:61:071217C000000864716,56NTRF000015122007//180007
PAGO
:61:071217C000000090000,00NTRF000015122007//180007
PAGO
:61:071217C000000500000,00NTRF000015122007//180007
PAGO
:61:071217C000000500000,00NTRF000015122007//180007
PAGO
:61:071217C000000500000,00NTRF000015122007//180007
PAGO
:61:071217C000000500000,00NTRF000015122007//180007
PAGO
:61:071217C000000200000,00NTRF000016122007//180007
PAGO
:61:071217C000000160000,00NTRF000016122007//180007
PAGO
:61:071217C000000220000,00NTRF000016122007//180007
PAGO
:62M:C071217VEB006138129598,14
-}{5:{CHK:1143FB20924B}}{S:{COP:S}}${1:F21VZCRVECAAXXX5410610696}{4:{177:0404021720}{451:0}}{1:F01VZCRVECAAXXX5410610696}{2:09501717040402VZCRVECAAXXX40812675430404021720N}{3:{108:SCONNECT}}{4:
:20:MI071217
:25:2222222222
:28C:0272/161
:60M:C071217VEB006138129598,14
:61:071217C000000100000,00NTRF000016122007//180007
PAGO
:61:071217C000000080000,00NTRF000015122007//180007
PAGO
:61:071217C000000400000,00NTRF000016122007//180007
PAGO
:61:071217C000001600000,00NTRF000016122007//180007
PAGO
:61:071217C000000084000,00NTRF000000637249//180007
PAGO
:61:071217C000000250000,00NTRF000000637260//180007
PAGO
:61:071217C000002200000,00NTRF000000636461//180007
PAGO
:61:071217C000000180000,00NTRF000000636484//180007
PAGO
:61:071217C000004000000,00NTRF000000636493//180007
PAGO
:62M:C071217VEB006147023598,14
-}{5:{CHK:1143FB20924B}}{S:{COP:S}}${1:F21VZCRVECAAXXX5410610696}{4:{177:0404021720}{451:0}}{1:F01VZCRVECAAXXX5410610696}{2:09501717040402VZCRVECAAXXX40812675430404021720N}{3:{108:SCONNECT}}{4:
:20:MI071217
:25:2222222222
:28C:0272/162
:60M:C071217VEB006147023598,14
:61:071217C000002200000,00NTRF000000636504//180007
PAGO
:61:071217C000000300000,00NTRF000000636510//180007
PAGO
:61:071217C000000500000,00NTRF000000637407//180007
PAGO
:61:071217C000008500000,00NTRF000000637408//180007
PAGO
:61:071217C000000400000,00NTRF000000637409//180007
PAGO
:61:071217C000001000000,00NTRF000000637411//180007
PAGO
:61:071217C000000100000,00NTRF000000637412//180007
PAGO
:61:071217C000000400000,00NTRF000000637413//180007
PAGO
:61:071217C000000500000,00NTRF000000637420//180007
PAGO
:62M:C071217VEB006160923598,14
-}{5:{CHK:1143FB20924B}}{S:{COP:S}}${1:F21VZCRVECAAXXX5410610696}{4:{177:0404021720}{451:0}}{1:F01VZCRVECAAXXX5410610696}{2:09501717040402VZCRVECAAXXX40812675430404021720N}{3:{108:SCONNECT}}{4:
:20:MI071217
:25:2222222222
:28C:0272/163
:60M:C071217VEB006160923598,14
:61:071217C000000500000,00NTRF000000637423//180007
PAGO
:61:071217C000000135000,00NTRF000015513259//180007
PAGO
:61:071217C000001000000,00NTRF000054205673//180007
PAGO
:61:071217C000001000000,00NTRF000085760691//180007
PAGO
:61:071217C000003000000,00NTRF000086821822//180007
PAGO
:61:071217C000000180000,00NTRF000016460469//180007
PAGO
:61:071217C000000008000,00NTRF000092868595//180007
PAGO
:61:071217C000002000000,00NTRF000068568057//180007
PAGO
:61:071217C000000150000,00NTRF000004313831//180007
PAGO
:62M:C071217VEB006168896598,14
-}{5:{CHK:1143FB20924B}}{S:{COP:S}}${1:F21VZCRVECAAXXX5410610696}{4:{177:0404021720}{451:0}}{1:F01VZCRVECAAXXX5410610696}{2:09501717040402VZCRVECAAXXX40812675430404021720N}{3:{108:SCONNECT}}{4:
:20:MI071217
:25:2222222222
:28C:0272/164
:60M:C071217VEB006168896598,14
:61:071217C000000195000,00NTRF000004480633//180007
PAGO
:61:071217C000000667524,00NTRF000046755870//180007
PAGO
:61:071217C000064521432,89NTRF000046755354//180007
PAGO
:61:071217C000000521300,00NTRF000046754374//180007
PAGO
:61:071217C000054010993,16NTRF000046754551//180007
PAGO
:61:071217C000000194500,00NTRF000046754455//180007
PAGO
:61:071217C000000500000,00NTRF000046735721//180007
PAGO
:61:071217C000000312000,00NTRF000000626238//180007
PAGO
:61:071217C000001200000,00NTRF000000626335//180007
PAGO
:62M:C071217VEB006291019348,19
-}{5:{CHK:1143FB20924B}}{S:{COP:S}}${1:F21VZCRVECAAXXX5410610696}{4:{177:0404021720}{451:0}}{1:F01VZCRVECAAXXX5410610696}{2:09501717040402VZCRVECAAXXX40812675430404021720N}{3:{108:SCONNECT}}{4:
:20:MI071217
:25:2222222222
:28C:0272/165
:60M:C071217VEB006291019348,19
:61:071217C000001122000,00NTRF000000626369//180007
PAGO
:61:071217C000000234600,00NTRF000000626389//180007
PAGO
:61:071217C000001000000,00NTRF000000626410//180007
PAGO
:61:071217C000000487200,00NTRF000000626421//180007
PAGO
:61:071217C000000234600,00NTRF000000626462//180007
PAGO
:61:071217C000000210000,00NTRF000000626466//180007
PAGO
:61:071217C000005000000,00NTRF000000626638//180007
PAGO
:61:071217C000001300000,00NTRF000000626712//180007
PAGO
:61:071217C000000300000,00NTRF000000625791//180007
PAGO
:62M:C071217VEB006300907748,19
-}{5:{CHK:1143FB20924B}}{S:{COP:S}}${1:F21VZCRVECAAXXX5410610696}{4:{177:0404021720}{451:0}}{1:F01VZCRVECAAXXX5410610696}{2:09501717040402VZCRVECAAXXX40812675430404021720N}{3:{108:SCONNECT}}{4:
:20:MI071217
:25:2222222222
:28C:0272/166
:60M:C071217VEB006300907748,19
:61:071217C000002000000,00NTRF000000625792//180007
PAGO
:61:071217C000002550000,00NTRF000000625796//180007
PAGO
:61:071217C000000880000,00NTRF000000625839//180007
PAGO
:61:071217C000000082500,00NTRF000000625859//180007
PAGO
:61:071217C000000190185,00NTRF000000001364//180007
PAGO
:61:071217C000005352750,00NTRF000000001351//180007
PAGO
:61:071217C000000087750,00NTRF000000001352//180007
PAGO
:61:071217C000000535790,00NTRF000000001358//180007
PAGO
:61:071217C000071740000,00NTRF000000001210//180007
PAGO
:62M:C071217VEB006384326723,19
-}{5:{CHK:1143FB20924B}}{S:{COP:S}}${1:F21VZCRVECAAXXX5410610696}{4:{177:0404021720}{451:0}}{1:F01VZCRVECAAXXX5410610696}{2:09501717040402VZCRVECAAXXX40812675430404021720N}{3:{108:SCONNECT}}{4:
:20:MI071217
:25:2222222222
:28C:0272/167
:60M:C071217VEB006384326723,19
:61:071217C000001276080,00NTRF000000000416//180007
PAGO
:61:071217C000000664625,00NTRF000000000417//180007
PAGO
:61:071217C000000789750,00NTRF000000000401//180007
PAGO
:61:071217C000094439134,26NTRF000000000390//180007
PAGO
:61:071217C000003291632,00NTRF000000000392//180007
PAGO
:61:071217C000011292960,35NTRF000000000394//180007
PAGO
:61:071217C000002367161,12NTRF000000000396//180007
PAGO
:61:071217C000000580268,75NTRF000000000397//180007
PAGO
:61:071217C000036954080,00NTRF000000000309//180007
PAGO
:62M:C071217VEB006535982414,67
-}{5:{CHK:1143FB20924B}}{S:{COP:S}}${1:F21VZCRVECAAXXX5410610696}{4:{177:0404021720}{451:0}}{1:F01VZCRVECAAXXX5410610696}{2:09501717040402VZCRVECAAXXX40812675430404021720N}{3:{108:SCONNECT}}{4:
:20:MI071217
:25:2222222222
:28C:0272/168
:60M:C071217VEB006535982414,67
:61:071217C000006854010,00NTRF000000000305//180007
PAGO
:61:071217C000000250000,00NTRF000000001775//180007
PAGO
:61:071217C000000470000,00NTRF000000008567//180007
PAGO
:61:071217C000000650000,00NTRF000000008558//180007
PAGO
:61:071217C000000300000,00NTRF000022550269//180007
PAGO
:61:071217C000000360000,00NTRF000022542043//180007
PAGO
:61:071217C000000060000,00NTRF000022542859//180007
PAGO
:61:071217C000000601920,00NTRF000022526112//180007
PAGO
:61:071217C000004000000,00NTRF000022513970//180007
PAGO
:62M:C071217VEB006549528344,67
-}{5:{CHK:1143FB20924B}}{S:{COP:S}}${1:F21VZCRVECAAXXX5410610696}{4:{177:0404021720}{451:0}}{1:F01VZCRVECAAXXX5410610696}{2:09501717040402VZCRVECAAXXX40812675430404021720N}{3:{108:SCONNECT}}{4:
:20:MI071217
:25:2222222222
:28C:0272/169
:60M:C071217VEB006549528344,67
:61:071217C000000100000,00NTRF000022510763//180007
PAGO
:61:071217C000004150000,00NTRF000022506781//180007
PAGO
:61:071217C000000100000,00NTRF000022473373//180007
PAGO
:61:071217C000001500000,00NTRF000022466898//180007
PAGO
:61:071217C000000170000,00NTRF000022483715//180007
PAGO
:61:071217C000000750000,00NTRF000022398613//180007
PAGO
:61:071217C000006000000,00NTRF000022459323//180007
PAGO
:61:071217C000001500000,00NTRF000000017980//180007
PAGO
:61:071217C000000175000,00NTRF000000017995//180007
PAGO
:62M:C071217VEB006563973344,67
-}{5:{CHK:1143FB20924B}}{S:{COP:S}}${1:F21VZCRVECAAXXX5410610696}{4:{177:0404021720}{451:0}}{1:F01VZCRVECAAXXX5410610696}{2:09501717040402VZCRVECAAXXX40812675430404021720N}{3:{108:SCONNECT}}{4:
:20:MI071217
:25:2222222222
:28C:0272/170
:60M:C071217VEB006563973344,67
:61:071217C000000120000,00NTRF000000018111//180007
PAGO
:61:071217C000000600000,00NTRF000000018414//180007
PAGO
:61:071217C000000400000,00NTRF000000021685//180007
PAGO
:61:071217C000001490000,00NTRF000000021696//180007
PAGO
:61:071217C000001000000,00NTRF000000021357//180007
PAGO
:61:071217C000002167000,00NTRF000000021291//180007
PAGO
:61:071217C000000260000,00NTRF000000021211//180007
PAGO
:61:071217C000005346000,00NTRF000000021138//180007
PAGO
:61:071217C000001000000,00NTRF000000021042//180007
PAGO
:62M:C071217VEB006576356344,67
-}{5:{CHK:1143FB20924B}}{S:{COP:S}}${1:F21VZCRVECAAXXX5410610696}{4:{177:0404021720}{451:0}}{1:F01VZCRVECAAXXX5410610696}{2:09501717040402VZCRVECAAXXX40812675430404021720N}{3:{108:SCONNECT}}{4:
:20:MI071217
:25:2222222222
:28C:0272/171
:60M:C071217VEB006576356344,67
:61:071217C000000080000,00NTRF000000021032//180007
PAGO
:61:071217C000004000000,00NTRF000000021036//180007
PAGO
:61:071217C000001500000,00NTRF000000021037//180007
PAGO
:61:071217C000000998000,00NTRF000000021084//180007
PAGO
:61:071217C000000200000,00NTRF000016122007//180007
PAGO
:61:071217C000001021902,80NTRF000076651933//180007
PAGO
:61:071217C000000400000,00NTRF000076665573//180007
PAGO
:61:071217C000002700000,00NTRF000000638164//180007
PAGO
:61:071217C000000886551,29NTRF000000638175//180007
PAGO
:62M:C071217VEB006588142798,76
-}{5:{CHK:1143FB20924B}}{S:{COP:S}}${1:F21VZCRVECAAXXX5410610696}{4:{177:0404021720}{451:0}}{1:F01VZCRVECAAXXX5410610696}{2:09501717040402VZCRVECAAXXX40812675430404021720N}{3:{108:SCONNECT}}{4:
:20:MI071217
:25:2222222222
:28C:0272/172
:60M:C071217VEB006588142798,76
:61:071217C000000500000,00NTRF000000637426//180007
PAGO
:61:071217C000005000000,00NTRF000000637437//180007
PAGO
:61:071217C000000530000,00NTRF000000637687//180007
PAGO
:61:071217C000000200000,00NTRF000000637855//180007
PAGO
:61:071217C000000250000,00NTRF000000637866//180007
PAGO
:61:071217C000000500000,00NTRF000000637266//180007
PAGO
:61:071217C000000070000,00NTRF000000637297//180007
PAGO
:61:071217C000000800000,00NTRF000000637341//180007
PAGO
:61:071217C000001500000,00NTRF000000637361//180007
PAGO
:62M:C071217VEB006597492798,76
-}{5:{CHK:1143FB20924B}}{S:{COP:S}}${1:F21VZCRVECAAXXX5410610696}{4:{177:0404021720}{451:0}}{1:F01VZCRVECAAXXX5410610696}{2:09501717040402VZCRVECAAXXX40812675430404021720N}{3:{108:SCONNECT}}{4:
:20:MI071217
:25:2222222222
:28C:0272/173
:60M:C071217VEB006597492798,76
:61:071217C000003737300,00NTRF000000637374//180007
PAGO
:61:071217C000000500000,00NTRF000000636889//180007
PAGO
:61:071217C000005000000,00NTRF000000637440//180007
PAGO
:61:071217C000000200000,00NTRF000000637447//180007
PAGO
:61:071217C000002000000,00NTRF000000637541//180007
PAGO
:61:071217C000000300000,00NTRF000000637619//180007
PAGO
:61:071217C000001000000,00NTRF000000637641//180007
PAGO
:61:071217C000020000000,00NTRF000000637649//180007
PAGO
:61:071217C000010800000,00NTRF000000637651//180007
PAGO
:62M:C071217VEB006641030098,76
-}{5:{CHK:1143FB20924B}}{S:{COP:S}}${1:F21VZCRVECAAXXX5410610696}{4:{177:0404021720}{451:0}}{1:F01VZCRVECAAXXX5410610696}{2:09501717040402VZCRVECAAXXX40812675430404021720N}{3:{108:SCONNECT}}{4:
:20:MI071217
:25:2222222222
:28C:0272/174
:60M:C071217VEB006641030098,76
:61:071217C000000300000,00NTRF000000637659//180007
PAGO
:61:071217C000005000000,00NTRF000000637665//180007
PAGO
:61:071217C000000180982,50NTRF000003535019//180007
PAGO
:61:071217C000000648000,00NTRF000003535053//180007
PAGO
:61:071217C000002000000,00NTRF000000637869//180007
PAGO
:61:071217C000002000000,00NTRF000000637891//180007
PAGO
:61:071217C000005000000,00NTRF000000637909//180007
PAGO
:61:071217C000062360893,42NTRF000046755435//180007
PAGO
:61:071217C000004802294,00NTRF000046756776//180007
PAGO
:62M:C071217VEB006723322268,68
-}{5:{CHK:1143FB20924B}}{S:{COP:S}}${1:F21VZCRVECAAXXX5410610696}{4:{177:0404021720}{451:0}}{1:F01VZCRVECAAXXX5410610696}{2:09501717040402VZCRVECAAXXX40812675430404021720N}{3:{108:SCONNECT}}{4:
:20:MI071217
:25:2222222222
:28C:0272/175
:60M:C071217VEB006723322268,68
:61:071217C000001521191,13NTRF000046756990//180007
PAGO
:61:071217C000004057525,00NTRF000046736970//180007
PAGO
:61:071217C000002322330,00NTRF000046738403//180007
PAGO
:61:071217C000000210851,28NTRF000046739232//180007
PAGO
:61:071217C000002012055,00NTRF000046741973//180007
PAGO
:61:071217C000001380000,00NTRF000046757675//180007
PAGO
:61:071217C000000889323,00NTRF000046744832//180007
PAGO
:61:071217C000000262130,88NTRF000046748833//180007
PAGO
:61:071217C000950000000,00NTRF000046749636//180007
PAGO
:62M:C071217VEB007685977674,97
-}{5:{CHK:1143FB20924B}}{S:{COP:S}}${1:F21VZCRVECAAXXX5410610696}{4:{177:0404021720}{451:0}}{1:F01VZCRVECAAXXX5410610696}{2:09501717040402VZCRVECAAXXX40812675430404021720N}{3:{108:SCONNECT}}{4:
:20:MI071217
:25:2222222222
:28C:0272/176
:60M:C071217VEB007685977674,97
:61:071217C000950000000,00NTRF000046749651//180007
PAGO
:61:071217C000950000000,00NTRF000046749673//180007
PAGO
:61:071217C000950000000,00NTRF000046749695//180007
PAGO
:61:071217C000950000000,00NTRF000046749710//180007
PAGO
:61:071217C000000100000,00NTRF000000625892//180007
PAGO
:61:071217C000000105700,00NTRF000000625894//180007
PAGO
:61:071217C000018000000,00NTRF000000625929//180007
PAGO
:61:071217C000000400000,00NTRF000000629252//180007
PAGO
:61:071217C000000388550,00NTRF000003533949//180007
PAGO
:62M:C071217VEB011504971924,97
-}{5:{CHK:1143FB20924B}}{S:{COP:S}}${1:F21VZCRVECAAXXX5410610696}{4:{177:0404021720}{451:0}}{1:F01VZCRVECAAXXX5410610696}{2:09501717040402VZCRVECAAXXX40812675430404021720N}{3:{108:SCONNECT}}{4:
:20:MI071217
:25:2222222222
:28C:0272/177
:60M:C071217VEB011504971924,97
:61:071217C000001410559,60NTRF000003533956//180007
PAGO
:61:071217C000001883268,94NTRF000003533908//180007
PAGO
:61:071217C000007837500,00NTRF000003533923//180007
PAGO
:61:071217C000001000000,00NTRF000000628628//180007
PAGO
:61:071217C000001000000,00NTRF000000628633//180007
PAGO
:61:071217C000001400000,00NTRF000000628636//180007
PAGO
:61:071217C000000500000,00NTRF000000628715//180007
PAGO
:61:071217C000000824718,75NTRF000003534025//180007
PAGO
:61:071217C000000996937,50NTRF000003534030//180007
PAGO
:62M:C071217VEB011521824909,76
-}{5:{CHK:1143FB20924B}}{S:{COP:S}}${1:F21VZCRVECAAXXX5410610696}{4:{177:0404021720}{451:0}}{1:F01VZCRVECAAXXX5410610696}{2:09501717040402VZCRVECAAXXX40812675430404021720N}{3:{108:SCONNECT}}{4:
:20:MI071217
:25:2222222222
:28C:0272/178
:60M:C071217VEB011521824909,76
:61:071217C000032355620,31NTRF000003534032//180007
PAGO
:61:071217C000003974080,00NTRF000000000306//180007
PAGO
:61:071217C000006854010,00NTRF000000000307//180007
PAGO
:61:071217C000000169650,00NTRF000000000270//180007
PAGO
:61:071217C000000158998,75NTRF000000000271//180007
PAGO
:61:071217C000000349695,00NTRF000000000273//180007
PAGO
:61:071217C000000300750,00NTRF000000000276//180007
PAGO
:61:071217C000004596137,50NTRF000000000202//180007
PAGO
:61:071217C000000044990,00NTRF000000000203//180007
PAGO
:62M:C071217VEB011570628841,32
-}{5:{CHK:1143FB20924B}}{S:{COP:S}}${1:F21VZCRVECAAXXX5410610696}{4:{177:0404021720}{451:0}}{1:F01VZCRVECAAXXX5410610696}{2:09501717040402VZCRVECAAXXX40812675430404021720N}{3:{108:SCONNECT}}{4:
:20:MI071217
:25:2222222222
:28C:0272/179
:60M:C071217VEB011570628841,32
:61:071217C000003865050,00NTRF000000000204//180007
PAGO
:61:071217C000008909796,60NTRF000000000259//180007
PAGO
:61:071217C000008593029,11NTRF000000000260//180007
PAGO
:61:071217C000007969254,78NTRF000000000263//180007
PAGO
:61:071217C000000657467,50NTRF000000000267//180007
PAGO
:61:071217C000000359632,00NTRF000000000231//180007
PAGO
:61:071217C000000157761,80NTRF000000000232//180007
PAGO
:61:071217C000000937200,00NTRF000022504358//180007
PAGO
:61:071217C000000750000,00NTRF000022509977//180007
PAGO
:62M:C071217VEB011602828033,11
-}{5:{CHK:1143FB20924B}}{S:{COP:S}}${1:F21VZCRVECAAXXX5410610696}{4:{177:0404021720}{451:0}}{1:F01VZCRVECAAXXX5410610696}{2:09501717040402VZCRVECAAXXX40812675430404021720N}{3:{108:SCONNECT}}{4:
:20:MI071217
:25:2222222222
:28C:0272/180
:60M:C071217VEB011602828033,11
:61:071217C000000200000,00NTRF000022391682//180007
PAGO
:61:071217C000000100000,00NTRF000022519900//180007
PAGO
:61:071217C000005400000,00NTRF000022564319//180007
PAGO
:61:071217C000004498342,06NTRF000055741455//180007
PAGO
:61:071217C000000871200,72NTRF000000036213//180007
PAGO
:61:071217C000000871200,72NTRF000000036047//180007
PAGO
:61:071217C000000200000,00NTRF000050018188//180007
PAGO
:61:071217C000000600000,00NTRF000050018187//180007
PAGO
:61:071217C000000150000,00NTRF000050018186//180007
PAGO
:62M:C071217VEB011615718776,61
-}{5:{CHK:1143FB20924B}}{S:{COP:S}}${1:F21VZCRVECAAXXX5410610696}{4:{177:0404021720}{451:0}}{1:F01VZCRVECAAXXX5410610696}{2:09501717040402VZCRVECAAXXX40812675430404021720N}{3:{108:SCONNECT}}{4:
:20:MI071217
:25:2222222222
:28C:0272/181
:60M:C071217VEB011615718776,61
:61:071217C000147881934,00NTRF000011111101//180007
PAGO
:61:071217C000003100000,00NTRF000031584000//180007
PAGO
:61:071217C000002064231,59NTRF000071217059//180007
PAGO
:61:071217C000001000000,00NTRF000000021182//180007
PAGO
:61:071217C000001924437,00NTRF000000021292//180007
PAGO
:61:071217C000001250000,00NTRF000000021305//180007
PAGO
:61:071217C000001000000,00NTRF000000021527//180007
PAGO
:61:071217C000006000000,00NTRF000000021489//180007
PAGO
:61:071217C000000150000,00NTRF000000021581//180007
PAGO
:62M:C071217VEB011780089379,20
-}{5:{CHK:1143FB20924B}}{S:{COP:S}}${1:F21VZCRVECAAXXX5410610696}{4:{177:0404021720}{451:0}}{1:F01VZCRVECAAXXX5410610696}{2:09501717040402VZCRVECAAXXX40812675430404021720N}{3:{108:SCONNECT}}{4:
:20:MI071217
:25:2222222222
:28C:0272/182
:60M:C071217VEB011780089379,20
:61:071217C000000100000,00NTRF000000021732//180007
PAGO
:61:071217C000000200000,00NTRF000000015009//180007
PAGO
:61:071217C000001000000,00NTRF000000014836//180007
PAGO
:61:071217C000010000000,00NTRF000000014799//180007
PAGO
:61:071217C000004000000,00NTRF000000014632//180007
PAGO
:61:071217C000004500000,00NTRF000000014580//180007
PAGO
:61:071217C000004991000,00NTRF000000015169//180007
PAGO
:61:071217C000004992000,00NTRF000000015170//180007
PAGO
:61:071217C000001600688,00NTRF000000015186//180007
PAGO
:62M:C071217VEB011811473067,20
-}{5:{CHK:1143FB20924B}}{S:{COP:S}}${1:F21VZCRVECAAXXX5410610696}{4:{177:0404021720}{451:0}}{1:F01VZCRVECAAXXX5410610696}{2:09501717040402VZCRVECAAXXX40812675430404021720N}{3:{108:SCONNECT}}{4:
:20:MI071217
:25:2222222222
:28C:0272/183
:60M:C071217VEB011811473067,20
:61:071217C000001200000,00NTRF000000636911//180007
PAGO
:61:071217C000001000000,00NTRF000000636920//180007
PAGO
:61:071217C000001000000,00NTRF000000636952//180007
PAGO
:61:071217C000000078500,00NTRF000000637073//180007
PAGO
:61:071217C000000073000,00NTRF000000637086//180007
PAGO
:61:071217C000000068469,00NTRF000000637094//180007
PAGO
:61:071217C000002000000,00NTRF000000637175//180007
PAGO
:61:071217C000000127000,00NTRF000000637214//180007
PAGO
:61:071217C000008000000,00NTRF000000636562//180007
PAGO
:62M:C071217VEB011825020036,20
-}{5:{CHK:1143FB20924B}}{S:{COP:S}}${1:F21VZCRVECAAXXX5410610696}{4:{177:0404021720}{451:0}}{1:F01VZCRVECAAXXX5410610696}{2:09501717040402VZCRVECAAXXX40812675430404021720N}{3:{108:SCONNECT}}{4:
:20:MI071217
:25:2222222222
:28C:0272/184
:60M:C071217VEB011825020036,20
:61:071217C000000750000,00NTRF000000636568//180007
PAGO
:61:071217C000001000000,00NTRF000000636572//180007
PAGO
:61:071217C000000300000,00NTRF000000636625//180007
PAGO
:61:071217C000000130000,00NTRF000000636726//180007
PAGO
:61:071217C000001000000,00NTRF000000636746//180007
PAGO
:61:071217C000008900000,00NTRF000000636821//180007
PAGO
:61:071217C000001000000,00NTRF000000637967//180007
PAGO
:61:071217C000005000000,00NTRF000000637984//180007
PAGO
:61:071217C000006000000,00NTRF000000637990//180007
PAGO
:62M:C071217VEB011849100036,20
-}{5:{CHK:1143FB20924B}}{S:{COP:S}}${1:F21VZCRVECAAXXX5410610696}{4:{177:0404021720}{451:0}}{1:F01VZCRVECAAXXX5410610696}{2:09501717040402VZCRVECAAXXX40812675430404021720N}{3:{108:SCONNECT}}{4:
:20:MI071217
:25:2222222222
:28C:0272/185
:60M:C071217VEB011849100036,20
:61:071217C000006000000,00NTRF000000637996//180007
PAGO
:61:071217C000001000000,00NTRF000000638188//180007
PAGO
:61:071217C000001000000,00NTRF000000638190//180007
PAGO
:61:071217C000005000000,00NTRF000000638216//180007
PAGO
:61:071217C000009000000,00NTRF000000638229//180007
PAGO
:61:071217C000000100000,00NTRF000000638230//180007
PAGO
:61:071217C000008000000,00NTRF000000638232//180007
PAGO
:61:071217C000001089023,85NTRF000003535012//180007
PAGO
:61:071217C000002964000,00NTRF000003535017//180007
PAGO
:62M:C071217VEB011883253060,05
-}{5:{CHK:1143FB20924B}}{S:{COP:S}}${1:F21VZCRVECAAXXX5410610696}{4:{177:0404021720}{451:0}}{1:F01VZCRVECAAXXX5410610696}{2:09501717040402VZCRVECAAXXX40812675430404021720N}{3:{108:SCONNECT}}{4:
:20:MI071217
:25:2222222222
:28C:0272/186
:60M:C071217VEB011883253060,05
:61:071217C000006916000,00NTRF000003535018//180007
PAGO
:61:071217C000001500000,00NTRF000000638187//180007
PAGO
:61:071217C000001450000,00NTRF000000639586//180007
PAGO
:61:071217C000950000000,00NTRF000046749732//180007
PAGO
:61:071217C000950000000,00NTRF000046749754//180007
PAGO
:61:071217C000950000000,00NTRF000046749776//180007
PAGO
:61:071217C000000160000,00NTRF000046750351//180007
PAGO
:61:071217C000009279490,88NTRF000046751272//180007
PAGO
:61:071217C000003860270,25NTRF000046751655//180007
PAGO
:62M:C071217VEB014756418821,18
-}{5:{CHK:1143FB20924B}}{S:{COP:S}}${1:F21VZCRVECAAXXX5410610696}{4:{177:0404021720}{451:0}}{1:F01VZCRVECAAXXX5410610696}{2:09501717040402VZCRVECAAXXX40812675430404021720N}{3:{108:SCONNECT}}{4:
:20:MI071217
:25:2222222222
:28C:0272/187
:60M:C071217VEB014756418821,18
:61:071217C000000472395,00NTRF000046751692//180007
PAGO
:61:071217C000001258606,23NTRF000046757082//180007
PAGO
:61:071217C000001520377,89NTRF000046756905//180007
PAGO
:61:071217C000001000000,00NTRF000046650785//180007
PAGO
:61:071217C000001250000,00NTRF000046651286//180007
PAGO
:61:071217C000000200000,00NTRF000046651592//180007
PAGO
:61:071217C000000500000,00NTRF000046659233//180007
PAGO
:61:071217C000001600000,00NTRF000046689672//180007
PAGO
:61:071217C000002500000,00NTRF000046725184//180007
PAGO
:62M:C071217VEB014766720200,30
-}{5:{CHK:1143FB20924B}}{S:{COP:S}}${1:F21VZCRVECAAXXX5410610696}{4:{177:0404021720}{451:0}}{1:F01VZCRVECAAXXX5410610696}{2:09501717040402VZCRVECAAXXX40812675430404021720N}{3:{108:SCONNECT}}{4:
:20:MI071217
:25:2222222222
:28C:0272/188
:60M:C071217VEB014766720200,30
:61:071217C000000256000,00NTRF000003534034//180007
PAGO
:61:071217C000000934831,25NTRF000003534036//180007
PAGO
:61:071217C000000401501,25NTRF000003534037//180007
PAGO
:61:071217C000000157392,50NTRF000003534038//180007
PAGO
:61:071217C000000500000,00NTRF000000628934//180007
PAGO
:61:071217C000010000000,00NTRF000000628986//180007
PAGO
:61:071217C000002105250,00NTRF000003534107//180007
PAGO
:61:071217C000005700000,00NTRF000003534130//180007
PAGO
:61:071217C000001059629,45NTRF000003534271//180007
PAGO
:62M:C071217VEB014787834804,75
-}{5:{CHK:1143FB20924B}}{S:{COP:S}}${1:F21VZCRVECAAXXX5410610696}{4:{177:0404021720}{451:0}}{1:F01VZCRVECAAXXX5410610696}{2:09501717040402VZCRVECAAXXX40812675430404021720N}{3:{108:SCONNECT}}{4:
:20:MI071217
:25:2222222222
:28C:0272/189
:60M:C071217VEB014787834804,75
:61:071217C000000050000,00NTRF000003534308//180007
PAGO
:61:071217C000000050000,00NTRF000003534309//180007
PAGO
:61:071217C000000050000,00NTRF000003534310//180007
PAGO
:61:071217C000000090000,00NTRF000003534311//180007
PAGO
:61:071217C000000070000,00NTRF000003534312//180007
PAGO
:61:071217C000000090000,00NTRF000003534313//180007
PAGO
:61:071217C000000931935,00NTRF000000000233//180007
PAGO
:61:071217C000001329250,00NTRF000000000208//180007
PAGO
:61:071217C000002218825,00NTRF000000000209//180007
PAGO
:62M:C071217VEB014792714814,75
-}{5:{CHK:1143FB20924B}}{S:{COP:S}}${1:F21VZCRVECAAXXX5410610696}{4:{177:0404021720}{451:0}}{1:F01VZCRVECAAXXX5410610696}{2:09501717040402VZCRVECAAXXX40812675430404021720N}{3:{108:SCONNECT}}{4:
:20:MI071217
:25:2222222222
:28C:0272/190
:60M:C071217VEB014792714814,75
:61:071217C000007963877,41NTRF000000000398//180007
PAGO
:61:071217C000000736200,00NTRF000000000372//180007
PAGO
:61:071217C000005824152,77NTRF000000000337//180007
PAGO
:61:071217C000005994632,75NTRF000000000339//180007
PAGO
:61:071217C000006579135,54NTRF000000000340//180007
PAGO
:61:071217C000009657747,36NTRF000000000341//180007
PAGO
:61:071217C000009017840,93NTRF000000000345//180007
PAGO
:61:071217C000009055482,49NTRF000000000347//180007
PAGO
:61:071217C000005528422,20NTRF000000000334//180007
PAGO
:62M:C071217VEB014853072306,20
-}{5:{CHK:1143FB20924B}}{S:{COP:S}}${1:F21VZCRVECAAXXX5410610696}{4:{177:0404021720}{451:0}}{1:F01VZCRVECAAXXX5410610696}{2:09501717040402VZCRVECAAXXX40812675430404021720N}{3:{108:SCONNECT}}{4:
:20:MI071217
:25:2222222222
:28C:0272/191
:60M:C071217VEB014853072306,20
:61:071217C000001533105,82NTRF000000001181//180007
PAGO
:61:071217C000005381100,00NTRF000000001191//180007
PAGO
:61:071217C000000438750,00NTRF000000001169//180007
PAGO
:61:071217C000000357500,00NTRF000071217123//180007
PAGO
:61:071217C000001857567,47NTRF000071217106//180007
PAGO
:61:071217C000004480196,00NTRF000071217125//180007
PAGO
:61:071217C000001012472,63NTRF000071217121//180007
PAGO
:61:071217C000000500000,00NTRF000015546858//180007
PAGO
:61:071217C000000650000,00NTRF000015547006//180007
PAGO
:62M:C071217VEB014869282998,12
-}{5:{CHK:1143FB20924B}}{S:{COP:S}}${1:F21VZCRVECAAXXX5410610696}{4:{177:0404021720}{451:0}}{1:F01VZCRVECAAXXX5410610696}{2:09501717040402VZCRVECAAXXX40812675430404021720N}{3:{108:SCONNECT}}{4:
:20:MI071217
:25:2222222222
:28C:0272/192
:60M:C071217VEB014869282998,12
:61:071217C000000080000,00NTRF000015547468//180007
PAGO
:61:071217C000000700000,00NTRF000015546017//180007
PAGO
:61:071217C000002000000,00NTRF000015544697//180007
PAGO
:61:071217C000001000000,00NTRF000015544460//180007
PAGO
:61:071217C000000871200,72NTRF000000036585//180007
PAGO
:61:071217C000000190000,00NTRF000000642140//180007
PAGO
:61:071217C000005000000,00NTRF000000642110//180007
PAGO
:61:071217C000000200000,00NTRF000000641330//180007
PAGO
:61:071217C000025000000,00NTRF000000641357//180007
PAGO
:62M:C071217VEB014904324198,84
-}{5:{CHK:1143FB20924B}}{S:{COP:S}}${1:F21VZCRVECAAXXX5410610696}{4:{177:0404021720}{451:0}}{1:F01VZCRVECAAXXX5410610696}{2:09501717040402VZCRVECAAXXX40812675430404021720N}{3:{108:SCONNECT}}{4:
:20:MI071217
:25:2222222222
:28C:0272/193
:60M:C071217VEB014904324198,84
:61:071217C000000130000,00NTRF000000016708//180007
PAGO
:61:071217C000003000000,00NTRF000000015705//180007
PAGO
:61:071217C000004000688,00NTRF000000015187//180007
PAGO
:61:071217C000004365450,00NTRF000000017796//180007
PAGO
:61:071217C000001250000,00NTRF000000017864//180007
PAGO
:61:071217C000004000000,00NTRF000000019968//180007
PAGO
:61:071217C000000200000,00NTRF000000019122//180007
PAGO
:61:071217C000000270874,00NTRF000000023561//180007
PAGO
:61:071217C000000100000,00NTRF000000021797//180007
PAGO
:62M:C071217VEB014921641210,84
-}{5:{CHK:1143FB20924B}}{S:{COP:S}}${1:F21VZCRVECAAXXX5410610696}{4:{177:0404021720}{451:0}}{1:F01VZCRVECAAXXX5410610696}{2:09501717040402VZCRVECAAXXX40812675430404021720N}{3:{108:SCONNECT}}{4:
:20:MI071217
:25:2222222222
:28C:0272/194
:60M:C071217VEB014921641210,84
:61:071217C000002500000,00NTRF000000021695//180007
PAGO
:61:071217C000000500000,00NTRF000000021504//180007
PAGO
:61:071217C000002000000,00NTRF000000021135//180007
PAGO
:61:071217C000001000000,00NTRF000000014841//180007
PAGO
:61:071217C000001000000,00NTRF000000014766//180007
PAGO
:61:071217C000000500000,00NTRF000000636833//180007
PAGO
:61:071217C000000200000,00NTRF000000636390//180007
PAGO
:61:071217C000000500000,00NTRF000000636394//180007
PAGO
:61:071217C000000400000,00NTRF000000636395//180007
PAGO
:62M:C071217VEB014930241210,84
-}{5:{CHK:1143FB20924B}}{S:{COP:S}}${1:F21VZCRVECAAXXX5410610696}{4:{177:0404021720}{451:0}}{1:F01VZCRVECAAXXX5410610696}{2:09501717040402VZCRVECAAXXX40812675430404021720N}{3:{108:SCONNECT}}{4:
:20:MI071217
:25:2222222222
:28C:0272/195
:60M:C071217VEB014930241210,84
:61:071217C000000470000,00NTRF000000636402//180007
PAGO
:61:071217C000001800000,00NTRF000000635550//180007
PAGO
:61:071217C000000400000,00NTRF000000635557//180007
PAGO
:61:071217C000003000000,00NTRF000000635590//180007
PAGO
:61:071217C000002000000,00NTRF000000635824//180007
PAGO
:61:071217C000000500000,00NTRF000000635105//180007
PAGO
:61:071217C000003315538,00NTRF000000635122//180007
PAGO
:61:071217C000000080000,00NTRF000000635129//180007
PAGO
:61:071217C000000050000,00NTRF000000635139//180007
PAGO
:62M:C071217VEB014941856748,84
-}{5:{CHK:1143FB20924B}}{S:{COP:S}}${1:F21VZCRVECAAXXX5410610696}{4:{177:0404021720}{451:0}}{1:F01VZCRVECAAXXX5410610696}{2:09501717040402VZCRVECAAXXX40812675430404021720N}{3:{108:SCONNECT}}{4:
:20:MI071217
:25:2222222222
:28C:0272/196
:60M:C071217VEB014941856748,84
:61:071217C000000100000,00NTRF000000635268//180007
PAGO
:61:071217C000000400000,00NTRF000000635341//180007
PAGO
:61:071217C000001106884,39NTRF000003535946//180007
PAGO
:61:071217C000002610934,47NTRF000003535533//180007
PAGO
:61:071217C000006824063,78NTRF000003535461//180007
PAGO
:61:071217C000000122577,46NTRF000003535107//180007
PAGO
:61:071217C000000648000,00NTRF000003535091//180007
PAGO
:61:071217C000000648000,00NTRF000003535078//180007
PAGO
:61:071217C000005000000,00NTRF000000639651//180007
PAGO
:62M:C071217VEB014959317208,94
-}{5:{CHK:1143FB20924B}}{S:{COP:S}}${1:F21VZCRVECAAXXX5410610696}{4:{177:0404021720}{451:0}}{1:F01VZCRVECAAXXX5410610696}{2:09501717040402VZCRVECAAXXX40812675430404021720N}{3:{108:SCONNECT}}{4:
:20:MI071217
:25:2222222222
:28C:0272/197
:60M:C071217VEB014959317208,94
:61:071217C000000015215,20NTRF000003535192//180007
PAGO
:61:071217C000000050400,35NTRF000003535244//180007
PAGO
:61:071217C000008716311,39NTRF000003535336//180007
PAGO
:61:071217C000005672848,59NTRF000003535481//180007
PAGO
:61:071217C000001225172,06NTRF000003535564//180007
PAGO
:61:071217C000002000000,00NTRF000000639467//180007
PAGO
:61:071217C000003429840,20NTRF000000638180//180007
PAGO
:61:071217C000000760000,00NTRF000000638037//180007
PAGO
:61:071217C000000100000,00NTRF000046728231//180007
PAGO
:62M:C071217VEB014981286996,73
-}{5:{CHK:1143FB20924B}}{S:{COP:S}}${1:F21VZCRVECAAXXX5410610696}{4:{177:0404021720}{451:0}}{1:F01VZCRVECAAXXX5410610696}{2:09501717040402VZCRVECAAXXX40812675430404021720N}{3:{108:SCONNECT}}{4:
:20:MI071217
:25:2222222222
:28C:0272/198
:60M:C071217VEB014981286996,73
:61:071217C000000350000,00NTRF000046686776//180007
PAGO
:61:071217C000000766000,00NTRF000046688246//180007
PAGO
:61:071217C000000531000,00NTRF000046691890//180007
PAGO
:61:071217C000000350000,00NTRF000046692100//180007
PAGO
:61:071217C000000380000,00NTRF000046696576//180007
PAGO
:61:071217C000002000000,00NTRF000046698400//180007
PAGO
:61:071217C000002500000,00NTRF000046699435//180007
PAGO
:61:071217C000003000000,00NTRF000046701071//180007
PAGO
:61:071217C000000500000,00NTRF000046705503//180007
PAGO
:62M:C071217VEB014991663996,73
-}{5:{CHK:1143FB20924B}}{S:{COP:S}}${1:F21VZCRVECAAXXX5410610696}{4:{177:0404021720}{451:0}}{1:F01VZCRVECAAXXX5410610696}{2:09501717040402VZCRVECAAXXX40812675430404021720N}{3:{108:SCONNECT}}{4:
:20:MI071217
:25:2222222222
:28C:0272/199
:60M:C071217VEB014991663996,73
:61:071217C000002000000,00NTRF000046706516//180007
PAGO
:61:071217C000000700000,00NTRF000046708045//180007
PAGO
:61:071217C000000300000,00NTRF000046663886//180007
PAGO
:61:071217C000000430000,00NTRF000046667036//180007
PAGO
:61:071217C000002133000,00NTRF000046667493//180007
PAGO
:61:071217C000000120000,00NTRF000003534343//180007
PAGO
:61:071217C000000090000,00NTRF000003534316//180007
PAGO
:61:071217C000000090000,00NTRF000003534317//180007
PAGO
:61:071217C000000090000,00NTRF000003534318//180007
PAGO
:62M:C071217VEB014997616996,73
-}{5:{CHK:1143FB20924B}}{S:{COP:S}}${1:F21VZCRVECAAXXX5410610696}{4:{177:0404021720}{451:0}}{1:F01VZCRVECAAXXX5410610696}{2:09501717040402VZCRVECAAXXX40812675430404021720N}{3:{108:SCONNECT}}{4:
:20:MI071217
:25:2222222222
:28C:0272/200
:60M:C071217VEB014997616996,73
:61:071217C000000090000,00NTRF000003534319//180007
PAGO
:61:071217C000000090000,00NTRF000003534320//180007
PAGO
:61:071217C000000090000,00NTRF000003534321//180007
PAGO
:61:071217C000000090000,00NTRF000003534322//180007
PAGO
:61:071217C000000220000,00NTRF000003534323//180007
PAGO
:61:071217C000002197800,00NTRF000003534534//180007
PAGO
:61:071217C000002840295,40NTRF000003534556//180007
PAGO
:61:071217C000012700825,11NTRF000003534622//180007
PAGO
:61:071217C000013367062,50NTRF000003534623//180007
PAGO
:62M:C071217VEB015029302979,74
-}{5:{CHK:1143FB20924B}}{S:{COP:S}}${1:F21VZCRVECAAXXX5410610696}{4:{177:0404021720}{451:0}}{1:F01VZCRVECAAXXX5410610696}{2:09501717040402VZCRVECAAXXX40812675430404021720N}{3:{108:SCONNECT}}{4:
:20:MI071217
:25:2222222222
:28C:0272/201
:60M:C071217VEB015029302979,74
:61:071217C000000050000,00NTRF000003534330//180007
PAGO
:61:071217C000000050000,00NTRF000003534331//180007
PAGO
:61:071217C000000087750,00NTRF000000001160//180007
PAGO
:61:071217C000000090220,88NTRF000000001122//180007
PAGO
:61:071217C000001681980,03NTRF000000000440//180007
PAGO
:61:071217C000010035641,00NTRF000000000443//180007
PAGO
:61:071217C000000968307,50NTRF000000000436//180007
PAGO
:61:071217C000001108533,33NTRF000000000414//180007
PAGO
:61:071217C000015298150,00NTRF000000000047//180007
PAGO
:62M:C071217VEB015058673562,48
-}{5:{CHK:1143FB20924B}}{S:{COP:S}}${1:F21VZCRVECAAXXX5410610696}{4:{177:0404021720}{451:0}}{1:F01VZCRVECAAXXX5410610696}{2:09501717040402VZCRVECAAXXX40812675430404021720N}{3:{108:SCONNECT}}{4:
:20:MI071217
:25:2222222222
:28C:0272/202
:60M:C071217VEB015058673562,48
:61:071217C000007487200,00NTRF000000000046//180007
PAGO
:61:071217C000002000000,00NTRF000000640879//180007
PAGO
:61:071217C000001500000,00NTRF000000640896//180007
PAGO
:61:071217C000001470000,00NTRF000000640913//180007
PAGO
:61:071217C000000602000,00NTRF000000640970//180007
PAGO
:61:071217C000000750000,00NTRF000000640978//180007
PAGO
:61:071217C000000500000,00NTRF000000640992//180007
PAGO
:61:071217C000000500000,00NTRF000000641011//180007
PAGO
:61:071217C000000500000,00NTRF000000641028//180007
PAGO
:62M:C071217VEB015073982762,48
-}{5:{CHK:1143FB20924B}}{S:{COP:S}}${1:F21VZCRVECAAXXX5410610696}{4:{177:0404021720}{451:0}}{1:F01VZCRVECAAXXX5410610696}{2:09501717040402VZCRVECAAXXX40812675430404021720N}{3:{108:SCONNECT}}{4:
:20:MI071217
:25:2222222222
:28C:0272/203
:60M:C071217VEB015073982762,48
:61:071217C000005000000,00NTRF000000640534//180007
PAGO
:61:071217C000005000000,00NTRF000000640540//180007
PAGO
:61:071217C000001000000,00NTRF000000640541//180007
PAGO
:61:071217C000004000000,00NTRF000000640558//180007
PAGO
:61:071217C000000275000,00NTRF000000640585//180007
PAGO
:61:071217C000001150000,00NTRF000000640606//180007
PAGO
:61:071217C000000020000,00NTRF000000640625//180007
PAGO
:61:071217C000005000000,00NTRF000000016888//180007
PAGO
:61:071217C000002000000,00NTRF000000016644//180007
PAGO
:62M:C071217VEB015097427762,48
-}{5:{CHK:1143FB20924B}}{S:{COP:S}}${1:F21VZCRVECAAXXX5410610696}{4:{177:0404021720}{451:0}}{1:F01VZCRVECAAXXX5410610696}{2:09501717040402VZCRVECAAXXX40812675430404021720N}{3:{108:SCONNECT}}{4:
:20:MI071217
:25:2222222222
:28C:0272/204
:60M:C071217VEB015097427762,48
:61:071217C000004060920,00NTRF000000015765//180007
PAGO
:61:071217C000002000000,00NTRF000000015457//180007
PAGO
:61:071217C000004990000,00NTRF000000015168//180007
PAGO
:61:071217C000000900000,00NTRF000000018717//180007
PAGO
:61:071217C000001260000,00NTRF000000018056//180007
PAGO
:61:071217C000000175000,00NTRF000000017996//180007
PAGO
:61:071217C000012935000,00NTRF000000017399//180007
PAGO
:61:071217C000000500000,00NTRF000000017474//180007
PAGO
:61:071217C000000975153,00NTRF000000019716//180007
PAGO
:62M:C071217VEB015125223835,48
-}{5:{CHK:1143FB20924B}}{S:{COP:S}}${1:F21VZCRVECAAXXX5410610696}{4:{177:0404021720}{451:0}}{1:F01VZCRVECAAXXX5410610696}{2:09501717040402VZCRVECAAXXX40812675430404021720N}{3:{108:SCONNECT}}{4:
:20:MI071217
:25:2222222222
:28C:0272/205
:60M:C071217VEB015125223835,48
:61:071217C000005000000,00NTRF000000019235//180007
PAGO
:61:071217C000000100000,00NTRF000000019250//180007
PAGO
:61:071217C000005078166,67NTRF000000019269//180007
PAGO
:61:071217C000002000000,00NTRF000000019066//180007
PAGO
:61:071217C000000950000,00NTRF000000635364//180007
PAGO
:61:071217C000000300000,00NTRF000000635420//180007
PAGO
:61:071217C000000215521,00NTRF000000633048//180007
PAGO
:61:071217C000004000000,00NTRF000000633081//180007
PAGO
:61:071217C000000300000,00NTRF000000633087//180007
PAGO
:62M:C071217VEB015143167523,15
-}{5:{CHK:1143FB20924B}}{S:{COP:S}}${1:F21VZCRVECAAXXX5410610696}{4:{177:0404021720}{451:0}}{1:F01VZCRVECAAXXX5410610696}{2:09501717040402VZCRVECAAXXX40812675430404021720N}{3:{108:SCONNECT}}{4:
:20:MI071217
:25:2222222222
:28C:0272/206
:60M:C071217VEB015143167523,15
:61:071217C000001000000,00NTRF000000633110//180007
PAGO
:61:071217C000008879500,00NTRF000000633146//180007
PAGO
:61:071217C000000800000,00NTRF000000633183//180007
PAGO
:61:071217C000006000000,00NTRF000000633207//180007
PAGO
:61:071217C000000640000,00NTRF000000633217//180007
PAGO
:61:071217C000003000000,00NTRF000000633222//180007
PAGO
:61:071217C000001000000,00NTRF000000633226//180007
PAGO
:61:071217C000000060000,00NTRF000000632472//180007
PAGO
:61:071217C000001500000,00NTRF000000632508//180007
PAGO
:62M:C071217VEB015166047023,15
-}{5:{CHK:1143FB20924B}}{S:{COP:S}}${1:F21VZCRVECAAXXX5410610696}{4:{177:0404021720}{451:0}}{1:F01VZCRVECAAXXX5410610696}{2:09501717040402VZCRVECAAXXX40812675430404021720N}{3:{108:SCONNECT}}{4:
:20:MI071217
:25:2222222222
:28C:0272/207
:60M:C071217VEB015166047023,15
:61:071217C000018480000,00NTRF000000632577//180007
PAGO
:61:071217C000003000000,00NTRF000000638048//180007
PAGO
:61:071217C000003000000,00NTRF000000638051//180007
PAGO
:61:071217C000000010000,00NTRF000000638162//180007
PAGO
:61:071217C000001000000,00NTRF000076564587//180007
PAGO
:61:071217C000000250000,00NTRF000075552067//180007
PAGO
:61:071217C000000250000,00NTRF000075517102//180007
PAGO
:61:071217C000000050000,00NTRF000075510704//180007
PAGO
:61:071217C000006450000,00NTRF000075420229//180007
PAGO
:62M:C071217VEB015198537023,15
-}{5:{CHK:1143FB20924B}}{S:{COP:S}}${1:F21VZCRVECAAXXX5410610696}{4:{177:0404021720}{451:0}}{1:F01VZCRVECAAXXX5410610696}{2:09501717040402VZCRVECAAXXX40812675430404021720N}{3:{108:SCONNECT}}{4:
:20:MI071217
:25:2222222222
:28C:0272/208
:60M:C071217VEB015198537023,15
:61:071217C000000700000,00NTRF000075377480//180007
PAGO
:61:071217C000002713000,00NTRF000075419656//180007
PAGO
:61:071217C000001000000,00NTRF000075474793//180007
PAGO
:61:071217C000001900000,00NTRF000075539102//180007
PAGO
:61:071217C000000732000,00NTRF000076621173//180007
PAGO
:61:071217C000001000000,00NTRF000076637243//180007
PAGO
:61:071217C000000100000,00NTRF000015515814//180007
PAGO
:61:071217C000000550000,00NTRF000046670234//180007
PAGO
:61:071217C000000050000,00NTRF000046672371//180007
PAGO
:62M:C071217VEB015207282023,15
-}{5:{CHK:1143FB20924B}}{S:{COP:S}}${1:F21VZCRVECAAXXX5410610696}{4:{177:0404021720}{451:0}}{1:F01VZCRVECAAXXX5410610696}{2:09501717040402VZCRVECAAXXX40812675430404021720N}{3:{108:SCONNECT}}{4:
:20:MI071217
:25:2222222222
:28C:0272/209
:60M:C071217VEB015207282023,15
:61:071217C000000100000,00NTRF000046674854//180007
PAGO
:61:071217C000001000000,00NTRF000046675650//180007
PAGO
:61:071217C000000890000,00NTRF000046676733//180007
PAGO
:61:071217C000002500000,00NTRF000046677400//180007
PAGO
:61:071217C000000130000,00NTRF000046684385//180007
PAGO
:61:071217C000000100000,00NTRF000046684783//180007
PAGO
:61:071217C000001500000,00NTRF000046684912//180007
PAGO
:61:071217C000001000000,00NTRF000046685391//180007
PAGO
:61:071217C000001300000,00NTRF000046716121//180007
PAGO
:62M:C071217VEB015215802023,15
-}{5:{CHK:1143FB20924B}}{S:{COP:S}}${1:F21VZCRVECAAXXX5410610696}{4:{177:0404021720}{451:0}}{1:F01VZCRVECAAXXX5410610696}{2:09501717040402VZCRVECAAXXX40812675430404021720N}{3:{108:SCONNECT}}{4:
:20:MI071217
:25:2222222222
:28C:0272/210
:60M:C071217VEB015215802023,15
:61:071217C000001287000,00NTRF000046717296//180007
PAGO
:61:071217C000001526500,00NTRF000046717462//180007
PAGO
:61:071217C000001000000,00NTRF000046717731//180007
PAGO
:61:071217C000002000000,00NTRF000046719702//180007
PAGO
:61:071217C000000050000,00NTRF000003534332//180007
PAGO
:61:071217C000000090000,00NTRF000003534333//180007
PAGO
:61:071217C000000090000,00NTRF000003534334//180007
PAGO
:61:071217C000001050000,00NTRF000003534790//180007
PAGO
:61:071217C000003540000,00NTRF000000630232//180007
PAGO
:62M:C071217VEB015226435523,15
-}{5:{CHK:1143FB20924B}}{S:{COP:S}}${1:F21VZCRVECAAXXX5410610696}{4:{177:0404021720}{451:0}}{1:F01VZCRVECAAXXX5410610696}{2:09501717040402VZCRVECAAXXX40812675430404021720N}{3:{108:SCONNECT}}{4:
:20:MI071217
:25:2222222222
:28C:0272/211
:60M:C071217VEB015226435523,15
:61:071217C000010970000,00NTRF000000630256//180007
PAGO
:61:071217C000000256200,00NTRF000000630308//180007
PAGO
:61:071217C000005000000,00NTRF000000630323//180007
PAGO
:61:071217C000000400000,00NTRF000000630334//180007
PAGO
:61:071217C000000100000,00NTRF000000630403//180007
PAGO
:61:071217C000000070000,00NTRF000000630478//180007
PAGO
:61:071217C000000200000,00NTRF000003534344//180007
PAGO
:61:071217C000010000000,00NTRF000000630533//180007
PAGO
:61:071217C000000520000,00NTRF000000630584//180007
PAGO
:62M:C071217VEB015253951723,15
-}{5:{CHK:1143FB20924B}}{S:{COP:S}}${1:F21VZCRVECAAXXX5410610696}{4:{177:0404021720}{451:0}}{1:F01VZCRVECAAXXX5410610696}{2:09501717040402VZCRVECAAXXX40812675430404021720N}{3:{108:SCONNECT}}{4:
:20:MI071217
:25:2222222222
:28C:0272/212
:60M:C071217VEB015253951723,15
:61:071217C000006691013,95NTRF000003534813//180007
PAGO
:61:071217C000002000000,00NTRF000000640630//180007
PAGO
:61:071217C000000400000,00NTRF000000640071//180007
PAGO
:61:071217C000002000000,00NTRF000000640113//180007
PAGO
:61:071217C000002000000,00NTRF000000640158//180007
PAGO
:61:071217C000000300000,00NTRF000000640305//180007
PAGO
:61:071217C000000500000,00NTRF000000640318//180007
PAGO
:61:071217C000000211600,00NTRF000000621888//180007
PAGO
:61:071217C000300000000,00NTRF000000623293//180007
PAGO
:62M:C071217VEB015568054337,10
-}{5:{CHK:1143FB20924B}}{S:{COP:S}}${1:F21VZCRVECAAXXX5410610696}{4:{177:0404021720}{451:0}}{1:F01VZCRVECAAXXX5410610696}{2:09501717040402VZCRVECAAXXX40812675430404021720N}{3:{108:SCONNECT}}{4:
:20:MI071217
:25:2222222222
:28C:0272/213
:60M:C071217VEB015568054337,10
:61:071217C000500000000,00NTRF000000626923//180007
PAGO
:61:071217C000052805822,00NTRF000000626957//180007
PAGO
:61:071217C000000842400,00NTRF000000627212//180007
PAGO
:61:071217C000037194680,40NTRF000000627240//180007
PAGO
:61:071217C000013626000,00NTRF000000640792//180007
PAGO
:61:071217C000071578887,63NTRF000000627248//180007
PAGO
:61:071217C000000472762,78NTRF000000627266//180007
PAGO
:61:071217C000000020000,00NTRF000000022217//180007
PAGO
:61:071217C000000600000,00NTRF000000022326//180007
PAGO
:62M:C071217VEB016245194889,91
-}{5:{CHK:1143FB20924B}}{S:{COP:S}}${1:F21VZCRVECAAXXX5410610696}{4:{177:0404021720}{451:0}}{1:F01VZCRVECAAXXX5410610696}{2:09501717040402VZCRVECAAXXX40812675430404021720N}{3:{108:SCONNECT}}{4:
:20:MI071217
:25:2222222222
:28C:0272/214
:60M:C071217VEB016245194889,91
:61:071217C000003000000,00NTRF000000021094//180007
PAGO
:61:071217C000001335025,22NTRF000000021128//180007
PAGO
:61:071217C000000763000,00NTRF000000020835//180007
PAGO
:61:071217C000000500000,00NTRF000000024121//180007
PAGO
:61:071217C000000160000,00NTRF000000023058//180007
PAGO
:61:071217C000000800000,00NTRF000000023088//180007
PAGO
:61:071217C000003000000,00NTRF000000022885//180007
PAGO
:61:071217C000001200000,00NTRF000000024537//180007
PAGO
:61:071217C000002121748,48NTRF000000024460//180007
PAGO
:62M:C071217VEB016258074663,61
-}{5:{CHK:1143FB20924B}}{S:{COP:S}}${1:F21VZCRVECAAXXX5410610696}{4:{177:0404021720}{451:0}}{1:F01VZCRVECAAXXX5410610696}{2:09501717040402VZCRVECAAXXX40812675430404021720N}{3:{108:SCONNECT}}{4:
:20:MI071217
:25:2222222222
:28C:0272/215
:60M:C071217VEB016258074663,61
:61:071217C000000200000,00NTRF000000024449//180007
PAGO
:61:071217C000002214000,00NTRF000000024426//180007
PAGO
:61:071217C000000900000,00NTRF000000024432//180007
PAGO
:61:071217C000000500000,00NTRF000000024398//180007
PAGO
:61:071217C000002000000,00NTRF000000632583//180007
PAGO
:61:071217C000000400000,00NTRF000000632588//180007
PAGO
:61:071217C000015000000,00NTRF000000632702//180007
PAGO
:61:071217C000000843000,00NTRF000000632745//180007
PAGO
:61:071217C000001500000,00NTRF000000632817//180007
PAGO
:62M:C071217VEB016281631663,61
-}{5:{CHK:1143FB20924B}}{S:{COP:S}}${1:F21VZCRVECAAXXX5410610696}{4:{177:0404021720}{451:0}}{1:F01VZCRVECAAXXX5410610696}{2:09501717040402VZCRVECAAXXX40812675430404021720N}{3:{108:SCONNECT}}{4:
:20:MI071217
:25:2222222222
:28C:0272/216
:60M:C071217VEB016281631663,61
:61:071217C000000740000,00NTRF000000632823//180007
PAGO
:61:071217C000000300000,00NTRF000000632859//180007
PAGO
:61:071217C000000320000,00NTRF000000632870//180007
PAGO
:61:071217C000003000000,00NTRF000000632888//180007
PAGO
:61:071217C000000050000,00NTRF000000632905//180007
PAGO
:61:071217C000000459009,00NTRF000000632005//180007
PAGO
:61:071217C000003000000,00NTRF000000632009//180007
PAGO
:61:071217C000000400380,00NTRF000000632018//180007
PAGO
:61:071217C000000100000,00NTRF000000632106//180007
PAGO
:62M:C071217VEB016290001052,61
-}{5:{CHK:1143FB20924B}}{S:{COP:S}}${1:F21VZCRVECAAXXX5410610696}{4:{177:0404021720}{451:0}}{1:F01VZCRVECAAXXX5410610696}{2:09501717040402VZCRVECAAXXX40812675430404021720N}{3:{108:SCONNECT}}{4:
:20:MI071217
:25:2222222222
:28C:0272/217
:60M:C071217VEB016290001052,61
:61:071217C000000800000,00NTRF000000632165//180007
PAGO
:61:071217C000000442500,00NTRF000015517903//180007
PAGO
:61:071217C000000700000,00NTRF000015518322//180007
PAGO
:61:071217C000000350000,00NTRF000015519802//180007
PAGO
:61:071217C000000100000,00NTRF000015521571//180007
PAGO
:61:071217C000000150000,00NTRF000015522846//180007
PAGO
:61:071217C000000700000,00NTRF000015523600//180007
PAGO
:61:071217C000000500000,00NTRF000015522854//180007
PAGO
:61:071217C000000100000,00NTRF000015524172//180007
PAGO
:62M:C071217VEB016293843552,61
-}{5:{CHK:1143FB20924B}}{S:{COP:S}}${1:F21VZCRVECAAXXX5410610696}{4:{177:0404021720}{451:0}}{1:F01VZCRVECAAXXX5410610696}{2:09501717040402VZCRVECAAXXX40812675430404021720N}{3:{108:SCONNECT}}{4:
:20:MI071217
:25:2222222222
:28C:0272/218
:60M:C071217VEB016293843552,61
:61:071217C000000300000,00NTRF000015504246//180007
PAGO
:61:071217C000004000000,00NTRF000015504513//180007
PAGO
:61:071217C000000028500,00NTRF000015505848//180007
PAGO
:61:071217C000001880000,00NTRF000015506846//180007
PAGO
:61:071217C000000500000,00NTRF000015506962//180007
PAGO
:61:071217C000007000000,00NTRF000015507192//180007
PAGO
:61:071217C000000300000,00NTRF000015507628//180007
PAGO
:61:071217C000001200000,00NTRF000046720774//180007
PAGO
:61:071217C000001036000,00NTRF000046723213//180007
PAGO
:62M:C071217VEB016310088052,61
-}{5:{CHK:1143FB20924B}}{S:{COP:S}}${1:F21VZCRVECAAXXX5410610696}{4:{177:0404021720}{451:0}}{1:F01VZCRVECAAXXX5410610696}{2:09501717040402VZCRVECAAXXX40812675430404021720N}{3:{108:SCONNECT}}{4:
:20:MI071217
:25:2222222222
:28C:0272/219
:60M:C071217VEB016310088052,61
:61:071217C000002100000,00NTRF000046686102//180007
PAGO
:61:071217C000002500000,00NTRF000046686360//180007
PAGO
:61:071217C000000500000,00NTRF000046655792//180007
PAGO
:61:071217C000001200000,00NTRF000046663750//180007
PAGO
:61:071217C000000900000,00NTRF000046644592//180007
PAGO
:61:071217C000002250000,00NTRF000046645222//180007
PAGO
:61:071217C000000300000,00NTRF000046648383//180007
PAGO
:61:071217C000000500000,00NTRF000046709541//180007
PAGO
:61:071217C000000500000,00NTRF000046709924//180007
PAGO
:62M:C071217VEB016320838052,61
-}{5:{CHK:1143FB20924B}}{S:{COP:S}}${1:F21VZCRVECAAXXX5410610696}{4:{177:0404021720}{451:0}}{1:F01VZCRVECAAXXX5410610696}{2:09501717040402VZCRVECAAXXX40812675430404021720N}{3:{108:SCONNECT}}{4:
:20:MI071217
:25:2222222222
:28C:0272/220
:60M:C071217VEB016320838052,61
:61:071217C000000209000,00NTRF000046712260//180007
PAGO
:61:071217C000000800000,00NTRF000046713192//180007
PAGO
:61:071217C000000362100,00NTRF000046714625//180007
PAGO
:61:071217C000000246500,00NTRF000046715082//180007
PAGO
:61:071217C000000743357,50NTRF000003534818//180007
PAGO
:61:071217C000035758934,40NTRF000003534826//180007
PAGO
:61:071217C000000555900,00NTRF000003534841//180007
PAGO
:61:071217C000000266000,00NTRF000003534842//180007
PAGO
:61:071217C000043510073,00NTRF000003534843//180007
PAGO
:62M:C071217VEB016403289917,51
-}{5:{CHK:1143FB20924B}}{S:{COP:S}}${1:F21VZCRVECAAXXX5410610696}{4:{177:0404021720}{451:0}}{1:F01VZCRVECAAXXX5410610696}{2:09501717040402VZCRVECAAXXX40812675430404021720N}{3:{108:SCONNECT}}{4:
:20:MI071217
:25:2222222222
:28C:0272/221
:60M:C071217VEB016403289917,51
:61:071217C000556994927,00NTRF000003534854//180007
PAGO
:61:071217C000000360000,00NTRF000000630498//180007
PAGO
:61:071217C000000180000,00NTRF000000630887//180007
PAGO
:61:071217C000000080000,00NTRF000000630899//180007
PAGO
:61:071217C000001000000,00NTRF000000630832//180007
PAGO
:61:071217C000000095000,00NTRF000000630792//180007
PAGO
:61:071217C000000026500,00NTRF000000630782//180007
PAGO
:61:071217C000001000000,00NTRF000000630703//180007
PAGO
:61:071217C000001000000,00NTRF000000630698//180007
PAGO
:62M:C071217VEB016964026344,51
-}{5:{CHK:1143FB20924B}}{S:{COP:S}}${1:F21VZCRVECAAXXX5410610696}{4:{177:0404021720}{451:0}}{1:F01VZCRVECAAXXX5410610696}{2:09501717040402VZCRVECAAXXX40812675430404021720N}{3:{108:SCONNECT}}{4:
:20:MI071217
:25:2222222222
:28C:0272/222
:60M:C071217VEB016964026344,51
:61:071217C000077993013,00NTRF000003534877//180007
PAGO
:61:071217C000003500000,00NTRF000000630160//180007
PAGO
:61:071217C000002000000,00NTRF000000639781//180007
PAGO
:61:071217C000007500000,00NTRF000000639786//180007
PAGO
:61:071217C000000500000,00NTRF000000639906//180007
PAGO
:61:071217C000006000000,00NTRF000000639918//180007
PAGO
:61:071217C000000211600,00NTRF000000639921//180007
PAGO
:61:071217C000005000000,00NTRF000000641055//180007
PAGO
:61:071217C000005000000,00NTRF000000641066//180007
PAGO
:62M:C071217VEB017071730957,51
-}{5:{CHK:1143FB20924B}}{S:{COP:S}}${1:F21VZCRVECAAXXX5410610696}{4:{177:0404021720}{451:0}}{1:F01VZCRVECAAXXX5410610696}{2:09501717040402VZCRVECAAXXX40812675430404021720N}{3:{108:SCONNECT}}{4:
:20:MI071217
:25:2222222222
:28C:0272/223
:60M:C071217VEB017071730957,51
:61:071217C000000500000,00NTRF000000641245//180007
PAGO
:61:071217C000002800000,00NTRF000000641270//180007
PAGO
:61:071217C000000500000,00NTRF000000641296//180007
PAGO
:61:071217C000000866000,00NTRF000000640336//180007
PAGO
:61:071217C000000375000,00NTRF000000640351//180007
PAGO
:61:071217C000000258000,00NTRF000000640464//180007
PAGO
:61:071217C000001000000,00NTRF000000640533//180007
PAGO
:61:071217C000000700000,00NTRF000000024349//180007
PAGO
:61:071217C000001000000,00NTRF000000024302//180007
PAGO
:62M:C071217VEB017079729957,51
-}{5:{CHK:1143FB20924B}}{S:{COP:S}}${1:F21VZCRVECAAXXX5410610696}{4:{177:0404021720}{451:0}}{1:F01VZCRVECAAXXX5410610696}{2:09501717040402VZCRVECAAXXX40812675430404021720N}{3:{108:SCONNECT}}{4:
:20:MI071217
:25:2222222222
:28C:0272/224
:60M:C071217VEB017079729957,51
:61:071217C000000151000,00NTRF000000024029//180007
PAGO
:61:071217C000000311378,82NTRF000000023977//180007
PAGO
:61:071217C000000500000,00NTRF000000023926//180007
PAGO
:61:071217C000000100000,00NTRF000000023853//180007
PAGO
:61:071217C000000400000,00NTRF000000023705//180007
PAGO
:61:071217C000001750000,00NTRF000000023710//180007
PAGO
:61:071217C000000425000,00NTRF000000023672//180007
PAGO
:61:071217C000000369615,29NTRF000000023554//180007
PAGO
:61:071217C000000300000,00NTRF000000023558//180007
PAGO
:62M:C071217VEB017084036951,62
-}{5:{CHK:1143FB20924B}}{S:{COP:S}}${1:F21VZCRVECAAXXX5410610696}{4:{177:0404021720}{451:0}}{1:F01VZCRVECAAXXX5410610696}{2:09501717040402VZCRVECAAXXX40812675430404021720N}{3:{108:SCONNECT}}{4:
:20:MI071217
:25:2222222222
:28C:0272/225
:60M:C071217VEB017084036951,62
:61:071217C000000506000,00NTRF000000023537//180007
PAGO
:61:071217C000000380000,00NTRF000000023540//180007
PAGO
:61:071217C000001000000,00NTRF000000023517//180007
PAGO
:61:071217C000000900000,00NTRF000000023494//180007
PAGO
:61:071217C000000500000,00NTRF000000632227//180007
PAGO
:61:071217C000000500000,00NTRF000000632250//180007
PAGO
:61:071217C000000890000,00NTRF000000632302//180007
PAGO
:61:071217C000000890000,00NTRF000000632310//180007
PAGO
:61:071217C000000095000,00NTRF000000632318//180007
PAGO
:62M:C071217VEB017089697951,62
-}{5:{CHK:1143FB20924B}}{S:{COP:S}}${1:F21VZCRVECAAXXX5410610696}{4:{177:0404021720}{451:0}}{1:F01VZCRVECAAXXX5410610696}{2:09501717040402VZCRVECAAXXX40812675430404021720N}{3:{108:SCONNECT}}{4:
:20:MI071217
:25:2222222222
:28C:0272/226
:60M:C071217VEB017089697951,62
:61:071217C000000260000,00NTRF000000632340//180007
PAGO
:61:071217C000005000000,00NTRF000000632416//180007
PAGO
:61:071217C000000200000,00NTRF000000632441//180007
PAGO
:61:071217D017095157951,62NTRF000020071217//180007
N/D
:62F:C071217VEB000000000000,00
-}{5:{CHK:96FA6004455F}}{S:{COP:S}}$