{1:F21CONSVECAAXXX5141906089}{4:{177:0806180701}{451:0}}{1:F01CONSVECAAXXX5141906089}{2:O9500703080618BPROVECAAXXX63267313790806180703N}{4:
:20:EC95004220080617
:25:01080090150500000806
:28C:08169/00001
:60F:D080617VEF5948445,35
:61:0806170617DB500000,00NCHK000003709//000003709
CAMARA RECIBIDA COMPENSACION      
:61:0806170617CB1000000,00NLDP000076853//000076853
DEPOSITO EN EFECTIVO              
:61:0806170617CB1000000,00NLDP000076854//000076854
DEPOSITO EN EFECTIVO              
:61:0806170617DB20506,00NCHK000000000//000000000
CARGO POR CHEQUE DEVUELTO         
:62F:D080617VEF4468951,35
:64:D080617VEF4468951,35
-}{5:{CHK:3979D54E575F}}{S:{COP:S}}
