{1:F21VZCRVECAAXXX5410610696}{4:{177:0404021720}{451:0}}{1:F01VZCRVECAAXXX5410610696}{2:09501717040402VZCRVECAAXXX40812675430404021720N}{3:{108:SCONNECT}}{4:
:20:MI081218
:25:2222222222
:28C:0522/001
:60F:C081218VEF000000000000,00
:62M:C081218VEF000000000000,00
-}{5:{CHK:1143FB20924B}}{S:{COP:S}}${1:F21VZCRVECAAXXX5410610696}{4:{177:0404021720}{451:0}}{1:F01VZCRVECAAXXX5410610696}{2:09501717040402VZCRVECAAXXX40812675430404021720N}{3:{108:SCONNECT}}{4:
:20:MI081218
:25:2222222222
:28C:0522/002
:60M:C081218VEF000000000000,00
:61:081218C000000009617,79NTRF000000000050//180010
PAGO
:61:081218C000000000682,29NTRF000000000047//180010
PAGO
:61:081218C000000000360,53NTRF000000000409//180010
PAGO
:61:081218C000000036995,85NTRF000000000930//180010
PAGO
:61:081218C000000014677,70NTRF000000000932//180010
PAGO
:61:081218C000000010404,96NTRF000000000934//180010
PAGO
:61:081218C000000012977,57NTRF000000000927//180010
PAGO
:61:081218C000000023050,00NTRF000000000889//180010
PAGO
:61:081218C000000022306,28NTRF000000000845//180010
PAGO
:62M:C081218VEF000000131072,97
-}{5:{CHK:1143FB20924B}}{S:{COP:S}}${1:F21VZCRVECAAXXX5410610696}{4:{177:0404021720}{451:0}}{1:F01VZCRVECAAXXX5410610696}{2:09501717040402VZCRVECAAXXX40812675430404021720N}{3:{108:SCONNECT}}{4:
:20:MI081218
:25:2222222222
:28C:0522/003
:60M:C081218VEF000000131072,97
:61:081218C000000000122,10NTRF000000000721//180010
PAGO
:61:081218C000000000702,45NTRF000000000722//180010
PAGO
:61:081218C000000003389,83NTRF000000000715//180010
PAGO
:61:081218C000001444831,81NTRF000000000390//180010
PAGO
:61:081218C000000000893,67NTRF000000000234//180010
PAGO
:61:081218C000000000300,00NTRF000000288391//180010
PAGO
:61:081218C000000000015,00NTRF000000288426//180010
PAGO
:61:081218C000000004922,27NTRF000002454306//180010
PAGO
:61:081218C000000476948,09NTRF000002454307//180010
PAGO
:62M:C081218VEF000002063198,19
-}{5:{CHK:1143FB20924B}}{S:{COP:S}}${1:F21VZCRVECAAXXX5410610696}{4:{177:0404021720}{451:0}}{1:F01VZCRVECAAXXX5410610696}{2:09501717040402VZCRVECAAXXX40812675430404021720N}{3:{108:SCONNECT}}{4:
:20:MI081218
:25:2222222222
:28C:0522/004
:60M:C081218VEF000002063198,19
:61:081218C000000177108,06NTRF000002454308//180010
PAGO
:61:081218C000000002106,00NTRF000002454321//180010
PAGO
:61:081218C000000000500,00NTRF000000289197//180010
PAGO
:61:081218C000000000200,00NTRF000000289251//180010
PAGO
:61:081218C000000000070,00NTRF000000289276//180010
PAGO
:61:081218C000000000345,00NTRF000000289392//180010
PAGO
:61:081218C000000002000,00NTRF000000289472//180010
PAGO
:61:081218C000000009000,00NTRF000000289484//180010
PAGO
:61:081218C000000000400,00NTRF000000289594//180010
PAGO
:62M:C081218VEF000002254927,25
-}{5:{CHK:1143FB20924B}}{S:{COP:S}}${1:F21VZCRVECAAXXX5410610696}{4:{177:0404021720}{451:0}}{1:F01VZCRVECAAXXX5410610696}{2:09501717040402VZCRVECAAXXX40812675430404021720N}{3:{108:SCONNECT}}{4:
:20:MI081218
:25:2222222222
:28C:0522/005
:60M:C081218VEF000002254927,25
:61:081218C000000025000,00NTRF000000289610//180010
PAGO
:61:081218C000000000060,00NTRF000000289698//180010
PAGO
:61:081218C000000000050,00NTRF000000289700//180010
PAGO
:61:081218C000000001500,00NTRF000000289726//180010
PAGO
:61:081218C000000001880,00NTRF000000289784//180010
PAGO
:61:081218C000000008000,00NTRF000000289788//180010
PAGO
:61:081218C000000005000,00NTRF000000289815//180010
PAGO
:61:081218C000000001090,73NTRF000000290922//180010
PAGO
:61:081218C000000037473,68NTRF000003260648//180010
PAGO
:62M:C081218VEF000002334981,66
-}{5:{CHK:1143FB20924B}}{S:{COP:S}}${1:F21VZCRVECAAXXX5410610696}{4:{177:0404021720}{451:0}}{1:F01VZCRVECAAXXX5410610696}{2:09501717040402VZCRVECAAXXX40812675430404021720N}{3:{108:SCONNECT}}{4:
:20:MI081218
:25:2222222222
:28C:0522/006
:60M:C081218VEF000002334981,66
:61:081218C000000003839,80NTRF000003260659//180010
PAGO
:61:081218C000000001102,80NTRF000003260675//180010
PAGO
:61:081218C000000000195,00NTRF000000289973//180010
PAGO
:61:081218C000000000300,00NTRF000000290013//180010
PAGO
:61:081218C000000000200,00NTRF000000290050//180010
PAGO
:61:081218C000000000170,00NTRF000000290070//180010
PAGO
:61:081218C000000003000,00NTRF000000290082//180010
PAGO
:61:081218C000000000782,17NTRF000000290921//180010
PAGO
:61:081218C000000001355,00NTRF000000290891//180010
PAGO
:62M:C081218VEF000002345926,43
-}{5:{CHK:1143FB20924B}}{S:{COP:S}}${1:F21VZCRVECAAXXX5410610696}{4:{177:0404021720}{451:0}}{1:F01VZCRVECAAXXX5410610696}{2:09501717040402VZCRVECAAXXX40812675430404021720N}{3:{108:SCONNECT}}{4:
:20:MI081218
:25:2222222222
:28C:0522/007
:60M:C081218VEF000002345926,43
:61:081218C000000000800,00NTRF000000290809//180010
PAGO
:61:081218C000000005500,00NTRF000002454326//180010
PAGO
:61:081218C000000000600,00NTRF000000290554//180010
PAGO
:61:081218C000000000380,00NTRF000003260727//180010
PAGO
:61:081218C000000001102,25NTRF000003260725//180010
PAGO
:61:081218C000000000134,20NTRF000003260724//180010
PAGO
:61:081218C000000000728,42NTRF000003260723//180010
PAGO
:61:081218C000000010000,00NTRF000000295179//180010
PAGO
:61:081218C000000010000,00NTRF000000295199//180010
PAGO
:62M:C081218VEF000002375171,30
-}{5:{CHK:1143FB20924B}}{S:{COP:S}}${1:F21VZCRVECAAXXX5410610696}{4:{177:0404021720}{451:0}}{1:F01VZCRVECAAXXX5410610696}{2:09501717040402VZCRVECAAXXX40812675430404021720N}{3:{108:SCONNECT}}{4:
:20:MI081218
:25:2222222222
:28C:0522/008
:60M:C081218VEF000002375171,30
:61:081218C000000008580,89NTRF000000294440//180010
PAGO
:61:081218C000000010000,00NTRF000000294470//180010
PAGO
:61:081218C000000001000,00NTRF000000294345//180010
PAGO
:61:081218C000000000150,00NTRF000000295314//180010
PAGO
:61:081218C000000001700,00NTRF000000295229//180010
PAGO
:61:081218C000000000275,00NTRF000002454549//180010
PAGO
:61:081218C000000000633,55NTRF000002454553//180010
PAGO
:61:081218C000000000700,00NTRF000000292416//180010
PAGO
:61:081218C000000003000,00NTRF000000292422//180010
PAGO
:62M:C081218VEF000002401210,74
-}{5:{CHK:1143FB20924B}}{S:{COP:S}}${1:F21VZCRVECAAXXX5410610696}{4:{177:0404021720}{451:0}}{1:F01VZCRVECAAXXX5410610696}{2:09501717040402VZCRVECAAXXX40812675430404021720N}{3:{108:SCONNECT}}{4:
:20:MI081218
:25:2222222222
:28C:0522/009
:60M:C081218VEF000002401210,74
:61:081218C000000000146,00NTRF000000292466//180010
PAGO
:61:081218C000000004050,00NTRF000000292521//180010
PAGO
:61:081218C000000004750,00NTRF000000292549//180010
PAGO
:61:081218C000000000400,00NTRF000000292641//180010
PAGO
:61:081218C000000000240,00NTRF000000292652//180010
PAGO
:61:081218C000000002000,00NTRF000000292662//180010
PAGO
:61:081218C000000000200,00NTRF000000292678//180010
PAGO
:61:081218C000000000100,00NTRF000000292799//180010
PAGO
:61:081218C000000000250,00NTRF000000292853//180010
PAGO
:62M:C081218VEF000002413346,74
-}{5:{CHK:1143FB20924B}}{S:{COP:S}}${1:F21VZCRVECAAXXX5410610696}{4:{177:0404021720}{451:0}}{1:F01VZCRVECAAXXX5410610696}{2:09501717040402VZCRVECAAXXX40812675430404021720N}{3:{108:SCONNECT}}{4:
:20:MI081218
:25:2222222222
:28C:0522/010
:60M:C081218VEF000002413346,74
:61:081218C000000004000,00NTRF000000292894//180010
PAGO
:61:081218C000000001000,00NTRF000000292954//180010
PAGO
:61:081218C000000001075,00NTRF000000291889//180010
PAGO
:61:081218C000000005880,00NTRF000000291892//180010
PAGO
:61:081218C000000012666,00NTRF000000292004//180010
PAGO
:61:081218C000000000400,00NTRF000000292027//180010
PAGO
:61:081218C000000020000,00NTRF000000292109//180010
PAGO
:61:081218C000000000120,00NTRF000000292131//180010
PAGO
:61:081218C000000000450,00NTRF000000292170//180010
PAGO
:62M:C081218VEF000002458937,74
-}{5:{CHK:1143FB20924B}}{S:{COP:S}}${1:F21VZCRVECAAXXX5410610696}{4:{177:0404021720}{451:0}}{1:F01VZCRVECAAXXX5410610696}{2:09501717040402VZCRVECAAXXX40812675430404021720N}{3:{108:SCONNECT}}{4:
:20:MI081218
:25:2222222222
:28C:0522/011
:60M:C081218VEF000002458937,74
:61:081218C000000000200,00NTRF000000292184//180010
PAGO
:61:081218C000000000873,00NTRF000000292305//180010
PAGO
:61:081218C000000001317,00NTRF000000292314//180010
PAGO
:61:081218C000000002000,00NTRF000027518334//180010
PAGO
:61:081218C000000000842,00NTRF000027518587//180010
PAGO
:61:081218C000000009300,00NTRF000027515311//180010
PAGO
:61:081218C000000004006,00NTRF000027515362//180010
PAGO
:61:081218C000000000390,00NTRF000027515123//180010
PAGO
:61:081218C000000003000,00NTRF000027508597//180010
PAGO
:62M:C081218VEF000002480865,74
-}{5:{CHK:1143FB20924B}}{S:{COP:S}}${1:F21VZCRVECAAXXX5410610696}{4:{177:0404021720}{451:0}}{1:F01VZCRVECAAXXX5410610696}{2:09501717040402VZCRVECAAXXX40812675430404021720N}{3:{108:SCONNECT}}{4:
:20:MI081218
:25:2222222222
:28C:0522/012
:60M:C081218VEF000002480865,74
:61:081218C000000012228,08NTRF000027508931//180010
PAGO
:61:081218C000000000230,00NTRF000027509917//180010
PAGO
:61:081218C000000000350,00NTRF000027511337//180010
PAGO
:61:081218C000000000200,00NTRF000027513683//180010
PAGO
:61:081218C000000001046,80NTRF000027504443//180010
PAGO
:61:081218C000000000560,00NTRF000027507552//180010
PAGO
:61:081218C000000004700,00NTRF000027508648//180010
PAGO
:61:081218C000000008000,00NTRF000027509029//180010
PAGO
:61:081218C000000001000,00NTRF000027510104//180010
PAGO
:62M:C081218VEF000002509180,62
-}{5:{CHK:1143FB20924B}}{S:{COP:S}}${1:F21VZCRVECAAXXX5410610696}{4:{177:0404021720}{451:0}}{1:F01VZCRVECAAXXX5410610696}{2:09501717040402VZCRVECAAXXX40812675430404021720N}{3:{108:SCONNECT}}{4:
:20:MI081218
:25:2222222222
:28C:0522/013
:60M:C081218VEF000002509180,62
:61:081218C000000002325,00NTRF000027505384//180010
PAGO
:61:081218C000000000267,30NTRF000027505332//180010
PAGO
:61:081218C000000000250,00NTRF000027512010//180010
PAGO
:61:081218C000000000529,83NTRF000027494243//180010
PAGO
:61:081218C000000001000,00NTRF000027495041//180010
PAGO
:61:081218C000000000500,00NTRF000027496162//180010
PAGO
:61:081218C000000004394,49NTRF000027496821//180010
PAGO
:61:081218C000000009480,00NTRF000027497446//180010
PAGO
:61:081218C000000001410,00NTRF000027498896//180010
PAGO
:62M:C081218VEF000002529337,24
-}{5:{CHK:1143FB20924B}}{S:{COP:S}}${1:F21VZCRVECAAXXX5410610696}{4:{177:0404021720}{451:0}}{1:F01VZCRVECAAXXX5410610696}{2:09501717040402VZCRVECAAXXX40812675430404021720N}{3:{108:SCONNECT}}{4:
:20:MI081218
:25:2222222222
:28C:0522/014
:60M:C081218VEF000002529337,24
:61:081218C000000002000,00NTRF000027500398//180010
PAGO
:61:081218C000000000300,00NTRF000027501891//180010
PAGO
:61:081218C000000000175,00NTRF000027488547//180010
PAGO
:61:081218C000000020000,00NTRF000027491457//180010
PAGO
:61:081218C000000000150,00NTRF000027491851//180010
PAGO
:61:081218C000000003000,00NTRF000027488897//180010
PAGO
:61:081218C000000000090,00NTRF000027503332//180010
PAGO
:61:081218C000000004000,00NTRF000027493126//180010
PAGO
:61:081218C000000001455,00NTRF000000108353//180010
PAGO
:62M:C081218VEF000002560507,24
-}{5:{CHK:1143FB20924B}}{S:{COP:S}}${1:F21VZCRVECAAXXX5410610696}{4:{177:0404021720}{451:0}}{1:F01VZCRVECAAXXX5410610696}{2:09501717040402VZCRVECAAXXX40812675430404021720N}{3:{108:SCONNECT}}{4:
:20:MI081218
:25:2222222222
:28C:0522/015
:60M:C081218VEF000002560507,24
:61:081218C000000000695,30NTRF000000000951//180010
PAGO
:61:081218C000000001698,49NTRF000000000952//180010
PAGO
:61:081218C000000000546,59NTRF000000000237//180010
PAGO
:61:081218C000000000900,00NTRF000000000990//180010
PAGO
:61:081218C000000000115,50NTRF000000000980//180010
PAGO
:61:081218C000000000108,03NTRF000000000544//180010
PAGO
:61:081218C000000000502,50NTRF000000000536//180010
PAGO
:61:081218C000000010677,08NTRF000000000647//180010
PAGO
:61:081218C000000010921,10NTRF000000000638//180010
PAGO
:62M:C081218VEF000002586671,83
-}{5:{CHK:1143FB20924B}}{S:{COP:S}}${1:F21VZCRVECAAXXX5410610696}{4:{177:0404021720}{451:0}}{1:F01VZCRVECAAXXX5410610696}{2:09501717040402VZCRVECAAXXX40812675430404021720N}{3:{108:SCONNECT}}{4:
:20:MI081218
:25:2222222222
:28C:0522/016
:60M:C081218VEF000002586671,83
:61:081218C000000000370,85NTRF000000000641//180010
PAGO
:61:081218C000000000745,00NTRF000000000611//180010
PAGO
:61:081218C000000000713,50NTRF000000000593//180010
PAGO
:61:081218C000000006373,72NTRF000000000578//180010
PAGO
:61:081218C000000000119,54NTRF000000000588//180010
PAGO
:61:081218C000000001771,85NTRF000000000573//180010
PAGO
:61:081218C000000103197,39NTRF000000000577//180010
PAGO
:61:081218C000000001800,00NTRF000000000716//180010
PAGO
:61:081218C000000001800,00NTRF000000000718//180010
PAGO
:62M:C081218VEF000002703563,68
-}{5:{CHK:1143FB20924B}}{S:{COP:S}}${1:F21VZCRVECAAXXX5410610696}{4:{177:0404021720}{451:0}}{1:F01VZCRVECAAXXX5410610696}{2:09501717040402VZCRVECAAXXX40812675430404021720N}{3:{108:SCONNECT}}{4:
:20:MI081218
:25:2222222222
:28C:0522/017
:60M:C081218VEF000002703563,68
:61:081218C000000000750,00NTRF000000000719//180010
PAGO
:61:081218C000000011368,00NTRF000000000678//180010
PAGO
:61:081218C000000010123,24NTRF000000000680//180010
PAGO
:61:081218C000000087645,97NTRF000000000681//180010
PAGO
:61:081218C000000000753,29NTRF000000000658//180010
PAGO
:61:081218C000000001091,92NTRF000000000659//180010
PAGO
:61:081218C000000001409,45NTRF000000000660//180010
PAGO
:61:081218C000000000700,00NTRF000027523750//180010
PAGO
:61:081218C000000000700,00NTRF000027521502//180010
PAGO
:62M:C081218VEF000002818105,55
-}{5:{CHK:1143FB20924B}}{S:{COP:S}}${1:F21VZCRVECAAXXX5410610696}{4:{177:0404021720}{451:0}}{1:F01VZCRVECAAXXX5410610696}{2:09501717040402VZCRVECAAXXX40812675430404021720N}{3:{108:SCONNECT}}{4:
:20:MI081218
:25:2222222222
:28C:0522/018
:60M:C081218VEF000002818105,55
:61:081218C000000000065,00NTRF000027522645//180010
PAGO
:61:081218C000000000075,00NTRF000027523221//180010
PAGO
:61:081218C000000001349,50NTRF000027521339//180010
PAGO
:61:081218C000000000140,00NTRF000027520997//180010
PAGO
:61:081218C000000000105,00NTRF000000298983//180010
PAGO
:61:081218C000000109802,06NTRF000003261848//180010
PAGO
:61:081218C000000001291,14NTRF000003262097//180010
PAGO
:61:081218C000000000081,56NTRF000003262730//180010
PAGO
:61:081218C000000011543,82NTRF000002454969//180010
PAGO
:62M:C081218VEF000002942558,63
-}{5:{CHK:1143FB20924B}}{S:{COP:S}}${1:F21VZCRVECAAXXX5410610696}{4:{177:0404021720}{451:0}}{1:F01VZCRVECAAXXX5410610696}{2:09501717040402VZCRVECAAXXX40812675430404021720N}{3:{108:SCONNECT}}{4:
:20:MI081218
:25:2222222222
:28C:0522/019
:60M:C081218VEF000002942558,63
:61:081218C000000019366,94NTRF000002454996//180010
PAGO
:61:081218C000000001290,00NTRF000002455014//180010
PAGO
:61:081218C000000002542,28NTRF000003261499//180010
PAGO
:61:081218C000000001908,04NTRF000003261685//180010
PAGO
:61:081218C000000000463,68NTRF000003261729//180010
PAGO
:61:081218C000000005589,10NTRF000003261755//180010
PAGO
:61:081218C000000000323,82NTRF000003261759//180010
PAGO
:61:081218C000000005000,00NTRF000000295699//180010
PAGO
:61:081218C000000000230,00NTRF000000295831//180010
PAGO
:62M:C081218VEF000002979272,49
-}{5:{CHK:1143FB20924B}}{S:{COP:S}}${1:F21VZCRVECAAXXX5410610696}{4:{177:0404021720}{451:0}}{1:F01VZCRVECAAXXX5410610696}{2:09501717040402VZCRVECAAXXX40812675430404021720N}{3:{108:SCONNECT}}{4:
:20:MI081218
:25:2222222222
:28C:0522/020
:60M:C081218VEF000002979272,49
:61:081218C000000002000,00NTRF000000295870//180010
PAGO
:61:081218C000000000300,00NTRF000000295880//180010
PAGO
:61:081218C000000002320,00NTRF000000295893//180010
PAGO
:61:081218C000000003615,00NTRF000000295910//180010
PAGO
:61:081218C000000000120,00NTRF000000295521//180010
PAGO
:61:081218C000000001500,00NTRF000000295523//180010
PAGO
:61:081218C000000000413,05NTRF000003261760//180010
PAGO
:61:081218C000000003983,85NTRF000003261803//180010
PAGO
:61:081218C000000000176,00NTRF000000295543//180010
PAGO
:62M:C081218VEF000002993700,39
-}{5:{CHK:1143FB20924B}}{S:{COP:S}}${1:F21VZCRVECAAXXX5410610696}{4:{177:0404021720}{451:0}}{1:F01VZCRVECAAXXX5410610696}{2:09501717040402VZCRVECAAXXX40812675430404021720N}{3:{108:SCONNECT}}{4:
:20:MI081218
:25:2222222222
:28C:0522/021
:60M:C081218VEF000002993700,39
:61:081218C000000003000,00NTRF000000295550//180010
PAGO
:61:081218C000000000700,00NTRF000000295575//180010
PAGO
:61:081218C000000001000,00NTRF000000295579//180010
PAGO
:61:081218C000000001800,00NTRF000000295654//180010
PAGO
:61:081218C000000010000,00NTRF000000295688//180010
PAGO
:61:081218C000000001620,00NTRF000000295695//180010
PAGO
:61:081218C000000000197,02NTRF000003262904//180010
PAGO
:61:081218C000000000073,64NTRF000003262935//180010
PAGO
:61:081218C000000003075,59NTRF000003263444//180010
PAGO
:62M:C081218VEF000003015166,64
-}{5:{CHK:1143FB20924B}}{S:{COP:S}}${1:F21VZCRVECAAXXX5410610696}{4:{177:0404021720}{451:0}}{1:F01VZCRVECAAXXX5410610696}{2:09501717040402VZCRVECAAXXX40812675430404021720N}{3:{108:SCONNECT}}{4:
:20:MI081218
:25:2222222222
:28C:0522/022
:60M:C081218VEF000003015166,64
:61:081218C000000046309,54NTRF000003263483//180010
PAGO
:61:081218C000000000321,54NTRF000003263497//180010
PAGO
:61:081218C000000000659,94NTRF000003263533//180010
PAGO
:61:081218C000000004500,00NTRF000000295938//180010
PAGO
:61:081218C000000000500,00NTRF000000296111//180010
PAGO
:61:081218C000000041246,26NTRF000002454878//180010
PAGO
:61:081218C000000000215,38NTRF000003262817//180010
PAGO
:61:081218C000000000134,54NTRF000003262527//180010
PAGO
:61:081218C000000000029,28NTRF000003262045//180010
PAGO
:62M:C081218VEF000003109083,12
-}{5:{CHK:1143FB20924B}}{S:{COP:S}}${1:F21VZCRVECAAXXX5410610696}{4:{177:0404021720}{451:0}}{1:F01VZCRVECAAXXX5410610696}{2:09501717040402VZCRVECAAXXX40812675430404021720N}{3:{108:SCONNECT}}{4:
:20:MI081218
:25:2222222222
:28C:0522/023
:60M:C081218VEF000003109083,12
:61:081218C000000000500,00NTRF000003261807//180010
PAGO
:61:081218C000000001000,00NTRF000000298909//180010
PAGO
:61:081218C000000001091,48NTRF000000298794//180010
PAGO
:61:081218C000000000133,74NTRF000003263879//180010
PAGO
:61:081218C000000000641,63NTRF000003263781//180010
PAGO
:61:081218C000000001168,77NTRF000003263534//180010
PAGO
:61:081218C000000100799,66NTRF000083215344//180010
PAGO
:61:081218C000000329024,05NTRF000083216383//180010
PAGO
:61:081218C000000001500,00NTRF000083207541//180010
PAGO
:62M:C081218VEF000003544942,45
-}{5:{CHK:1143FB20924B}}{S:{COP:S}}${1:F21VZCRVECAAXXX5410610696}{4:{177:0404021720}{451:0}}{1:F01VZCRVECAAXXX5410610696}{2:09501717040402VZCRVECAAXXX40812675430404021720N}{3:{108:SCONNECT}}{4:
:20:MI081218
:25:2222222222
:28C:0522/024
:60M:C081218VEF000003544942,45
:61:081218C000000001733,33NTRF000083243893//180010
PAGO
:61:081218C000000000508,27NTRF000083222473//180010
PAGO
:61:081218C000000002987,45NTRF000083228810//180010
PAGO
:61:081218C000000003044,58NTRF000083222436//180010
PAGO
:61:081218C000000008131,42NTRF000083226614//180010
PAGO
:61:081218C000000000093,57NTRF000083231094//180010
PAGO
:61:081218C000000000210,00NTRF000083224470//180010
PAGO
:61:081218C000000014072,03NTRF000083236075//180010
PAGO
:61:081218C000000000353,31NTRF000083226474//180010
PAGO
:62M:C081218VEF000003576076,41
-}{5:{CHK:1143FB20924B}}{S:{COP:S}}${1:F21VZCRVECAAXXX5410610696}{4:{177:0404021720}{451:0}}{1:F01VZCRVECAAXXX5410610696}{2:09501717040402VZCRVECAAXXX40812675430404021720N}{3:{108:SCONNECT}}{4:
:20:MI081218
:25:2222222222
:28C:0522/025
:60M:C081218VEF000003576076,41
:61:081218C000000000501,94NTRF000083209184//180010
PAGO
:61:081218C000000000231,08NTRF000083215742//180010
PAGO
:61:081218C000000006800,00NTRF000083210746//180010
PAGO
:61:081218C000000000070,00NTRF000083218332//180010
PAGO
:61:081218C000000001711,70NTRF000083244711//180010
PAGO
:61:081218C000000001950,00NTRF000083244630//180010
PAGO
:61:081218C000000044306,67NTRF000083216711//180010
PAGO
:61:081218C000000003564,75NTRF000083233732//180010
PAGO
:61:081218C000000046408,39NTRF000083233614//180010
PAGO
:62M:C081218VEF000003681620,94
-}{5:{CHK:1143FB20924B}}{S:{COP:S}}${1:F21VZCRVECAAXXX5410610696}{4:{177:0404021720}{451:0}}{1:F01VZCRVECAAXXX5410610696}{2:09501717040402VZCRVECAAXXX40812675430404021720N}{3:{108:SCONNECT}}{4:
:20:MI081218
:25:2222222222
:28C:0522/026
:60M:C081218VEF000003681620,94
:61:081218C000000008224,09NTRF000083233496//180010
PAGO
:61:081218C000000002022,35NTRF000083223534//180010
PAGO
:61:081218C000000001037,90NTRF000083227513//180010
PAGO
:61:081218C000000014210,12NTRF000083223755//180010
PAGO
:61:081218C000000000469,47NTRF000083225590//180010
PAGO
:61:081218C000000006346,94NTRF000083225310//180010
PAGO
:61:081218C000000005056,64NTRF000083222576//180010
PAGO
:61:081218C000000000590,00NTRF000083229834//180010
PAGO
:61:081218C000000163327,55NTRF000083212802//180010
PAGO
:62M:C081218VEF000003882906,00
-}{5:{CHK:1143FB20924B}}{S:{COP:S}}${1:F21VZCRVECAAXXX5410610696}{4:{177:0404021720}{451:0}}{1:F01VZCRVECAAXXX5410610696}{2:09501717040402VZCRVECAAXXX40812675430404021720N}{3:{108:SCONNECT}}{4:
:20:MI081218
:25:2222222222
:28C:0522/027
:60M:C081218VEF000003882906,00
:61:081218C000000001010,59NTRF000083222112//180010
PAGO
:61:081218C000000005836,90NTRF000083222230//180010
PAGO
:61:081218C000000002035,34NTRF000083222333//180010
PAGO
:61:081218C000000000834,60NTRF000083222252//180010
PAGO
:61:081218C000000002634,10NTRF000083213605//180010
PAGO
:61:081218C000000132951,26NTRF000083213502//180010
PAGO
:61:081218C000000000567,71NTRF000083209486//180010
PAGO
:61:081218C000000000350,00NTRF000083229134//180010
PAGO
:61:081218C000000001571,43NTRF000083216420//180010
PAGO
:62M:C081218VEF000004030697,93
-}{5:{CHK:1143FB20924B}}{S:{COP:S}}${1:F21VZCRVECAAXXX5410610696}{4:{177:0404021720}{451:0}}{1:F01VZCRVECAAXXX5410610696}{2:09501717040402VZCRVECAAXXX40812675430404021720N}{3:{108:SCONNECT}}{4:
:20:MI081218
:25:2222222222
:28C:0522/028
:60M:C081218VEF000004030697,93
:61:081218C000000021849,27NTRF000083216604//180010
PAGO
:61:081218C000000002000,00NTRF000083218494//180010
PAGO
:61:081218C000000036400,00NTRF000083210164//180010
PAGO
:61:081218C000000000200,00NTRF000083207456//180010
PAGO
:61:081218C000000005000,00NTRF000083195781//180010
PAGO
:61:081218C000000000500,00NTRF000083200600//180010
PAGO
:61:081218C000000000917,00NTRF000083200725//180010
PAGO
:61:081218C000000000750,00NTRF000083202243//180010
PAGO
:61:081218C000000005000,00NTRF000083203142//180010
PAGO
:62M:C081218VEF000004103314,20
-}{5:{CHK:1143FB20924B}}{S:{COP:S}}${1:F21VZCRVECAAXXX5410610696}{4:{177:0404021720}{451:0}}{1:F01VZCRVECAAXXX5410610696}{2:09501717040402VZCRVECAAXXX40812675430404021720N}{3:{108:SCONNECT}}{4:
:20:MI081218
:25:2222222222
:28C:0522/029
:60M:C081218VEF000004103314,20
:61:081218C000000000800,00NTRF000083203735//180010
PAGO
:61:081218C000000005000,00NTRF000083203912//180010
PAGO
:61:081218C000000000095,50NTRF000083110941//180010
PAGO
:61:081218C000000000100,00NTRF000083110996//180010
PAGO
:61:081218C000000000326,00NTRF000083111862//180010
PAGO
:61:081218C000000019447,22NTRF000083186994//180010
PAGO
:61:081218C000000000750,00NTRF000083187020//180010
PAGO
:61:081218C000000001125,00NTRF000083187871//180010
PAGO
:61:081218C000000000200,00NTRF000083189072//180010
PAGO
:62M:C081218VEF000004131157,92
-}{5:{CHK:1143FB20924B}}{S:{COP:S}}${1:F21VZCRVECAAXXX5410610696}{4:{177:0404021720}{451:0}}{1:F01VZCRVECAAXXX5410610696}{2:09501717040402VZCRVECAAXXX40812675430404021720N}{3:{108:SCONNECT}}{4:
:20:MI081218
:25:2222222222
:28C:0522/030
:60M:C081218VEF000004131157,92
:61:081218C000000000700,00NTRF000083189713//180010
PAGO
:61:081218C000000000320,00NTRF000083190741//180010
PAGO
:61:081218C000000001000,00NTRF000083191765//180010
PAGO
:61:081218C000000005000,00NTRF000083192303//180010
PAGO
:61:081218C000000004000,00NTRF000083192583//180010
PAGO
:61:081218C000000001000,00NTRF000083192771//180010
PAGO
:61:081218C000000003650,00NTRF000083192922//180010
PAGO
:61:081218C000000001030,00NTRF000083193095//180010
PAGO
:61:081218C000000003000,00NTRF000083193471//180010
PAGO
:62M:C081218VEF000004150857,92
-}{5:{CHK:1143FB20924B}}{S:{COP:S}}${1:F21VZCRVECAAXXX5410610696}{4:{177:0404021720}{451:0}}{1:F01VZCRVECAAXXX5410610696}{2:09501717040402VZCRVECAAXXX40812675430404021720N}{3:{108:SCONNECT}}{4:
:20:MI081218
:25:2222222222
:28C:0522/031
:60M:C081218VEF000004150857,92
:61:081218C000000000500,00NTRF000083176903//180010
PAGO
:61:081218C000000003755,05NTRF000083177706//180010
PAGO
:61:081218C000000000909,32NTRF000083181836//180010
PAGO
:61:081218C000000003000,00NTRF000083185992//180010
PAGO
:61:081218C000000002600,00NTRF000083152156//180010
PAGO
:61:081218C000000000020,00NTRF000083154492//180010
PAGO
:61:081218C000000000610,00NTRF000083154735//180010
PAGO
:61:081218C000000000240,00NTRF000083155520//180010
PAGO
:61:081218C000000000100,00NTRF000083138532//180010
PAGO
:62M:C081218VEF000004162592,29
-}{5:{CHK:1143FB20924B}}{S:{COP:S}}${1:F21VZCRVECAAXXX5410610696}{4:{177:0404021720}{451:0}}{1:F01VZCRVECAAXXX5410610696}{2:09501717040402VZCRVECAAXXX40812675430404021720N}{3:{108:SCONNECT}}{4:
:20:MI081218
:25:2222222222
:28C:0522/032
:60M:C081218VEF000004162592,29
:61:081218C000000003000,00NTRF000083138694//180010
PAGO
:61:081218C000000001500,00NTRF000083157852//180010
PAGO
:61:081218C000000028800,00NTRF000083159845//180010
PAGO
:61:081218C000000000170,00NTRF000083159893//180010
PAGO
:61:081218C000000000500,00NTRF000083160055//180010
PAGO
:61:081218C000000001300,00NTRF000083161783//180010
PAGO
:61:081218C000000004000,00NTRF000083164115//180010
PAGO
:61:081218C000000005000,00NTRF000083165456//180010
PAGO
:61:081218C000000000200,00NTRF000083166005//180010
PAGO
:62M:C081218VEF000004207062,29
-}{5:{CHK:1143FB20924B}}{S:{COP:S}}${1:F21VZCRVECAAXXX5410610696}{4:{177:0404021720}{451:0}}{1:F01VZCRVECAAXXX5410610696}{2:09501717040402VZCRVECAAXXX40812675430404021720N}{3:{108:SCONNECT}}{4:
:20:MI081218
:25:2222222222
:28C:0522/033
:60M:C081218VEF000004207062,29
:61:081218C000000000170,00NTRF000083166204//180010
PAGO
:61:081218C000000000500,00NTRF000083168153//180010
PAGO
:61:081218C000000022148,20NTRF000083168665//180010
PAGO
:61:081218C000000000650,00NTRF000083169531//180010
PAGO
:61:081218C000000000080,00NTRF000083170135//180010
PAGO
:61:081218C000000000080,00NTRF000083172294//180010
PAGO
:61:081218C000000300000,00NTRF000083172725//180010
PAGO
:61:081218C000000007337,00NTRF000083174302//180010
PAGO
:61:081218C000000000120,00NTRF000083174976//180010
PAGO
:62M:C081218VEF000004538147,49
-}{5:{CHK:1143FB20924B}}{S:{COP:S}}${1:F21VZCRVECAAXXX5410610696}{4:{177:0404021720}{451:0}}{1:F01VZCRVECAAXXX5410610696}{2:09501717040402VZCRVECAAXXX40812675430404021720N}{3:{108:SCONNECT}}{4:
:20:MI081218
:25:2222222222
:28C:0522/034
:60M:C081218VEF000004538147,49
:61:081218C000000000195,00NTRF000083175761//180010
PAGO
:61:081218C000000000775,00NTRF000083116946//180010
PAGO
:61:081218C000000003000,00NTRF000083117705//180010
PAGO
:61:081218C000000000500,00NTRF000083120096//180010
PAGO
:61:081218C000000001000,00NTRF000083122701//180010
PAGO
:61:081218C000000005431,14NTRF000083126396//180010
PAGO
:61:081218C000000001093,00NTRF000083126971//180010
PAGO
:61:081218C000000043765,00NTRF000083127192//180010
PAGO
:61:081218C000000004060,00NTRF000083194440//180010
PAGO
:62M:C081218VEF000004597966,63
-}{5:{CHK:1143FB20924B}}{S:{COP:S}}${1:F21VZCRVECAAXXX5410610696}{4:{177:0404021720}{451:0}}{1:F01VZCRVECAAXXX5410610696}{2:09501717040402VZCRVECAAXXX40812675430404021720N}{3:{108:SCONNECT}}{4:
:20:MI081218
:25:2222222222
:28C:0522/035
:60M:C081218VEF000004597966,63
:61:081218C000000000300,00NTRF000083194775//180010
PAGO
:61:081218C000000001500,00NTRF000083141262//180010
PAGO
:61:081218C000000000500,00NTRF000083141612//180010
PAGO
:61:081218C000000000250,00NTRF000083146965//180010
PAGO
:61:081218C000000003000,00NTRF000083113376//180010
PAGO
:61:081218C000000000500,00NTRF000083114150//180010
PAGO
:61:081218C000000001000,00NTRF000083114721//180010
PAGO
:61:081218C000000002000,00NTRF000083114824//180010
PAGO
:61:081218C000000001500,00NTRF000083115852//180010
PAGO
:62M:C081218VEF000004608516,63
-}{5:{CHK:1143FB20924B}}{S:{COP:S}}${1:F21VZCRVECAAXXX5410610696}{4:{177:0404021720}{451:0}}{1:F01VZCRVECAAXXX5410610696}{2:09501717040402VZCRVECAAXXX40812675430404021720N}{3:{108:SCONNECT}}{4:
:20:MI081218
:25:2222222222
:28C:0522/036
:60M:C081218VEF000004608516,63
:61:081218C000000000545,35NTRF000083116865//180010
PAGO
:61:081218C000000000300,00NTRF000083127402//180010
PAGO
:61:081218C000000003840,00NTRF000083129152//180010
PAGO
:61:081218C000000000100,00NTRF000083129701//180010
PAGO
:61:081218C000000005000,00NTRF000083129804//180010
PAGO
:61:081218C000000039360,00NTRF000083129852//180010
PAGO
:61:081218C000000004170,69NTRF000083131462//180010
PAGO
:61:081218C000000000600,00NTRF000083132626//180010
PAGO
:61:081218C000000000500,00NTRF000083134914//180010
PAGO
:62M:C081218VEF000004662932,67
-}{5:{CHK:1143FB20924B}}{S:{COP:S}}${1:F21VZCRVECAAXXX5410610696}{4:{177:0404021720}{451:0}}{1:F01VZCRVECAAXXX5410610696}{2:09501717040402VZCRVECAAXXX40812675430404021720N}{3:{108:SCONNECT}}{4:
:20:MI081218
:25:2222222222
:28C:0522/037
:60M:C081218VEF000004662932,67
:61:081218C000000000275,00NTRF000083139033//180010
PAGO
:61:081218C000000003000,00NTRF000083127391//180010
PAGO
:61:081218C000000001500,00NTRF000083204494//180010
PAGO
:61:081218C000000001500,00NTRF000083199745//180010
PAGO
:61:081218C000000000120,00NTRF000083184662//180010
PAGO
:61:081218C000000000600,00NTRF000083183752//180010
PAGO
:61:081218C000000000490,00NTRF000083156776//180010
PAGO
:61:081218C000000003500,00NTRF000083156231//180010
PAGO
:61:081218C000000000200,00NTRF000083205592//180010
PAGO
:62M:C081218VEF000004674117,67
-}{5:{CHK:1143FB20924B}}{S:{COP:S}}${1:F21VZCRVECAAXXX5410610696}{4:{177:0404021720}{451:0}}{1:F01VZCRVECAAXXX5410610696}{2:09501717040402VZCRVECAAXXX40812675430404021720N}{3:{108:SCONNECT}}{4:
:20:MI081218
:25:2222222222
:28C:0522/038
:60M:C081218VEF000004674117,67
:61:081218C000000004000,00NTRF000083204844//180010
PAGO
:61:081218C000000000400,00NTRF000083146383//180010
PAGO
:61:081218C000000000580,00NTRF000083147993//180010
PAGO
:61:081218C000000008943,00NTRF000083150476//180010
PAGO
:61:081218C000000000170,00NTRF000083151143//180010
PAGO
:61:081218C000000000400,00NTRF000083151246//180010
PAGO
:61:081218C000000004143,27NTRF000083151025//180010
PAGO
:61:081218C000000005520,00NTRF000083134133//180010
PAGO
:61:081218C000000000500,00NTRF000083134155//180010
PAGO
:62M:C081218VEF000004698773,94
-}{5:{CHK:1143FB20924B}}{S:{COP:S}}${1:F21VZCRVECAAXXX5410610696}{4:{177:0404021720}{451:0}}{1:F01VZCRVECAAXXX5410610696}{2:09501717040402VZCRVECAAXXX40812675430404021720N}{3:{108:SCONNECT}}{4:
:20:MI081218
:25:2222222222
:28C:0522/039
:60M:C081218VEF000004698773,94
:61:081218C000000005000,00NTRF000083135010//180010
PAGO
:61:081218C000000000850,00NTRF000083149942//180010
PAGO
:61:081218C000000004831,34NTRF000083147783//180010
PAGO
:61:081218C000000003000,00NTRF000083144946//180010
PAGO
:61:081218C000000000350,00NTRF000083144165//180010
PAGO
:61:081218C000000000100,00NTRF000083138845//180010
PAGO
:61:081218C000000000500,00NTRF000083132630//180010
PAGO
:61:081218C000000002500,00NTRF000083199804//180010
PAGO
:61:081218C000000000100,00NTRF000083199896//180010
PAGO
:62M:C081218VEF000004716005,28
-}{5:{CHK:1143FB20924B}}{S:{COP:S}}${1:F21VZCRVECAAXXX5410610696}{4:{177:0404021720}{451:0}}{1:F01VZCRVECAAXXX5410610696}{2:09501717040402VZCRVECAAXXX40812675430404021720N}{3:{108:SCONNECT}}{4:
:20:MI081218
:25:2222222222
:28C:0522/040
:60M:C081218VEF000004716005,28
:61:081218C000000000500,00NTRF000083118980//180010
PAGO
:61:081218C000000002850,00NTRF000083206432//180010
PAGO
:61:081218C000000000350,00NTRF000083180285//180010
PAGO
:61:081218C000000004000,00NTRF000083182606//180010
PAGO
:61:081218C000000005000,00NTRF000083182702//180010
PAGO
:61:081218C000000000220,00NTRF000083183236//180010
PAGO
:61:081218C000000021280,00NTRF000083184555//180010
PAGO
:61:081218C000000000519,00NTRF000083199174//180010
PAGO
:61:081218C000000002000,00NTRF000083200471//180010
PAGO
:62M:C081218VEF000004752724,28
-}{5:{CHK:1143FB20924B}}{S:{COP:S}}${1:F21VZCRVECAAXXX5410610696}{4:{177:0404021720}{451:0}}{1:F01VZCRVECAAXXX5410610696}{2:09501717040402VZCRVECAAXXX40812675430404021720N}{3:{108:SCONNECT}}{4:
:20:MI081218
:25:2222222222
:28C:0522/041
:60M:C081218VEF000004752724,28
:61:081218C000000000200,00NTRF000083204726//180010
PAGO
:61:081218C000000000120,00NTRF000083195755//180010
PAGO
:61:081218C000000000300,00NTRF000000000104//180010
PAGO
:61:081218C000000001159,07NTRF000011120827//180010
PAGO
:61:081218C000000000720,00NTRF000000458309//180010
PAGO
:61:081218C000000000800,00NTRF000000458305//180010
PAGO
:61:081218C000000000160,00NTRF000000458248//180010
PAGO
:61:081218C000000000508,22NTRF000000457697//180010
PAGO
:61:081218C000003000000,00NTRF000027500365//180010
PAGO
:62M:C081218VEF000007756691,57
-}{5:{CHK:1143FB20924B}}{S:{COP:S}}${1:F21VZCRVECAAXXX5410610696}{4:{177:0404021720}{451:0}}{1:F01VZCRVECAAXXX5410610696}{2:09501717040402VZCRVECAAXXX40812675430404021720N}{3:{108:SCONNECT}}{4:
:20:MI081218
:25:2222222222
:28C:0522/042
:60M:C081218VEF000007756691,57
:61:081218C000000000700,00NTRF000027495854//180010
PAGO
:61:081218C000000001000,00NTRF000027492300//180010
PAGO
:61:081218C000000001000,00NTRF000027492417//180010
PAGO
:61:081218C000000007320,10NTRF000000000001//180010
PAGO
:61:081218C000000001167,18NTRF000011120821//180010
PAGO
:61:081218C000000000746,55NTRF000011120828//180010
PAGO
:61:081218C000000014189,39NTRF000000004030//180010
PAGO
:61:081218C000000001534,06NTRF000000008277//180010
PAGO
:61:081218C000000003161,02NTRF000000008212//180010
PAGO
:62M:C081218VEF000007787509,87
-}{5:{CHK:1143FB20924B}}{S:{COP:S}}${1:F21VZCRVECAAXXX5410610696}{4:{177:0404021720}{451:0}}{1:F01VZCRVECAAXXX5410610696}{2:09501717040402VZCRVECAAXXX40812675430404021720N}{3:{108:SCONNECT}}{4:
:20:MI081218
:25:2222222222
:28C:0522/043
:60M:C081218VEF000007787509,87
:61:081218C000000043566,88NTRF000000008279//180010
PAGO
:61:081218C000000001482,62NTRF000000008186//180010
PAGO
:61:081218C000000004535,46NTRF000000008205//180010
PAGO
:61:081218C000000014499,07NTRF000000008173//180010
PAGO
:61:081218C000000017106,38NTRF000000000001//180010
PAGO
:61:081218C000000032892,80NTRF000027505192//180010
PAGO
:61:081218C000000037015,27NTRF000005143004//180010
PAGO
:61:081218C000000001629,00NTRF000027505894//180010
PAGO
:61:081218C000000020000,00NTRF000027483135//180010
PAGO
:62M:C081218VEF000007960237,35
-}{5:{CHK:1143FB20924B}}{S:{COP:S}}${1:F21VZCRVECAAXXX5410610696}{4:{177:0404021720}{451:0}}{1:F01VZCRVECAAXXX5410610696}{2:09501717040402VZCRVECAAXXX40812675430404021720N}{3:{108:SCONNECT}}{4:
:20:MI081218
:25:2222222222
:28C:0522/044
:60M:C081218VEF000007960237,35
:61:081218C000000029215,00NTRF000027497970//180010
PAGO
:61:081218C000000002756,20NTRF000027479846//180010
PAGO
:61:081218C000000005090,00NTRF000000171286//180010
PAGO
:61:081218C000000018536,30NTRF000000008150//180010
PAGO
:61:081218C000000020451,00NTRF000027278043//180010
PAGO
:61:081218C000000000594,42NTRF000011011276//180010
PAGO
:61:081218C000000001129,98NTRF000011011281//180010
PAGO
:61:081218C000000000089,82NTRF000011012280//180010
PAGO
:61:081218C000000001750,50NTRF000000000001//180010
PAGO
:62M:C081218VEF000008039850,57
-}{5:{CHK:1143FB20924B}}{S:{COP:S}}${1:F21VZCRVECAAXXX5410610696}{4:{177:0404021720}{451:0}}{1:F01VZCRVECAAXXX5410610696}{2:09501717040402VZCRVECAAXXX40812675430404021720N}{3:{108:SCONNECT}}{4:
:20:MI081218
:25:2222222222
:28C:0522/045
:60M:C081218VEF000008039850,57
:61:081218C000000012323,38NTRF000000000001//180010
PAGO
:61:081218C000000001654,21NTRF000000000001//180010
PAGO
:61:081218C000000007592,18NTRF000000000001//180010
PAGO
:61:081218C000000015161,30NTRF000000000001//180010
PAGO
:61:081218C000000001956,27NTRF000000000001//180010
PAGO
:61:081218C000000005618,72NTRF000000000001//180010
PAGO
:61:081218C000000006664,95NTRF000000000001//180010
PAGO
:61:081218C000000058513,14NTRF000000000001//180010
PAGO
:61:081218C000000000096,18NTRF000000000001//180010
PAGO
:62M:C081218VEF000008149430,90
-}{5:{CHK:1143FB20924B}}{S:{COP:S}}${1:F21VZCRVECAAXXX5410610696}{4:{177:0404021720}{451:0}}{1:F01VZCRVECAAXXX5410610696}{2:09501717040402VZCRVECAAXXX40812675430404021720N}{3:{108:SCONNECT}}{4:
:20:MI081218
:25:2222222222
:28C:0522/046
:60M:C081218VEF000008149430,90
:61:081218C000000145043,06NTRF000000000001//180010
PAGO
:61:081218C000000023676,64NTRF000000000001//180010
PAGO
:61:081218C000000011083,39NTRF000000000001//180010
PAGO
:61:081218C000000000250,60NTRF000099341375//180010
PAGO
:61:081218C000000000873,00NTRF000000292317//180010
PAGO
:61:081218C000000000400,00NTRF000000292329//180010
PAGO
:61:081218C000000000400,00NTRF000000292331//180010
PAGO
:61:081218C000000001558,00NTRF000000291406//180010
PAGO
:61:081218C000000000579,00NTRF000000291533//180010
PAGO
:62M:C081218VEF000008333294,59
-}{5:{CHK:1143FB20924B}}{S:{COP:S}}${1:F21VZCRVECAAXXX5410610696}{4:{177:0404021720}{451:0}}{1:F01VZCRVECAAXXX5410610696}{2:09501717040402VZCRVECAAXXX40812675430404021720N}{3:{108:SCONNECT}}{4:
:20:MI081218
:25:2222222222
:28C:0522/047
:60M:C081218VEF000008333294,59
:61:081218C000000002000,00NTRF000000291587//180010
PAGO
:61:081218C000000000250,00NTRF000000291600//180010
PAGO
:61:081218C000000001000,00NTRF000000291654//180010
PAGO
:61:081218C000000001000,00NTRF000000291702//180010
PAGO
:61:081218C000000000200,00NTRF000000291724//180010
PAGO
:61:081218C000000000275,00NTRF000000291733//180010
PAGO
:61:081218C000000001940,00NTRF000000291797//180010
PAGO
:61:081218C000000000500,00NTRF000000291805//180010
PAGO
:61:081218C000000000300,00NTRF000000291813//180010
PAGO
:62M:C081218VEF000008340759,59
-}{5:{CHK:1143FB20924B}}{S:{COP:S}}${1:F21VZCRVECAAXXX5410610696}{4:{177:0404021720}{451:0}}{1:F01VZCRVECAAXXX5410610696}{2:09501717040402VZCRVECAAXXX40812675430404021720N}{3:{108:SCONNECT}}{4:
:20:MI081218
:25:2222222222
:28C:0522/048
:60M:C081218VEF000008340759,59
:61:081218C000000009800,00NTRF000000291865//180010
PAGO
:61:081218C000000001500,00NTRF000000291877//180010
PAGO
:61:081218C000000000905,00NTRF000003260729//180010
PAGO
:61:081218C000000000138,40NTRF000003260730//180010
PAGO
:61:081218C000000005000,00NTRF000000291093//180010
PAGO
:61:081218C000000001200,00NTRF000000291147//180010
PAGO
:61:081218C000000001000,00NTRF000000291169//180010
PAGO
:61:081218C000000000509,03NTRF000000291170//180010
PAGO
:61:081218C000000001900,00NTRF000000291171//180010
PAGO
:62M:C081218VEF000008362712,02
-}{5:{CHK:1143FB20924B}}{S:{COP:S}}${1:F21VZCRVECAAXXX5410610696}{4:{177:0404021720}{451:0}}{1:F01VZCRVECAAXXX5410610696}{2:09501717040402VZCRVECAAXXX40812675430404021720N}{3:{108:SCONNECT}}{4:
:20:MI081218
:25:2222222222
:28C:0522/049
:60M:C081218VEF000008362712,02
:61:081218C000000001500,00NTRF000000291182//180010
PAGO
:61:081218C000000000250,00NTRF000000291184//180010
PAGO
:61:081218C000000000120,00NTRF000000291235//180010
PAGO
:61:081218C000000000130,00NTRF000000291299//180010
PAGO
:61:081218C000000000288,01NTRF000000291329//180010
PAGO
:61:081218C000000001400,00NTRF000000291339//180010
PAGO
:61:081218C000000000150,00NTRF000003260677//180010
PAGO
:61:081218C000000001876,68NTRF000003260678//180010
PAGO
:61:081218C000000000287,49NTRF000003260679//180010
PAGO
:62M:C081218VEF000008368714,20
-}{5:{CHK:1143FB20924B}}{S:{COP:S}}${1:F21VZCRVECAAXXX5410610696}{4:{177:0404021720}{451:0}}{1:F01VZCRVECAAXXX5410610696}{2:09501717040402VZCRVECAAXXX40812675430404021720N}{3:{108:SCONNECT}}{4:
:20:MI081218
:25:2222222222
:28C:0522/050
:60M:C081218VEF000008368714,20
:61:081218C000000000469,28NTRF000003260719//180010
PAGO
:61:081218C000000000280,58NTRF000003260720//180010
PAGO
:61:081218C000000000267,58NTRF000003260721//180010
PAGO
:61:081218C000000000537,09NTRF000003260722//180010
PAGO
:61:081218C000000001243,57NTRF000003261419//180010
PAGO
:61:081218C000000015235,99NTRF000003261429//180010
PAGO
:61:081218C000000082221,92NTRF000003261430//180010
PAGO
:61:081218C000000173563,13NTRF000003261449//180010
PAGO
:61:081218C000000188403,23NTRF000003261460//180010
PAGO
:62M:C081218VEF000008830936,57
-}{5:{CHK:1143FB20924B}}{S:{COP:S}}${1:F21VZCRVECAAXXX5410610696}{4:{177:0404021720}{451:0}}{1:F01VZCRVECAAXXX5410610696}{2:09501717040402VZCRVECAAXXX40812675430404021720N}{3:{108:SCONNECT}}{4:
:20:MI081218
:25:2222222222
:28C:0522/051
:60M:C081218VEF000008830936,57
:61:081218C000000000212,71NTRF000002454628//180010
PAGO
:61:081218C000000000120,00NTRF000002454631//180010
PAGO
:61:081218C000000000150,00NTRF000000293459//180010
PAGO
:61:081218C000000000864,55NTRF000003261170//180010
PAGO
:61:081218C000000000233,04NTRF000002454555//180010
PAGO
:61:081218C000000000400,00NTRF000002454556//180010
PAGO
:61:081218C000000000153,14NTRF000002454560//180010
PAGO
:61:081218C000000000404,00NTRF000002454564//180010
PAGO
:61:081218C000000000209,52NTRF000002454571//180010
PAGO
:62M:C081218VEF000008833683,53
-}{5:{CHK:1143FB20924B}}{S:{COP:S}}${1:F21VZCRVECAAXXX5410610696}{4:{177:0404021720}{451:0}}{1:F01VZCRVECAAXXX5410610696}{2:09501717040402VZCRVECAAXXX40812675430404021720N}{3:{108:SCONNECT}}{4:
:20:MI081218
:25:2222222222
:28C:0522/052
:60M:C081218VEF000008833683,53
:61:081218C000000000220,00NTRF000002454572//180010
PAGO
:61:081218C000000000180,00NTRF000002454574//180010
PAGO
:61:081218C000000001735,36NTRF000002454575//180010
PAGO
:61:081218C000000001035,00NTRF000002454585//180010
PAGO
:61:081218C000000000150,00NTRF000002454588//180010
PAGO
:61:081218C000000000250,32NTRF000002454590//180010
PAGO
:61:081218C000000000368,50NTRF000002454591//180010
PAGO
:61:081218C000000000219,92NTRF000002454617//180010
PAGO
:61:081218C000000012480,00NTRF000002454462//180010
PAGO
:62M:C081218VEF000008850322,63
-}{5:{CHK:1143FB20924B}}{S:{COP:S}}${1:F21VZCRVECAAXXX5410610696}{4:{177:0404021720}{451:0}}{1:F01VZCRVECAAXXX5410610696}{2:09501717040402VZCRVECAAXXX40812675430404021720N}{3:{108:SCONNECT}}{4:
:20:MI081218
:25:2222222222
:28C:0522/053
:60M:C081218VEF000008850322,63
:61:081218C000000000075,21NTRF000002454463//180010
PAGO
:61:081218C000000000927,69NTRF000002454464//180010
PAGO
:61:081218C000000000220,00NTRF000002454514//180010
PAGO
:61:081218C000000000250,00NTRF000002454517//180010
PAGO
:61:081218C000000000388,80NTRF000002454520//180010
PAGO
:61:081218C000000000957,77NTRF000002454529//180010
PAGO
:61:081218C000000000385,06NTRF000002454537//180010
PAGO
:61:081218C000000000421,87NTRF000002454538//180010
PAGO
:61:081218C000000000110,00NTRF000002454541//180010
PAGO
:62M:C081218VEF000008854059,03
-}{5:{CHK:1143FB20924B}}{S:{COP:S}}${1:F21VZCRVECAAXXX5410610696}{4:{177:0404021720}{451:0}}{1:F01VZCRVECAAXXX5410610696}{2:09501717040402VZCRVECAAXXX40812675430404021720N}{3:{108:SCONNECT}}{4:
:20:MI081218
:25:2222222222
:28C:0522/054
:60M:C081218VEF000008854059,03
:61:081218C000000000682,11NTRF000002454547//180010
PAGO
:61:081218C000000000150,00NTRF000000293507//180010
PAGO
:61:081218C000000000335,84NTRF000000293556//180010
PAGO
:61:081218C000000007699,90NTRF000003260746//180010
PAGO
:61:081218C000000002105,25NTRF000003260756//180010
PAGO
:61:081218C000000000641,32NTRF000003260757//180010
PAGO
:61:081218C000000000321,90NTRF000003261071//180010
PAGO
:61:081218C000000000310,23NTRF000003261072//180010
PAGO
:61:081218C000000000856,77NTRF000003261168//180010
PAGO
:62M:C081218VEF000008867162,35
-}{5:{CHK:1143FB20924B}}{S:{COP:S}}${1:F21VZCRVECAAXXX5410610696}{4:{177:0404021720}{451:0}}{1:F01VZCRVECAAXXX5410610696}{2:09501717040402VZCRVECAAXXX40812675430404021720N}{3:{108:SCONNECT}}{4:
:20:MI081218
:25:2222222222
:28C:0522/055
:60M:C081218VEF000008867162,35
:61:081218C000000000742,02NTRF000003261169//180010
PAGO
:61:081218C000000010395,00NTRF000000294989//180010
PAGO
:61:081218C000000000381,22NTRF000003261171//180010
PAGO
:61:081218C000000001695,07NTRF000003261172//180010
PAGO
:61:081218C000000001166,30NTRF000003261331//180010
PAGO
:61:081218C000000008558,00NTRF000003261363//180010
PAGO
:61:081218C000000062906,94NTRF000003261405//180010
PAGO
:61:081218C000000004084,50NTRF000003261408//180010
PAGO
:61:081218C000000009388,54NTRF000003261417//180010
PAGO
:62M:C081218VEF000008966479,94
-}{5:{CHK:1143FB20924B}}{S:{COP:S}}${1:F21VZCRVECAAXXX5410610696}{4:{177:0404021720}{451:0}}{1:F01VZCRVECAAXXX5410610696}{2:09501717040402VZCRVECAAXXX40812675430404021720N}{3:{108:SCONNECT}}{4:
:20:MI081218
:25:2222222222
:28C:0522/056
:60M:C081218VEF000008966479,94
:61:081218C000000009344,47NTRF000003261418//180010
PAGO
:61:081218C000000002617,20NTRF000000294495//180010
PAGO
:61:081218C000000002000,00NTRF000000294808//180010
PAGO
:61:081218C000000000180,00NTRF000000294818//180010
PAGO
:61:081218C000000003452,00NTRF000000294933//180010
PAGO
:61:081218C000000000620,00NTRF000000294936//180010
PAGO
:61:081218C000000000722,00NTRF000000294941//180010
PAGO
:61:081218C000000000722,00NTRF000000294945//180010
PAGO
:61:081218C000000003000,00NTRF000000294961//180010
PAGO
:62M:C081218VEF000008989137,61
-}{5:{CHK:1143FB20924B}}{S:{COP:S}}${1:F21VZCRVECAAXXX5410610696}{4:{177:0404021720}{451:0}}{1:F01VZCRVECAAXXX5410610696}{2:09501717040402VZCRVECAAXXX40812675430404021720N}{3:{108:SCONNECT}}{4:
:20:MI081218
:25:2222222222
:28C:0522/057
:60M:C081218VEF000008989137,61
:61:081218C000000000700,00NTRF000000294970//180010
PAGO
:61:081218C000000020000,00NTRF000000295017//180010
PAGO
:61:081218C000000000400,00NTRF000018122008//180010
PAGO
:61:081218C000000000140,00NTRF000018122008//180010
PAGO
:61:081218C000000002000,00NTRF000018122008//180010
PAGO
:61:081218C000000000860,00NTRF000018122008//180010
PAGO
:61:081218C000000000700,00NTRF000018122008//180010
PAGO
:61:081218C000000000300,00NTRF000018122008//180010
PAGO
:61:081218C000000001893,00NTRF000018122008//180010
PAGO
:62M:C081218VEF000009016130,61
-}{5:{CHK:1143FB20924B}}{S:{COP:S}}${1:F21VZCRVECAAXXX5410610696}{4:{177:0404021720}{451:0}}{1:F01VZCRVECAAXXX5410610696}{2:09501717040402VZCRVECAAXXX40812675430404021720N}{3:{108:SCONNECT}}{4:
:20:MI081218
:25:2222222222
:28C:0522/058
:60M:C081218VEF000009016130,61
:61:081218C000000001140,00NTRF000018122008//180010
PAGO
:61:081218C000000004400,00NTRF000018122008//180010
PAGO
:61:081218C000000000100,00NTRF000018122008//180010
PAGO
:61:081218C000000000090,00NTRF000018122008//180010
PAGO
:61:081218C000000000300,00NTRF000018122008//180010
PAGO
:61:081218C000000000050,00NTRF000018122008//180010
PAGO
:61:081218C000000000076,00NTRF000018122008//180010
PAGO
:61:081218C000000001390,00NTRF000018122008//180010
PAGO
:61:081218C000000000340,00NTRF000018122008//180010
PAGO
:62M:C081218VEF000009024016,61
-}{5:{CHK:1143FB20924B}}{S:{COP:S}}${1:F21VZCRVECAAXXX5410610696}{4:{177:0404021720}{451:0}}{1:F01VZCRVECAAXXX5410610696}{2:09501717040402VZCRVECAAXXX40812675430404021720N}{3:{108:SCONNECT}}{4:
:20:MI081218
:25:2222222222
:28C:0522/059
:60M:C081218VEF000009024016,61
:61:081218C000000004778,63NTRF000018122008//180010
PAGO
:61:081218C000000001000,00NTRF000018122008//180010
PAGO
:61:081218C000000001139,00NTRF000018122008//180010
PAGO
:61:081218C000000000150,00NTRF000018122008//180010
PAGO
:61:081218C000000000160,00NTRF000018122008//180010
PAGO
:61:081218C000000000685,37NTRF000018122008//180010
PAGO
:61:081218C000000000300,00NTRF000018122008//180010
PAGO
:61:081218C000000000250,00NTRF000018122008//180010
PAGO
:61:081218C000000000103,39NTRF000018122008//180010
PAGO
:62M:C081218VEF000009032583,00
-}{5:{CHK:1143FB20924B}}{S:{COP:S}}${1:F21VZCRVECAAXXX5410610696}{4:{177:0404021720}{451:0}}{1:F01VZCRVECAAXXX5410610696}{2:09501717040402VZCRVECAAXXX40812675430404021720N}{3:{108:SCONNECT}}{4:
:20:MI081218
:25:2222222222
:28C:0522/060
:60M:C081218VEF000009032583,00
:61:081218C000000000160,00NTRF000003260726//180010
PAGO
:61:081218C000000003412,84NTRF000003260728//180010
PAGO
:61:081218C000000005500,00NTRF000000290562//180010
PAGO
:61:081218C000000000254,92NTRF000000290687//180010
PAGO
:61:081218C000000000450,00NTRF000000290865//180010
PAGO
:61:081218C000000005750,00NTRF000000290893//180010
PAGO
:61:081218C000000000067,20NTRF000000290210//180010
PAGO
:61:081218C000000003000,00NTRF000000290239//180010
PAGO
:61:081218C000000003000,00NTRF000000290246//180010
PAGO
:62M:C081218VEF000009054177,96
-}{5:{CHK:1143FB20924B}}{S:{COP:S}}${1:F21VZCRVECAAXXX5410610696}{4:{177:0404021720}{451:0}}{1:F01VZCRVECAAXXX5410610696}{2:09501717040402VZCRVECAAXXX40812675430404021720N}{3:{108:SCONNECT}}{4:
:20:MI081218
:25:2222222222
:28C:0522/061
:60M:C081218VEF000009054177,96
:61:081218C000000000250,00NTRF000000290271//180010
PAGO
:61:081218C000000000700,00NTRF000000290293//180010
PAGO
:61:081218C000000004800,00NTRF000000290390//180010
PAGO
:61:081218C000000001260,00NTRF000000290392//180010
PAGO
:61:081218C000000001140,00NTRF000000290422//180010
PAGO
:61:081218C000000000155,52NTRF000000289830//180010
PAGO
:61:081218C000000001000,00NTRF000000289837//180010
PAGO
:61:081218C000000001000,00NTRF000000289892//180010
PAGO
:61:081218C000000000260,00NTRF000000289921//180010
PAGO
:62M:C081218VEF000009064743,48
-}{5:{CHK:1143FB20924B}}{S:{COP:S}}${1:F21VZCRVECAAXXX5410610696}{4:{177:0404021720}{451:0}}{1:F01VZCRVECAAXXX5410610696}{2:09501717040402VZCRVECAAXXX40812675430404021720N}{3:{108:SCONNECT}}{4:
:20:MI081218
:25:2222222222
:28C:0522/062
:60M:C081218VEF000009064743,48
:61:081218C000000642618,94NTRF000002454302//180010
PAGO
:61:081218C000000560889,73NTRF000002454303//180010
PAGO
:61:081218C000000115987,38NTRF000002454304//180010
PAGO
:61:081218C000000012040,70NTRF000002454305//180010
PAGO
:61:081218C000000002500,00NTRF000000288891//180010
PAGO
:61:081218C000000002500,00NTRF000000288906//180010
PAGO
:61:081218C000000001000,00NTRF000000288920//180010
PAGO
:61:081218C000000006500,00NTRF000000288963//180010
PAGO
:61:081218C000000009483,65NTRF000002454199//180010
PAGO
:62M:C081218VEF000010418263,88
-}{5:{CHK:1143FB20924B}}{S:{COP:S}}${1:F21VZCRVECAAXXX5410610696}{4:{177:0404021720}{451:0}}{1:F01VZCRVECAAXXX5410610696}{2:09501717040402VZCRVECAAXXX40812675430404021720N}{3:{108:SCONNECT}}{4:
:20:MI081218
:25:2222222222
:28C:0522/063
:60M:C081218VEF000010418263,88
:61:081218C000000037834,12NTRF000002454294//180010
PAGO
:61:081218C000000001852,50NTRF000002454295//180010
PAGO
:61:081218C000000030314,51NTRF000002454296//180010
PAGO
:61:081218C000000001570,00NTRF000000288531//180010
PAGO
:61:081218C000000000560,00NTRF000000288594//180010
PAGO
:61:081218C000000000230,00NTRF000000288636//180010
PAGO
:61:081218C000000007200,00NTRF000000288645//180010
PAGO
:61:081218C000000001000,00NTRF000000288646//180010
PAGO
:61:081218C000000006000,00NTRF000000288653//180010
PAGO
:62M:C081218VEF000010504825,01
-}{5:{CHK:1143FB20924B}}{S:{COP:S}}${1:F21VZCRVECAAXXX5410610696}{4:{177:0404021720}{451:0}}{1:F01VZCRVECAAXXX5410610696}{2:09501717040402VZCRVECAAXXX40812675430404021720N}{3:{108:SCONNECT}}{4:
:20:MI081218
:25:2222222222
:28C:0522/064
:60M:C081218VEF000010504825,01
:61:081218C000000000333,38NTRF000000288708//180010
PAGO
:61:081218C000000000704,00NTRF000000288798//180010
PAGO
:61:081218C000000004000,00NTRF000000288046//180010
PAGO
:61:081218C000000004000,00NTRF000000288051//180010
PAGO
:61:081218C000000000610,00NTRF000000288166//180010
PAGO
:61:081218C000000000800,00NTRF000000288230//180010
PAGO
:61:081218C000000009000,00NTRF000000288245//180010
PAGO
:61:081218C000000000250,00NTRF000000287296//180010
PAGO
:61:081218C000000000100,00NTRF000000287311//180010
PAGO
:62M:C081218VEF000010524622,39
-}{5:{CHK:1143FB20924B}}{S:{COP:S}}${1:F21VZCRVECAAXXX5410610696}{4:{177:0404021720}{451:0}}{1:F01VZCRVECAAXXX5410610696}{2:09501717040402VZCRVECAAXXX40812675430404021720N}{3:{108:SCONNECT}}{4:
:20:MI081218
:25:2222222222
:28C:0522/065
:60M:C081218VEF000010524622,39
:61:081218C000000000700,00NTRF000000287376//180010
PAGO
:61:081218C000000001290,00NTRF000000287713//180010
PAGO
:61:081218C000000000852,00NTRF000000286880//180010
PAGO
:61:081218C000000000080,00NTRF000000286905//180010
PAGO
:61:081218C000000001200,00NTRF000000286969//180010
PAGO
:61:081218C000000000426,00NTRF000000286990//180010
PAGO
:61:081218C000000000270,00NTRF000000287030//180010
PAGO
:61:081218C000000000050,00NTRF000000287047//180010
PAGO
:61:081218C000000000197,00NTRF000000287058//180010
PAGO
:62M:C081218VEF000010529687,39
-}{5:{CHK:1143FB20924B}}{S:{COP:S}}${1:F21VZCRVECAAXXX5410610696}{4:{177:0404021720}{451:0}}{1:F01VZCRVECAAXXX5410610696}{2:09501717040402VZCRVECAAXXX40812675430404021720N}{3:{108:SCONNECT}}{4:
:20:MI081218
:25:2222222222
:28C:0522/066
:60M:C081218VEF000010529687,39
:61:081218C000000001457,03NTRF000000286383//180010
PAGO
:61:081218C000000007800,00NTRF000000286400//180010
PAGO
:61:081218C000000001300,00NTRF000000286452//180010
PAGO
:61:081218C000000000100,00NTRF000000286523//180010
PAGO
:61:081218C000000000306,00NTRF000000286532//180010
PAGO
:61:081218C000000000400,00NTRF000000286556//180010
PAGO
:61:081218C000000000200,00NTRF000000286623//180010
PAGO
:61:081218C000000004450,00NTRF000000286698//180010
PAGO
:61:081218C000000000100,00NTRF000000286774//180010
PAGO
:62M:C081218VEF000010545800,42
-}{5:{CHK:1143FB20924B}}{S:{COP:S}}${1:F21VZCRVECAAXXX5410610696}{4:{177:0404021720}{451:0}}{1:F01VZCRVECAAXXX5410610696}{2:09501717040402VZCRVECAAXXX40812675430404021720N}{3:{108:SCONNECT}}{4:
:20:MI081218
:25:2222222222
:28C:0522/067
:60M:C081218VEF000010545800,42
:61:081218C000000019400,00NTRF000000286815//180010
PAGO
:61:081218C000000000360,75NTRF000000285738//180010
PAGO
:61:081218C000000001000,00NTRF000000285741//180010
PAGO
:61:081218C000000013950,00NTRF000000285746//180010
PAGO
:61:081218C000000001500,00NTRF000000285787//180010
PAGO
:61:081218C000000001250,00NTRF000000285858//180010
PAGO
:61:081218C000000002500,00NTRF000000285865//180010
PAGO
:61:081218C000000000200,00NTRF000000286025//180010
PAGO
:61:081218C000000000075,00NTRF000000286041//180010
PAGO
:62M:C081218VEF000010586036,17
-}{5:{CHK:1143FB20924B}}{S:{COP:S}}${1:F21VZCRVECAAXXX5410610696}{4:{177:0404021720}{451:0}}{1:F01VZCRVECAAXXX5410610696}{2:09501717040402VZCRVECAAXXX40812675430404021720N}{3:{108:SCONNECT}}{4:
:20:MI081218
:25:2222222222
:28C:0522/068
:60M:C081218VEF000010586036,17
:61:081218C000000002000,00NTRF000000286138//180010
PAGO
:61:081218C000000000874,56NTRF000000286139//180010
PAGO
:61:081218C000000004956,00NTRF000000286150//180010
PAGO
:61:081218C000000000500,00NTRF000000286274//180010
PAGO
:61:081218C000000005000,00NTRF000000286307//180010
PAGO
:61:081218C000000000300,00NTRF000000285026//180010
PAGO
:61:081218C000000000204,85NTRF000000285095//180010
PAGO
:61:081218C000000003000,00NTRF000000285114//180010
PAGO
:61:081218C000000000150,00NTRF000000285347//180010
PAGO
:62M:C081218VEF000010603021,58
-}{5:{CHK:1143FB20924B}}{S:{COP:S}}${1:F21VZCRVECAAXXX5410610696}{4:{177:0404021720}{451:0}}{1:F01VZCRVECAAXXX5410610696}{2:09501717040402VZCRVECAAXXX40812675430404021720N}{3:{108:SCONNECT}}{4:
:20:MI081218
:25:2222222222
:28C:0522/069
:60M:C081218VEF000010603021,58
:61:081218C000000000050,00NTRF000000285428//180010
PAGO
:61:081218C000000000500,00NTRF000000285439//180010
PAGO
:61:081218C000000000300,00NTRF000000285453//180010
PAGO
:61:081218C000000000700,00NTRF000000285543//180010
PAGO
:61:081218C000000003000,00NTRF000000285546//180010
PAGO
:61:081218C000000001170,00NTRF000000285567//180010
PAGO
:61:081218C000000001000,00NTRF000000285588//180010
PAGO
:61:081218C000000001000,00NTRF000000285595//180010
PAGO
:61:081218C000000000300,00NTRF000000285734//180010
PAGO
:62M:C081218VEF000010611041,58
-}{5:{CHK:1143FB20924B}}{S:{COP:S}}${1:F21VZCRVECAAXXX5410610696}{4:{177:0404021720}{451:0}}{1:F01VZCRVECAAXXX5410610696}{2:09501717040402VZCRVECAAXXX40812675430404021720N}{3:{108:SCONNECT}}{4:
:20:MI081218
:25:2222222222
:28C:0522/070
:60M:C081218VEF000010611041,58
:61:081218C000000004000,00NTRF000000284445//180010
PAGO
:61:081218C000000000300,00NTRF000000284461//180010
PAGO
:61:081218C000000005568,00NTRF000000284514//180010
PAGO
:61:081218C000000001000,00NTRF000000284776//180010
PAGO
:61:081218C000000000600,00NTRF000000284842//180010
PAGO
:61:081218C000000000395,00NTRF000000284934//180010
PAGO
:61:081218C000000000776,00NTRF000000284957//180010
PAGO
:61:081218C000000000300,00NTRF000000284991//180010
PAGO
:61:081218C000000000250,00NTRF000000287118//180010
PAGO
:62M:C081218VEF000010624230,58
-}{5:{CHK:1143FB20924B}}{S:{COP:S}}${1:F21VZCRVECAAXXX5410610696}{4:{177:0404021720}{451:0}}{1:F01VZCRVECAAXXX5410610696}{2:09501717040402VZCRVECAAXXX40812675430404021720N}{3:{108:SCONNECT}}{4:
:20:MI081218
:25:2222222222
:28C:0522/071
:60M:C081218VEF000010624230,58
:61:081218C000000000030,00NTRF000000287120//180010
PAGO
:61:081218C000000001000,00NTRF000000287196//180010
PAGO
:61:081218C000000000200,00NTRF000000287232//180010
PAGO
:61:081218C000000000220,00NTRF000000287236//180010
PAGO
:61:081218C000000000480,00NTRF000000287281//180010
PAGO
:61:081218C000000000110,00NTRF000000286309//180010
PAGO
:61:081218C000000005874,30NTRF000000286331//180010
PAGO
:61:081218C000000000600,00NTRF000000286382//180010
PAGO
:61:081218C000000009177,82NTRF000000287468//180010
PAGO
:62M:C081218VEF000010641922,70
-}{5:{CHK:1143FB20924B}}{S:{COP:S}}${1:F21VZCRVECAAXXX5410610696}{4:{177:0404021720}{451:0}}{1:F01VZCRVECAAXXX5410610696}{2:09501717040402VZCRVECAAXXX40812675430404021720N}{3:{108:SCONNECT}}{4:
:20:MI081218
:25:2222222222
:28C:0522/072
:60M:C081218VEF000010641922,70
:61:081218C000000000500,00NTRF000000287492//180010
PAGO
:61:081218C000000010000,00NTRF000000287540//180010
PAGO
:61:081218C000000004000,00NTRF000000287546//180010
PAGO
:61:081218C000000000330,00NTRF000000287568//180010
PAGO
:61:081218C000000001200,00NTRF000000287622//180010
PAGO
:61:081218C000000000500,33NTRF000000287655//180010
PAGO
:61:081218C000000002940,00NTRF000000287656//180010
PAGO
:61:081218C000000001000,00NTRF000000287691//180010
PAGO
:61:081218C000000000200,00NTRF000000288847//180010
PAGO
:62M:C081218VEF000010662593,03
-}{5:{CHK:1143FB20924B}}{S:{COP:S}}${1:F21VZCRVECAAXXX5410610696}{4:{177:0404021720}{451:0}}{1:F01VZCRVECAAXXX5410610696}{2:09501717040402VZCRVECAAXXX40812675430404021720N}{3:{108:SCONNECT}}{4:
:20:MI081218
:25:2222222222
:28C:0522/073
:60M:C081218VEF000010662593,03
:61:081218C000000000550,00NTRF000000287747//180010
PAGO
:61:081218C000000002400,00NTRF000000287762//180010
PAGO
:61:081218C000000000345,80NTRF000000287818//180010
PAGO
:61:081218C000000002450,00NTRF000000287819//180010
PAGO
:61:081218C000000001600,00NTRF000000287894//180010
PAGO
:61:081218C000000002000,00NTRF000000287898//180010
PAGO
:61:081218C000000000500,00NTRF000000287901//180010
PAGO
:61:081218C000000000100,00NTRF000000287981//180010
PAGO
:61:081218C000000172120,54NTRF000002454297//180010
PAGO
:62M:C081218VEF000010844659,37
-}{5:{CHK:1143FB20924B}}{S:{COP:S}}${1:F21VZCRVECAAXXX5410610696}{4:{177:0404021720}{451:0}}{1:F01VZCRVECAAXXX5410610696}{2:09501717040402VZCRVECAAXXX40812675430404021720N}{3:{108:SCONNECT}}{4:
:20:MI081218
:25:2222222222
:28C:0522/074
:60M:C081218VEF000010844659,37
:61:081218C000000032729,69NTRF000002454298//180010
PAGO
:61:081218C000000052769,59NTRF000002454299//180010
PAGO
:61:081218C000000000203,68NTRF000002454300//180010
PAGO
:61:081218C000000006037,37NTRF000002454301//180010
PAGO
:61:081218C000000000700,00NTRF000000288329//180010
PAGO
:61:081218C000000001500,00NTRF000000288371//180010
PAGO
:61:081218C000000000950,00NTRF000055770149//180010
PAGO
:61:081218C000000000250,00NTRF000055767955//180010
PAGO
:61:081218C000000000041,00NTRF000055759326//180010
PAGO
:62M:C081218VEF000010939840,70
-}{5:{CHK:1143FB20924B}}{S:{COP:S}}${1:F21VZCRVECAAXXX5410610696}{4:{177:0404021720}{451:0}}{1:F01VZCRVECAAXXX5410610696}{2:09501717040402VZCRVECAAXXX40812675430404021720N}{3:{108:SCONNECT}}{4:
:20:MI081218
:25:2222222222
:28C:0522/075
:60M:C081218VEF000010939840,70
:61:081218C000000005000,00NTRF000055752574//180010
PAGO
:61:081218C000000003000,00NTRF000055751575//180010
PAGO
:61:081218C000000004580,00NTRF000055781733//180010
PAGO
:61:081218C000000000160,00NTRF000055715335//180010
PAGO
:61:081218C000000000110,00NTRF000055715858//180010
PAGO
:61:081218C000000001000,00NTRF000055714740//180010
PAGO
:61:081218C000000015000,00NTRF000055711983//180010
PAGO
:61:081218C000000003000,00NTRF000055670855//180010
PAGO
:61:081218C000000000100,00NTRF000055669303//180010
PAGO
:62M:C081218VEF000010971790,70
-}{5:{CHK:1143FB20924B}}{S:{COP:S}}${1:F21VZCRVECAAXXX5410610696}{4:{177:0404021720}{451:0}}{1:F01VZCRVECAAXXX5410610696}{2:09501717040402VZCRVECAAXXX40812675430404021720N}{3:{108:SCONNECT}}{4:
:20:MI081218
:25:2222222222
:28C:0522/076
:60M:C081218VEF000010971790,70
:61:081218C000000000132,00NTRF000055772299//180010
PAGO
:61:081218C000000010000,00NTRF000055827406//180010
PAGO
:61:081218C000000000050,00NTRF000055816273//180010
PAGO
:61:081218C000000000100,00NTRF000055813141//180010
PAGO
:61:081218C000000004000,00NTRF000055811002//180010
PAGO
:61:081218C000000003200,00NTRF000055809588//180010
PAGO
:61:081218C000000000500,00NTRF000055807737//180010
PAGO
:61:081218C000000001270,00NTRF000055806752//180010
PAGO
:61:081218C000000006100,00NTRF000055801206//180010
PAGO
:62M:C081218VEF000010997142,70
-}{5:{CHK:1143FB20924B}}{S:{COP:S}}${1:F21VZCRVECAAXXX5410610696}{4:{177:0404021720}{451:0}}{1:F01VZCRVECAAXXX5410610696}{2:09501717040402VZCRVECAAXXX40812675430404021720N}{3:{108:SCONNECT}}{4:
:20:MI081218
:25:2222222222
:28C:0522/077
:60M:C081218VEF000010997142,70
:61:081218C000000000100,00NTRF000055798191//180010
PAGO
:61:081218C000000012000,00NTRF000055739701//180010
PAGO
:61:081218C000000000139,00NTRF000055794663//180010
PAGO
:61:081218C000000000580,00NTRF000055791990//180010
PAGO
:61:081218C000000006400,00NTRF000055728698//180010
PAGO
:61:081218C000000000500,00NTRF000055722906//180010
PAGO
:61:081218C000000000190,00NTRF000055730205//180010
PAGO
:61:081218C000000000105,00NTRF000000544018//180010
PAGO
:61:081218C000000000255,00NTRF000000544036//180010
PAGO
:62M:C081218VEF000011017411,70
-}{5:{CHK:1143FB20924B}}{S:{COP:S}}${1:F21VZCRVECAAXXX5410610696}{4:{177:0404021720}{451:0}}{1:F01VZCRVECAAXXX5410610696}{2:09501717040402VZCRVECAAXXX40812675430404021720N}{3:{108:SCONNECT}}{4:
:20:MI081218
:25:2222222222
:28C:0522/078
:60M:C081218VEF000011017411,70
:61:081218C000000000346,50NTRF000000545582//180010
PAGO
:61:081218C000000006240,00NTRF000000545406//180010
PAGO
:61:081218C000000000100,00NTRF000000545264//180010
PAGO
:61:081218C000000000300,00NTRF000000546094//180010
PAGO
:61:081218C000000001200,00NTRF000000974746//180010
PAGO
:61:081218C000000001509,30NTRF000000983249//180010
PAGO
:61:081218C000000236000,00NTRF000000000000//180010
PAGO
:61:081218C000000000240,00NTRF000027927341//180010
PAGO
:61:081218C000000009000,00NTRF000027925331//180010
PAGO
:62M:C081218VEF000011272347,50
-}{5:{CHK:1143FB20924B}}{S:{COP:S}}${1:F21VZCRVECAAXXX5410610696}{4:{177:0404021720}{451:0}}{1:F01VZCRVECAAXXX5410610696}{2:09501717040402VZCRVECAAXXX40812675430404021720N}{3:{108:SCONNECT}}{4:
:20:MI081218
:25:2222222222
:28C:0522/079
:60M:C081218VEF000011272347,50
:61:081218C000000000500,00NTRF000000000299//180010
PAGO
:61:081218C000000000400,00NTRF000083286641//180010
PAGO
:61:081218C000000002500,00NTRF000083286965//180010
PAGO
:61:081218C000000001500,00NTRF000083287072//180010
PAGO
:61:081218C000000000350,00NTRF000083250812//180010
PAGO
:61:081218C000000000200,00NTRF000083255653//180010
PAGO
:61:081218C000000001360,00NTRF000083277703//180010
PAGO
:61:081218C000000001881,43NTRF000083281225//180010
PAGO
:61:081218C000000000200,00NTRF000083264381//180010
PAGO
:62M:C081218VEF000011281238,93
-}{5:{CHK:1143FB20924B}}{S:{COP:S}}${1:F21VZCRVECAAXXX5410610696}{4:{177:0404021720}{451:0}}{1:F01VZCRVECAAXXX5410610696}{2:09501717040402VZCRVECAAXXX40812675430404021720N}{3:{108:SCONNECT}}{4:
:20:MI081218
:25:2222222222
:28C:0522/080
:60M:C081218VEF000011281238,93
:61:081218C000000000500,00NTRF000083265022//180010
PAGO
:61:081218C000000000900,00NTRF000083266046//180010
PAGO
:61:081218C000000005000,00NTRF000083266050//180010
PAGO
:61:081218C000000001401,00NTRF000083266175//180010
PAGO
:61:081218C000000001000,00NTRF000083267461//180010
PAGO
:61:081218C000000006622,48NTRF000083267984//180010
PAGO
:61:081218C000000000300,00NTRF000083254172//180010
PAGO
:61:081218C000000000450,00NTRF000083258066//180010
PAGO
:61:081218C000000000308,39NTRF000083258103//180010
PAGO
:62M:C081218VEF000011297720,80
-}{5:{CHK:1143FB20924B}}{S:{COP:S}}${1:F21VZCRVECAAXXX5410610696}{4:{177:0404021720}{451:0}}{1:F01VZCRVECAAXXX5410610696}{2:09501717040402VZCRVECAAXXX40812675430404021720N}{3:{108:SCONNECT}}{4:
:20:MI081218
:25:2222222222
:28C:0522/081
:60M:C081218VEF000011297720,80
:61:081218C000000005000,00NTRF000083258711//180010
PAGO
:61:081218C000000000200,00NTRF000083258825//180010
PAGO
:61:081218C000000000500,00NTRF000083259676//180010
PAGO
:61:081218C000000003000,00NTRF000083275463//180010
PAGO
:61:081218C000000001746,00NTRF000083276104//180010
PAGO
:61:081218C000000000120,00NTRF000083276340//180010
PAGO
:61:081218C000000012000,00NTRF000083259794//180010
PAGO
:61:081218C000000005000,00NTRF000083261043//180010
PAGO
:61:081218C000000000500,00NTRF000083261485//180010
PAGO
:62M:C081218VEF000011325786,80
-}{5:{CHK:1143FB20924B}}{S:{COP:S}}${1:F21VZCRVECAAXXX5410610696}{4:{177:0404021720}{451:0}}{1:F01VZCRVECAAXXX5410610696}{2:09501717040402VZCRVECAAXXX40812675430404021720N}{3:{108:SCONNECT}}{4:
:20:MI081218
:25:2222222222
:28C:0522/082
:60M:C081218VEF000011325786,80
:61:081218C000000000400,00NTRF000083262476//180010
PAGO
:61:081218C000000002319,00NTRF000083263784//180010
PAGO
:61:081218C000000000100,00NTRF000083264134//180010
PAGO
:61:081218C000000003500,00NTRF000083270283//180010
PAGO
:61:081218C000000000402,50NTRF000083270795//180010
PAGO
:61:081218C000000007100,00NTRF000083271156//180010
PAGO
:61:081218C000000005000,00NTRF000083271775//180010
PAGO
:61:081218C000000002312,00NTRF000083272276//180010
PAGO
:61:081218C000000000350,00NTRF000083272604//180010
PAGO
:62M:C081218VEF000011347270,30
-}{5:{CHK:1143FB20924B}}{S:{COP:S}}${1:F21VZCRVECAAXXX5410610696}{4:{177:0404021720}{451:0}}{1:F01VZCRVECAAXXX5410610696}{2:09501717040402VZCRVECAAXXX40812675430404021720N}{3:{108:SCONNECT}}{4:
:20:MI081218
:25:2222222222
:28C:0522/083
:60M:C081218VEF000011347270,30
:61:081218C000000000100,00NTRF000083274866//180010
PAGO
:61:081218C000000083621,95NTRF000083274914//180010
PAGO
:61:081218C000000251835,94NTRF000083275010//180010
PAGO
:61:081218C000000000940,72NTRF000083281752//180010
PAGO
:61:081218C000000000800,00NTRF000083282426//180010
PAGO
:61:081218C000000002000,00NTRF000083283222//180010
PAGO
:61:081218C000000000250,00NTRF000083283406//180010
PAGO
:61:081218C000000003000,00NTRF000083284423//180010
PAGO
:61:081218C000000000295,00NTRF000083284655//180010
PAGO
:62M:C081218VEF000011690113,91
-}{5:{CHK:1143FB20924B}}{S:{COP:S}}${1:F21VZCRVECAAXXX5410610696}{4:{177:0404021720}{451:0}}{1:F01VZCRVECAAXXX5410610696}{2:09501717040402VZCRVECAAXXX40812675430404021720N}{3:{108:SCONNECT}}{4:
:20:MI081218
:25:2222222222
:28C:0522/084
:60M:C081218VEF000011690113,91
:61:081218C000000002000,00NTRF000083284972//180010
PAGO
:61:081218C000002000000,00NTRF000083285786//180010
PAGO
:61:081218C000000001288,00NTRF000083268220//180010
PAGO
:61:081218C000000001881,43NTRF000083281505//180010
PAGO
:61:081218C000000112445,09NTRF000083279674//180010
PAGO
:61:081218C000000000350,00NTRF000083276841//180010
PAGO
:61:081218C000000005000,00NTRF000083250834//180010
PAGO
:61:081218C000000001500,00NTRF000083250403//180010
PAGO
:61:081218C000000003000,00NTRF000083286501//180010
PAGO
:62M:C081218VEF000013817578,43
-}{5:{CHK:1143FB20924B}}{S:{COP:S}}${1:F21VZCRVECAAXXX5410610696}{4:{177:0404021720}{451:0}}{1:F01VZCRVECAAXXX5410610696}{2:09501717040402VZCRVECAAXXX40812675430404021720N}{3:{108:SCONNECT}}{4:
:20:MI081218
:25:2222222222
:28C:0522/085
:60M:C081218VEF000013817578,43
:61:081218C000000000165,90NTRF000083286302//180010
PAGO
:61:081218C000000000152,00NTRF000083286070//180010
PAGO
:61:081218C000000000582,16NTRF000083285985//180010
PAGO
:61:081218C000000003848,74NTRF000083272022//180010
PAGO
:61:081218C000000001662,97NTRF000083271366//180010
PAGO
:61:081218C000000006734,00NTRF000000000000//180010
PAGO
:61:081218C000000000090,00NTRF000027536976//180010
PAGO
:61:081218C000000000040,00NTRF000027536902//180010
PAGO
:61:081218C000000000500,00NTRF000000002163//180010
PAGO
:62M:C081218VEF000013831354,20
-}{5:{CHK:1143FB20924B}}{S:{COP:S}}${1:F21VZCRVECAAXXX5410610696}{4:{177:0404021720}{451:0}}{1:F01VZCRVECAAXXX5410610696}{2:09501717040402VZCRVECAAXXX40812675430404021720N}{3:{108:SCONNECT}}{4:
:20:MI081218
:25:2222222222
:28C:0522/086
:60M:C081218VEF000013831354,20
:61:081218C000000004500,50NTRF000000002142//180010
PAGO
:61:081218C000000000300,00NTRF000000001990//180010
PAGO
:61:081218C000000000700,00NTRF000000001967//180010
PAGO
:61:081218C000000005487,14NTRF000000001765//180010
PAGO
:61:081218C000000005714,75NTRF000000001767//180010
PAGO
:61:081218C000000001000,00NTRF000000001959//180010
PAGO
:61:081218C000000000300,00NTRF000000002188//180010
PAGO
:61:081218C000000004000,00NTRF000000002048//180010
PAGO
:61:081218C000000060950,00NTRF000000002228//180010
PAGO
:62M:C081218VEF000013914306,59
-}{5:{CHK:1143FB20924B}}{S:{COP:S}}${1:F21VZCRVECAAXXX5410610696}{4:{177:0404021720}{451:0}}{1:F01VZCRVECAAXXX5410610696}{2:09501717040402VZCRVECAAXXX40812675430404021720N}{3:{108:SCONNECT}}{4:
:20:MI081218
:25:2222222222
:28C:0522/087
:60M:C081218VEF000013914306,59
:61:081218C000000009300,00NTRF000000401695//180010
PAGO
:61:081218C000000000800,00NTRF000000405092//180010
PAGO
:61:081218C000000000300,00NTRF000000405548//180010
PAGO
:61:081218C000000005000,00NTRF000000406510//180010
PAGO
:61:081218C000000007200,00NTRF000000406367//180010
PAGO
:61:081218C000000003000,00NTRF000000406612//180010
PAGO
:61:081218C000000001000,00NTRF000000282036//180010
PAGO
:61:081218C000000000200,00NTRF000000282393//180010
PAGO
:61:081218C000000000250,00NTRF000000407849//180010
PAGO
:62M:C081218VEF000013941356,59
-}{5:{CHK:1143FB20924B}}{S:{COP:S}}${1:F21VZCRVECAAXXX5410610696}{4:{177:0404021720}{451:0}}{1:F01VZCRVECAAXXX5410610696}{2:09501717040402VZCRVECAAXXX40812675430404021720N}{3:{108:SCONNECT}}{4:
:20:MI081218
:25:2222222222
:28C:0522/088
:60M:C081218VEF000013941356,59
:61:081218C000000000500,00NTRF000000407705//180010
PAGO
:61:081218C000000002500,00NTRF000000407690//180010
PAGO
:61:081218C000000022985,20NTRF000000407382//180010
PAGO
:61:081218C000000000120,00NTRF000000407237//180010
PAGO
:61:081218C000000002265,00NTRF000000407209//180010
PAGO
:61:081218C000000009775,00NTRF000000407041//180010
PAGO
:61:081218C000000008000,00NTRF000000407015//180010
PAGO
:61:081218C000000003000,00NTRF000000407404//180010
PAGO
:61:081218C000000001500,00NTRF000000407707//180010
PAGO
:62M:C081218VEF000013992001,79
-}{5:{CHK:1143FB20924B}}{S:{COP:S}}${1:F21VZCRVECAAXXX5410610696}{4:{177:0404021720}{451:0}}{1:F01VZCRVECAAXXX5410610696}{2:09501717040402VZCRVECAAXXX40812675430404021720N}{3:{108:SCONNECT}}{4:
:20:MI081218
:25:2222222222
:28C:0522/089
:60M:C081218VEF000013992001,79
:61:081218C000000000110,00NTRF000000407845//180010
PAGO
:61:081218C000000019554,60NTRF000082112597//180010
PAGO
:61:081218C000000000200,00NTRF000000094636//180010
PAGO
:61:081218C000000020000,00NTRF000000863669//180010
PAGO
:61:081218C000000000400,00NTRF000000086921//180010
PAGO
:61:081218C000000000400,00NTRF000000086920//180010
PAGO
:61:081218C000000004000,00NTRF000000088566//180010
PAGO
:61:081218C000000005187,00NTRF000000088419//180010
PAGO
:61:081218C000000015000,00NTRF000000088248//180010
PAGO
:62M:C081218VEF000014056853,39
-}{5:{CHK:1143FB20924B}}{S:{COP:S}}${1:F21VZCRVECAAXXX5410610696}{4:{177:0404021720}{451:0}}{1:F01VZCRVECAAXXX5410610696}{2:09501717040402VZCRVECAAXXX40812675430404021720N}{3:{108:SCONNECT}}{4:
:20:MI081218
:25:2222222222
:28C:0522/090
:60M:C081218VEF000014056853,39
:61:081218C000000001000,00NTRF000000088215//180010
PAGO
:61:081218C000000002500,00NTRF000000087708//180010
PAGO
:61:081218C000000000500,00NTRF000000087567//180010
PAGO
:61:081218C000000000912,00NTRF000000087577//180010
PAGO
:61:081218C000000001400,00NTRF000000087430//180010
PAGO
:61:081218C000000001600,00NTRF000000087331//180010
PAGO
:61:081218C000000000050,00NTRF000000087294//180010
PAGO
:61:081218C000000011472,00NTRF000000087164//180010
PAGO
:61:081218C000000007580,00NTRF000000088016//180010
PAGO
:62M:C081218VEF000014083867,39
-}{5:{CHK:1143FB20924B}}{S:{COP:S}}${1:F21VZCRVECAAXXX5410610696}{4:{177:0404021720}{451:0}}{1:F01VZCRVECAAXXX5410610696}{2:09501717040402VZCRVECAAXXX40812675430404021720N}{3:{108:SCONNECT}}{4:
:20:MI081218
:25:2222222222
:28C:0522/091
:60M:C081218VEF000014083867,39
:61:081218C000000004363,50NTRF000000088008//180010
PAGO
:61:081218C000000000200,00NTRF000000087905//180010
PAGO
:61:081218C000000001536,58NTRF000000087878//180010
PAGO
:61:081218C000000003166,67NTRF000000087786//180010
PAGO
:61:081218C000000000300,00NTRF000000087751//180010
PAGO
:61:081218C000000000005,00NTRF000000087747//180010
PAGO
:61:081218C000000000500,00NTRF000000087719//180010
PAGO
:61:081218C000000030985,54NTRF000000087704//180010
PAGO
:61:081218C000000000530,00NTRF000000087139//180010
PAGO
:62M:C081218VEF000014125454,68
-}{5:{CHK:1143FB20924B}}{S:{COP:S}}${1:F21VZCRVECAAXXX5410610696}{4:{177:0404021720}{451:0}}{1:F01VZCRVECAAXXX5410610696}{2:09501717040402VZCRVECAAXXX40812675430404021720N}{3:{108:SCONNECT}}{4:
:20:MI081218
:25:2222222222
:28C:0522/092
:60M:C081218VEF000014125454,68
:61:081218C000000000230,00NTRF000000087141//180010
PAGO
:61:081218C000000000250,00NTRF000000087108//180010
PAGO
:61:081218C000000000405,00NTRF000000088198//180010
PAGO
:61:081218C000000001600,00NTRF000000088227//180010
PAGO
:61:081218C000000002650,00NTRF000000088377//180010
PAGO
:61:081218C000000004060,00NTRF000000088442//180010
PAGO
:61:081218C000000001000,00NTRF000000088677//180010
PAGO
:61:081218C000000003200,00NTRF000000088797//180010
PAGO
:61:081218C000000002000,00NTRF000000086950//180010
PAGO
:62M:C081218VEF000014140849,68
-}{5:{CHK:1143FB20924B}}{S:{COP:S}}${1:F21VZCRVECAAXXX5410610696}{4:{177:0404021720}{451:0}}{1:F01VZCRVECAAXXX5410610696}{2:09501717040402VZCRVECAAXXX40812675430404021720N}{3:{108:SCONNECT}}{4:
:20:MI081218
:25:2222222222
:28C:0522/093
:60M:C081218VEF000014140849,68
:61:081218C000000000080,00NTRF000000087067//180010
PAGO
:61:081218C000000023900,00NTRF000000075543//180010
PAGO
:61:081218C000000010000,00NTRF000000077302//180010
PAGO
:61:081218C000000001996,80NTRF000000077344//180010
PAGO
:61:081218C000000005000,00NTRF000000075606//180010
PAGO
:61:081218C000000001500,00NTRF000000077263//180010
PAGO
:61:081218C000000000200,00NTRF000000077135//180010
PAGO
:61:081218C000000000650,00NTRF000000076910//180010
PAGO
:61:081218C000000027050,00NTRF000000076116//180010
PAGO
:62M:C081218VEF000014211226,48
-}{5:{CHK:1143FB20924B}}{S:{COP:S}}${1:F21VZCRVECAAXXX5410610696}{4:{177:0404021720}{451:0}}{1:F01VZCRVECAAXXX5410610696}{2:09501717040402VZCRVECAAXXX40812675430404021720N}{3:{108:SCONNECT}}{4:
:20:MI081218
:25:2222222222
:28C:0522/094
:60M:C081218VEF000014211226,48
:61:081218C000000001000,00NTRF000000075998//180010
PAGO
:61:081218C000000000399,00NTRF000000075984//180010
PAGO
:61:081218C000000005000,00NTRF000000075887//180010
PAGO
:61:081218C000000002000,00NTRF000000075881//180010
PAGO
:61:081218C000000040000,00NTRF000000075777//180010
PAGO
:61:081218C000000000560,00NTRF000000075779//180010
PAGO
:61:081218C000000000750,00NTRF000000075718//180010
PAGO
:61:081218C000000001000,00NTRF000000076892//180010
PAGO
:61:081218C000000000300,00NTRF000000076691//180010
PAGO
:62M:C081218VEF000014262235,48
-}{5:{CHK:1143FB20924B}}{S:{COP:S}}${1:F21VZCRVECAAXXX5410610696}{4:{177:0404021720}{451:0}}{1:F01VZCRVECAAXXX5410610696}{2:09501717040402VZCRVECAAXXX40812675430404021720N}{3:{108:SCONNECT}}{4:
:20:MI081218
:25:2222222222
:28C:0522/095
:60M:C081218VEF000014262235,48
:61:081218C000000010000,00NTRF000000076595//180010
PAGO
:61:081218C000000000445,00NTRF000000076547//180010
PAGO
:61:081218C000000000600,00NTRF000000076362//180010
PAGO
:61:081218C000000000600,00NTRF000000076364//180010
PAGO
:61:081218C000000000500,00NTRF000000076290//180010
PAGO
:61:081218C000000002000,00NTRF000000076223//180010
PAGO
:61:081218C000000200000,00NTRF000000076110//180010
PAGO
:61:081218C000000000314,00NTRF000000076891//180010
PAGO
:61:081218C000000004000,00NTRF000000076972//180010
PAGO
:62M:C081218VEF000014480694,48
-}{5:{CHK:1143FB20924B}}{S:{COP:S}}${1:F21VZCRVECAAXXX5410610696}{4:{177:0404021720}{451:0}}{1:F01VZCRVECAAXXX5410610696}{2:09501717040402VZCRVECAAXXX40812675430404021720N}{3:{108:SCONNECT}}{4:
:20:MI081218
:25:2222222222
:28C:0522/096
:60M:C081218VEF000014480694,48
:61:081218C000000000334,00NTRF000000077214//180010
PAGO
:61:081218C000000017337,38NTRF000000075624//180010
PAGO
:61:081218C000000002000,00NTRF000003073017//180010
PAGO
:61:081218C000000000720,48NTRF000003067856//180010
PAGO
:61:081218C000000004000,00NTRF000000000000//180010
PAGO
:61:081218C000000037167,12NTRF000000074878//180010
PAGO
:61:081218C000000063632,61NTRF000000074886//180010
PAGO
:61:081218C000000060563,44NTRF000000074868//180010
PAGO
:61:081218C000000057034,20NTRF000000074871//180010
PAGO
:62M:C081218VEF000014723483,71
-}{5:{CHK:1143FB20924B}}{S:{COP:S}}${1:F21VZCRVECAAXXX5410610696}{4:{177:0404021720}{451:0}}{1:F01VZCRVECAAXXX5410610696}{2:09501717040402VZCRVECAAXXX40812675430404021720N}{3:{108:SCONNECT}}{4:
:20:MI081218
:25:2222222222
:28C:0522/097
:60M:C081218VEF000014723483,71
:61:081218C000000058582,51NTRF000000074873//180010
PAGO
:61:081218C000000047422,09NTRF000000074875//180010
PAGO
:61:081218C000000061695,49NTRF000000074876//180010
PAGO
:61:081218C000000048440,00NTRF000000074877//180010
PAGO
:61:081218C000000055583,38NTRF000000074861//180010
PAGO
:61:081218C000000050598,36NTRF000000074862//180010
PAGO
:61:081218C000000058443,43NTRF000000074874//180010
PAGO
:61:081218C000000057325,87NTRF000000074872//180010
PAGO
:61:081218C000000058287,29NTRF000000074869//180010
PAGO
:62M:C081218VEF000015219862,13
-}{5:{CHK:1143FB20924B}}{S:{COP:S}}${1:F21VZCRVECAAXXX5410610696}{4:{177:0404021720}{451:0}}{1:F01VZCRVECAAXXX5410610696}{2:09501717040402VZCRVECAAXXX40812675430404021720N}{3:{108:SCONNECT}}{4:
:20:MI081218
:25:2222222222
:28C:0522/098
:60M:C081218VEF000015219862,13
:61:081218C000000057602,56NTRF000000074867//180010
PAGO
:61:081218C000000023799,56NTRF000000074883//180010
PAGO
:61:081218C000000065632,48NTRF000000074879//180010
PAGO
:61:081218C000000009587,26NTRF000000074894//180010
PAGO
:61:081218C000000059903,20NTRF000000074893//180010
PAGO
:61:081218C000000005000,00NTRF000078810747//180010
PAGO
:61:081218C000000000591,32NTRF000006757331//180010
PAGO
:61:081218C000000000563,38NTRF000000011617//180010
PAGO
:61:081218C000000000236,00NTRF000000011541//180010
PAGO
:62M:C081218VEF000015442777,89
-}{5:{CHK:1143FB20924B}}{S:{COP:S}}${1:F21VZCRVECAAXXX5410610696}{4:{177:0404021720}{451:0}}{1:F01VZCRVECAAXXX5410610696}{2:09501717040402VZCRVECAAXXX40812675430404021720N}{3:{108:SCONNECT}}{4:
:20:MI081218
:25:2222222222
:28C:0522/099
:60M:C081218VEF000015442777,89
:61:081218C000000004881,51NTRF000000353807//180010
PAGO
:61:081218C000000005000,00NTRF000000648540//180010
PAGO
:61:081218C000000000200,00NTRF000000120654//180010
PAGO
:61:081218C000000000090,00NTRF000000120427//180010
PAGO
:61:081218C000000000590,00NTRF000000091252//180010
PAGO
:61:081218C000000000215,00NTRF000000091371//180010
PAGO
:61:081218C000000001000,00NTRF000000120515//180010
PAGO
:61:081218C000000000451,43NTRF000000120848//180010
PAGO
:61:081218C000000000480,00NTRF000000120958//180010
PAGO
:62M:C081218VEF000015455685,83
-}{5:{CHK:1143FB20924B}}{S:{COP:S}}${1:F21VZCRVECAAXXX5410610696}{4:{177:0404021720}{451:0}}{1:F01VZCRVECAAXXX5410610696}{2:09501717040402VZCRVECAAXXX40812675430404021720N}{3:{108:SCONNECT}}{4:
:20:MI081218
:25:2222222222
:28C:0522/100
:60M:C081218VEF000015455685,83
:61:081218C000000001040,00NTRF000000120764//180010
PAGO
:61:081218C000000000600,00NTRF000000120961//180010
PAGO
:61:081218C000000002725,00NTRF000000000000//180010
PAGO
:61:081218C000000002725,00NTRF000000000000//180010
PAGO
:61:081218C000000000705,52NTRF000000970560//180010
PAGO
:61:081218C000000004650,00NTRF000000970418//180010
PAGO
:61:081218C000000000533,00NTRF000027533323//180010
PAGO
:61:081218C000000000200,00NTRF000027534015//180010
PAGO
:61:081218C000000000400,00NTRF000027533535//180010
PAGO
:62M:C081218VEF000015469264,35
-}{5:{CHK:1143FB20924B}}{S:{COP:S}}${1:F21VZCRVECAAXXX5410610696}{4:{177:0404021720}{451:0}}{1:F01VZCRVECAAXXX5410610696}{2:09501717040402VZCRVECAAXXX40812675430404021720N}{3:{108:SCONNECT}}{4:
:20:MI081218
:25:2222222222
:28C:0522/101
:60M:C081218VEF000015469264,35
:61:081218C000000000380,00NTRF000027534233//180010
PAGO
:61:081218C000000000300,00NTRF000027534589//180010
PAGO
:61:081218C000000001700,00NTRF000027535690//180010
PAGO
:61:081218C000000006800,00NTRF000027536149//180010
PAGO
:61:081218C000000001900,00NTRF000027532356//180010
PAGO
:61:081218C000000000080,00NTRF000000299991//180010
PAGO
:61:081218C000000001500,00NTRF000000300030//180010
PAGO
:61:081218C000000004000,00NTRF000000300034//180010
PAGO
:61:081218C000000002500,00NTRF000000300047//180010
PAGO
:62M:C081218VEF000015488424,35
-}{5:{CHK:1143FB20924B}}{S:{COP:S}}${1:F21VZCRVECAAXXX5410610696}{4:{177:0404021720}{451:0}}{1:F01VZCRVECAAXXX5410610696}{2:09501717040402VZCRVECAAXXX40812675430404021720N}{3:{108:SCONNECT}}{4:
:20:MI081218
:25:2222222222
:28C:0522/102
:60M:C081218VEF000015488424,35
:61:081218C000000000623,60NTRF000000300078//180010
PAGO
:61:081218C000000003500,00NTRF000000300093//180010
PAGO
:61:081218C000000000480,00NTRF000000299555//180010
PAGO
:61:081218C000000004000,00NTRF000000299578//180010
PAGO
:61:081218C000000000546,00NTRF000000299630//180010
PAGO
:61:081218C000000001200,00NTRF000000299631//180010
PAGO
:61:081218C000000000120,00NTRF000000299669//180010
PAGO
:61:081218C000000001782,37NTRF000000288015//180010
PAGO
:61:081218C000000018032,09NTRF000000288337//180010
PAGO
:62M:C081218VEF000015518708,41
-}{5:{CHK:1143FB20924B}}{S:{COP:S}}${1:F21VZCRVECAAXXX5410610696}{4:{177:0404021720}{451:0}}{1:F01VZCRVECAAXXX5410610696}{2:09501717040402VZCRVECAAXXX40812675430404021720N}{3:{108:SCONNECT}}{4:
:20:MI081218
:25:2222222222
:28C:0522/103
:60M:C081218VEF000015518708,41
:61:081218C000000021723,01NTRF000000288853//180010
PAGO
:61:081218C000000000250,00NTRF000000299272//180010
PAGO
:61:081218C000000001500,00NTRF000000281608//180010
PAGO
:61:081218C000000004474,00NTRF000000285983//180010
PAGO
:61:081218C000000002572,00NTRF000000286032//180010
PAGO
:61:081218C000000000957,00NTRF000000286079//180010
PAGO
:61:081218C000000003637,00NTRF000000286100//180010
PAGO
:61:081218C000000009800,00NTRF000000286281//180010
PAGO
:61:081218C000000050000,00NTRF000000286690//180010
PAGO
:62M:C081218VEF000015613621,42
-}{5:{CHK:1143FB20924B}}{S:{COP:S}}${1:F21VZCRVECAAXXX5410610696}{4:{177:0404021720}{451:0}}{1:F01VZCRVECAAXXX5410610696}{2:09501717040402VZCRVECAAXXX40812675430404021720N}{3:{108:SCONNECT}}{4:
:20:MI081218
:25:2222222222
:28C:0522/104
:60M:C081218VEF000015613621,42
:61:081218C000000000392,00NTRF000000287439//180010
PAGO
:61:081218C000000002031,75NTRF000000287861//180010
PAGO
:61:081218C000000001821,68NTRF000000288893//180010
PAGO
:61:081218C000000003000,00NTRF000000290347//180010
PAGO
:61:081218C000000500000,00NTRF000000290887//180010
PAGO
:61:081218C000000800000,00NTRF000000291532//180010
PAGO
:61:081218C000000032610,96NTRF000000291786//180010
PAGO
:61:081218C000000002000,00NTRF000000299095//180010
PAGO
:61:081218C000000004400,00NTRF000000299143//180010
PAGO
:62M:C081218VEF000016959877,81
-}{5:{CHK:1143FB20924B}}{S:{COP:S}}${1:F21VZCRVECAAXXX5410610696}{4:{177:0404021720}{451:0}}{1:F01VZCRVECAAXXX5410610696}{2:09501717040402VZCRVECAAXXX40812675430404021720N}{3:{108:SCONNECT}}{4:
:20:MI081218
:25:2222222222
:28C:0522/105
:60M:C081218VEF000016959877,81
:61:081218C000000000300,00NTRF000000299215//180010
PAGO
:61:081218C000000000700,00NTRF000000299256//180010
PAGO
:61:081218C000000000500,00NTRF000000300108//180010
PAGO
:61:081218C000000000400,00NTRF000000299285//180010
PAGO
:61:081218C000000003500,00NTRF000000299354//180010
PAGO
:61:081218C000000003300,00NTRF000000299357//180010
PAGO
:61:081218C000000003200,00NTRF000000299362//180010
PAGO
:61:081218C000000003000,00NTRF000000299396//180010
PAGO
:61:081218C000000000150,00NTRF000000299436//180010
PAGO
:62M:C081218VEF000016974927,81
-}{5:{CHK:1143FB20924B}}{S:{COP:S}}${1:F21VZCRVECAAXXX5410610696}{4:{177:0404021720}{451:0}}{1:F01VZCRVECAAXXX5410610696}{2:09501717040402VZCRVECAAXXX40812675430404021720N}{3:{108:SCONNECT}}{4:
:20:MI081218
:25:2222222222
:28C:0522/106
:60M:C081218VEF000016974927,81
:61:081218C000000010000,00NTRF000000299469//180010
PAGO
:61:081218C000000000050,00NTRF000000299513//180010
PAGO
:61:081218C000000000426,00NTRF000000300524//180010
PAGO
:61:081218C000000007000,00NTRF000000300540//180010
PAGO
:61:081218C000000000500,00NTRF000000300607//180010
PAGO
:61:081218C000000000260,00NTRF000000300615//180010
PAGO
:61:081218C000000000300,00NTRF000000300620//180010
PAGO
:61:081218C000000008000,00NTRF000000299673//180010
PAGO
:61:081218C000000000281,00NTRF000000299783//180010
PAGO
:62M:C081218VEF000017001744,81
-}{5:{CHK:1143FB20924B}}{S:{COP:S}}${1:F21VZCRVECAAXXX5410610696}{4:{177:0404021720}{451:0}}{1:F01VZCRVECAAXXX5410610696}{2:09501717040402VZCRVECAAXXX40812675430404021720N}{3:{108:SCONNECT}}{4:
:20:MI081218
:25:2222222222
:28C:0522/107
:60M:C081218VEF000017001744,81
:61:081218C000000000180,00NTRF000000299853//180010
PAGO
:61:081218C000000003000,00NTRF000000299898//180010
PAGO
:61:081218C000000007000,00NTRF000000301250//180010
PAGO
:61:081218C000000003000,00NTRF000000300260//180010
PAGO
:61:081218C000000001005,00NTRF000000300358//180010
PAGO
:61:081218C000000005500,00NTRF000000300362//180010
PAGO
:61:081218C000000000500,00NTRF000000300369//180010
PAGO
:61:081218C000000005000,00NTRF000000300379//180010
PAGO
:61:081218C000000000500,00NTRF000000300396//180010
PAGO
:62M:C081218VEF000017027429,81
-}{5:{CHK:1143FB20924B}}{S:{COP:S}}${1:F21VZCRVECAAXXX5410610696}{4:{177:0404021720}{451:0}}{1:F01VZCRVECAAXXX5410610696}{2:09501717040402VZCRVECAAXXX40812675430404021720N}{3:{108:SCONNECT}}{4:
:20:MI081218
:25:2222222222
:28C:0522/108
:60M:C081218VEF000017027429,81
:61:081218C000000010000,00NTRF000000300451//180010
PAGO
:61:081218C000000000080,00NTRF000000300468//180010
PAGO
:61:081218C000000000438,00NTRF000000300843//180010
PAGO
:61:081218C000000600000,00NTRF000000300904//180010
PAGO
:61:081218C000000000650,00NTRF000000300915//180010
PAGO
:61:081218C000000004900,00NTRF000000300986//180010
PAGO
:61:081218C000000002820,00NTRF000000300999//180010
PAGO
:61:081218C000000001500,00NTRF000000301024//180010
PAGO
:61:081218C000000008183,00NTRF000000301048//180010
PAGO
:62M:C081218VEF000017656000,81
-}{5:{CHK:1143FB20924B}}{S:{COP:S}}${1:F21VZCRVECAAXXX5410610696}{4:{177:0404021720}{451:0}}{1:F01VZCRVECAAXXX5410610696}{2:09501717040402VZCRVECAAXXX40812675430404021720N}{3:{108:SCONNECT}}{4:
:20:MI081218
:25:2222222222
:28C:0522/109
:60M:C081218VEF000017656000,81
:61:081218C000000001302,53NTRF000000301078//180010
PAGO
:61:081218C000000000300,00NTRF000000301206//180010
PAGO
:61:081218C000000000030,00NTRF000000300787//180010
PAGO
:61:081218C000000000260,00NTRF000000300638//180010
PAGO
:61:081218C000000001000,00NTRF000000301422//180010
PAGO
:61:081218C000000003600,00NTRF000000301399//180010
PAGO
:61:081218C000000002300,00NTRF000000301347//180010
PAGO
:61:081218C000000050000,00NTRF000000301291//180010
PAGO
:61:081218C000000001500,00NTRF000000301281//180010
PAGO
:62M:C081218VEF000017716293,34
-}{5:{CHK:1143FB20924B}}{S:{COP:S}}${1:F21VZCRVECAAXXX5410610696}{4:{177:0404021720}{451:0}}{1:F01VZCRVECAAXXX5410610696}{2:09501717040402VZCRVECAAXXX40812675430404021720N}{3:{108:SCONNECT}}{4:
:20:MI081218
:25:2222222222
:28C:0522/110
:60M:C081218VEF000017716293,34
:61:081218C000000000200,00NTRF000000301279//180010
PAGO
:61:081218C000000050000,00NTRF000000301271//180010
PAGO
:61:081218C000000000700,00NTRF000000301299//180010
PAGO
:61:081218C000000070000,00NTRF000000301315//180010
PAGO
:61:081218C000000000400,00NTRF000000301323//180010
PAGO
:61:081218C000000000927,62NTRF000000301372//180010
PAGO
:61:081218C000000000179,00NTRF000000301402//180010
PAGO
:61:081218C000000001640,00NTRF000000301460//180010
PAGO
:61:081218C000000000800,00NTRF000000300677//180010
PAGO
:62M:C081218VEF000017841139,96
-}{5:{CHK:1143FB20924B}}{S:{COP:S}}${1:F21VZCRVECAAXXX5410610696}{4:{177:0404021720}{451:0}}{1:F01VZCRVECAAXXX5410610696}{2:09501717040402VZCRVECAAXXX40812675430404021720N}{3:{108:SCONNECT}}{4:
:20:MI081218
:25:2222222222
:28C:0522/111
:60M:C081218VEF000017841139,96
:61:081218C000000004000,00NTRF000000299968//180010
PAGO
:61:081218C000000001200,00NTRF000000299977//180010
PAGO
:61:081218C000000047000,00NTRF000000073887//180010
PAGO
:61:081218C000000018400,00NTRF000000072709//180010
PAGO
:61:081218C000000205687,26NTRF000081218057//180010
PAGO
:61:081218C000000011499,56NTRF000081218047//180010
PAGO
:61:081218C000000002400,00NTRF000078500007//180010
PAGO
:61:081218C000000000093,05NTRF000081218069//180010
PAGO
:61:081218C000000003800,00NTRF000078600089//180010
PAGO
:62M:C081218VEF000018135219,83
-}{5:{CHK:1143FB20924B}}{S:{COP:S}}${1:F21VZCRVECAAXXX5410610696}{4:{177:0404021720}{451:0}}{1:F01VZCRVECAAXXX5410610696}{2:09501717040402VZCRVECAAXXX40812675430404021720N}{3:{108:SCONNECT}}{4:
:20:MI081218
:25:2222222222
:28C:0522/112
:60M:C081218VEF000018135219,83
:61:081218C000000002172,12NTRF000000030660//180010
PAGO
:61:081218C000000001000,00NTRF000000000000//180010
PAGO
:61:081218C000000030310,36NTRF000000072655//180010
PAGO
:61:081218C000000016314,64NTRF000000072642//180010
PAGO
:61:081218C000000005403,30NTRF000000072634//180010
PAGO
:61:081218C000000002024,70NTRF000000072616//180010
PAGO
:61:081218C000000063175,45NTRF000000072644//180010
PAGO
:61:081218C000000047518,74NTRF000000072645//180010
PAGO
:61:081218C000000080299,08NTRF000000072646//180010
PAGO
:62M:C081218VEF000018383438,22
-}{5:{CHK:1143FB20924B}}{S:{COP:S}}${1:F21VZCRVECAAXXX5410610696}{4:{177:0404021720}{451:0}}{1:F01VZCRVECAAXXX5410610696}{2:09501717040402VZCRVECAAXXX40812675430404021720N}{3:{108:SCONNECT}}{4:
:20:MI081218
:25:2222222222
:28C:0522/113
:60M:C081218VEF000018383438,22
:61:081218C000000017450,87NTRF000000072647//180010
PAGO
:61:081218C000000017018,75NTRF000000072649//180010
PAGO
:61:081218C000000205392,00NTRF000000072650//180010
PAGO
:61:081218C000000032042,41NTRF000000072652//180010
PAGO
:61:081218C000000012864,19NTRF000000072653//180010
PAGO
:61:081218C000000313159,36NTRF000000072633//180010
PAGO
:61:081218C000000027523,58NTRF000000072643//180010
PAGO
:61:081218C000000053789,20NTRF000000072656//180010
PAGO
:61:081218C000000022268,66NTRF000000072657//180010
PAGO
:62M:C081218VEF000019084947,24
-}{5:{CHK:1143FB20924B}}{S:{COP:S}}${1:F21VZCRVECAAXXX5410610696}{4:{177:0404021720}{451:0}}{1:F01VZCRVECAAXXX5410610696}{2:09501717040402VZCRVECAAXXX40812675430404021720N}{3:{108:SCONNECT}}{4:
:20:MI081218
:25:2222222222
:28C:0522/114
:60M:C081218VEF000019084947,24
:61:081218C000000031837,43NTRF000000072654//180010
PAGO
:61:081218C000000000230,00NTRF000018122008//180010
PAGO
:61:081218C000000001083,11NTRF000018122008//180010
PAGO
:61:081218C000000000200,00NTRF000018122008//180010
PAGO
:61:081218C000000002300,00NTRF000018122008//180010
PAGO
:61:081218C000000000095,00NTRF000018122008//180010
PAGO
:61:081218C000000000500,00NTRF000000000143//180010
PAGO
:61:081218C000000000500,00NTRF000095120001//180010
PAGO
:61:081218C000000005000,00NTRF000095247527//180010
PAGO
:62M:C081218VEF000019126692,78
-}{5:{CHK:1143FB20924B}}{S:{COP:S}}${1:F21VZCRVECAAXXX5410610696}{4:{177:0404021720}{451:0}}{1:F01VZCRVECAAXXX5410610696}{2:09501717040402VZCRVECAAXXX40812675430404021720N}{3:{108:SCONNECT}}{4:
:20:MI081218
:25:2222222222
:28C:0522/115
:60M:C081218VEF000019126692,78
:61:081218C000000002517,08NTRF000000000208//180010
PAGO
:61:081218C000000000143,15NTRF000000006090//180010
PAGO
:61:081218C000000192189,76NTRF000000006214//180010
PAGO
:61:081218C000000000202,50NTRF000000006248//180010
PAGO
:61:081218C000000011729,25NTRF000000006257//180010
PAGO
:61:081218C000000000381,81NTRF000000006100//180010
PAGO
:61:081218C000000030611,40NTRF000000006189//180010
PAGO
:61:081218C000000040721,54NTRF000000006211//180010
PAGO
:61:081218C000000001527,25NTRF000000006144//180010
PAGO
:62M:C081218VEF000019406716,52
-}{5:{CHK:1143FB20924B}}{S:{COP:S}}${1:F21VZCRVECAAXXX5410610696}{4:{177:0404021720}{451:0}}{1:F01VZCRVECAAXXX5410610696}{2:09501717040402VZCRVECAAXXX40812675430404021720N}{3:{108:SCONNECT}}{4:
:20:MI081218
:25:2222222222
:28C:0522/116
:60M:C081218VEF000019406716,52
:61:081218C000000005075,57NTRF000000006268//180010
PAGO
:61:081218C000000000143,15NTRF000000006136//180010
PAGO
:61:081218C000000000500,00NTRF000000000000//180010
PAGO
:61:081218C000000004000,00NTRF000027530106//180010
PAGO
:61:081218C000000005000,00NTRF000027531450//180010
PAGO
:61:081218C000000000900,00NTRF000027531600//180010
PAGO
:61:081218C000000000800,00NTRF000027531595//180010
PAGO
:61:081218C000000003000,00NTRF000027531005//180010
PAGO
:61:081218C000000000300,00NTRF000027530020//180010
PAGO
:62M:C081218VEF000019426435,24
-}{5:{CHK:1143FB20924B}}{S:{COP:S}}${1:F21VZCRVECAAXXX5410610696}{4:{177:0404021720}{451:0}}{1:F01VZCRVECAAXXX5410610696}{2:09501717040402VZCRVECAAXXX40812675430404021720N}{3:{108:SCONNECT}}{4:
:20:MI081218
:25:2222222222
:28C:0522/117
:60M:C081218VEF000019426435,24
:61:081218C000000003137,00NTRF000027528616//180010
PAGO
:61:081218C000000001000,00NTRF000027529542//180010
PAGO
:61:081218C000000001000,00NTRF000027525932//180010
PAGO
:61:081218C000000015000,00NTRF000000030600//180010
PAGO
:61:081218C000000003000,00NTRF000000030583//180010
PAGO
:61:081218C000000015000,00NTRF000000030599//180010
PAGO
:61:081218C000000005000,00NTRF000000832051//180010
PAGO
:61:081218C000000000200,00NTRF000000849998//180010
PAGO
:61:081218C000000000450,00NTRF000000920679//180010
PAGO
:62M:C081218VEF000019470222,24
-}{5:{CHK:1143FB20924B}}{S:{COP:S}}${1:F21VZCRVECAAXXX5410610696}{4:{177:0404021720}{451:0}}{1:F01VZCRVECAAXXX5410610696}{2:09501717040402VZCRVECAAXXX40812675430404021720N}{3:{108:SCONNECT}}{4:
:20:MI081218
:25:2222222222
:28C:0522/118
:60M:C081218VEF000019470222,24
:61:081218C000000005367,55NTRF000000904488//180010
PAGO
:61:081218C000000000600,00NTRF000000949429//180010
PAGO
:61:081218C000000011400,00NTRF000000802630//180010
PAGO
:61:081218C000000000500,00NTRF000000843237//180010
PAGO
:61:081218C000000005000,00NTRF000000807899//180010
PAGO
:61:081218C000000005000,00NTRF000000811570//180010
PAGO
:61:081218C000000005000,00NTRF000000939808//180010
PAGO
:61:081218C000000008424,00NTRF000000000000//180010
PAGO
:61:081218C000000001872,00NTRF000000000000//180010
PAGO
:62M:C081218VEF000019513385,79
-}{5:{CHK:1143FB20924B}}{S:{COP:S}}${1:F21VZCRVECAAXXX5410610696}{4:{177:0404021720}{451:0}}{1:F01VZCRVECAAXXX5410610696}{2:09501717040402VZCRVECAAXXX40812675430404021720N}{3:{108:SCONNECT}}{4:
:20:MI081218
:25:2222222222
:28C:0522/119
:60M:C081218VEF000019513385,79
:61:081218C000000001435,20NTRF000000000000//180010
PAGO
:61:081218C000000001754,37NTRF000058832008//180010
PAGO
:61:081218C000000000882,00NTRF000000029886//180010
PAGO
:61:081218C000000005521,82NTRF000003528079//180010
PAGO
:61:081218C000000046399,50NTRF000000029682//180010
PAGO
:61:081218C000000005948,80NTRF000000000000//180010
PAGO
:61:081218C000000000849,58NTRF000000000950//180010
PAGO
:61:081218C000000048625,00NTRF000002213429//180010
PAGO
:61:081218C000000009176,94NTRF000000004860//180010
PAGO
:62M:C081218VEF000019633979,00
-}{5:{CHK:1143FB20924B}}{S:{COP:S}}${1:F21VZCRVECAAXXX5410610696}{4:{177:0404021720}{451:0}}{1:F01VZCRVECAAXXX5410610696}{2:09501717040402VZCRVECAAXXX40812675430404021720N}{3:{108:SCONNECT}}{4:
:20:MI081218
:25:2222222222
:28C:0522/120
:60M:C081218VEF000019633979,00
:61:081218C000000033302,76NTRF000000004863//180010
PAGO
:61:081218C000000006523,34NTRF000001290050//180010
PAGO
:61:081218C000000003512,67NTRF000000004809//180010
PAGO
:61:081218C000000000220,00NTRF000030000000//180010
PAGO
:61:081218C000000004052,82NTRF000000029876//180010
PAGO
:61:081218C000000005671,55NTRF000000029961//180010
PAGO
:61:081218C000000023427,00NTRF000059000691//180010
PAGO
:61:081218C000000012612,54NTRF000000007665//180010
PAGO
:61:081218C000000001390,68NTRF000003518075//180010
PAGO
:62M:C081218VEF000019724692,36
-}{5:{CHK:1143FB20924B}}{S:{COP:S}}${1:F21VZCRVECAAXXX5410610696}{4:{177:0404021720}{451:0}}{1:F01VZCRVECAAXXX5410610696}{2:09501717040402VZCRVECAAXXX40812675430404021720N}{3:{108:SCONNECT}}{4:
:20:MI081218
:25:2222222222
:28C:0522/121
:60M:C081218VEF000019724692,36
:61:081218C000000080820,00NTRF000000030024//180010
PAGO
:61:081218C000000008100,00NTRF000000029995//180010
PAGO
:61:081218C000000002700,00NTRF000000029926//180010
PAGO
:61:081218C000000019257,76NTRF000000029856//180010
PAGO
:61:081218C000000007188,43NTRF000000030023//180010
PAGO
:61:081218C000000048715,56NTRF000002213446//180010
PAGO
:61:081218C000000001230,27NTRF000000029789//180010
PAGO
:61:081218C000000004193,95NTRF000000000000//180010
PAGO
:61:081218C000000007702,20NTRF000028172008//180010
PAGO
:62M:C081218VEF000019904600,53
-}{5:{CHK:1143FB20924B}}{S:{COP:S}}${1:F21VZCRVECAAXXX5410610696}{4:{177:0404021720}{451:0}}{1:F01VZCRVECAAXXX5410610696}{2:09501717040402VZCRVECAAXXX40812675430404021720N}{3:{108:SCONNECT}}{4:
:20:MI081218
:25:2222222222
:28C:0522/122
:60M:C081218VEF000019904600,53
:61:081218C000000035104,00NTRF000000029501//180010
PAGO
:61:081218C000000024614,53NTRF000000018582//180010
PAGO
:61:081218C000000026731,67NTRF000000000000//180010
PAGO
:61:081218C000000006417,75NTRF000000000281//180010
PAGO
:61:081218C000000068975,49NTRF000058422008//180010
PAGO
:61:081218C000000003294,66NTRF000000029459//180010
PAGO
:61:081218C000000020799,39NTRF000000000000//180010
PAGO
:61:081218C000000000680,75NTRF000000910833//180010
PAGO
:61:081218C000000004000,00NTRF000000063106//180010
PAGO
:62M:C081218VEF000020095218,77
-}{5:{CHK:1143FB20924B}}{S:{COP:S}}${1:F21VZCRVECAAXXX5410610696}{4:{177:0404021720}{451:0}}{1:F01VZCRVECAAXXX5410610696}{2:09501717040402VZCRVECAAXXX40812675430404021720N}{3:{108:SCONNECT}}{4:
:20:MI081218
:25:2222222222
:28C:0522/123
:60M:C081218VEF000020095218,77
:61:081218C000000010000,00NTRF000000062998//180010
PAGO
:61:081218C000000000035,00NTRF000000062871//180010
PAGO
:61:081218C000000000300,00NTRF000000062696//180010
PAGO
:61:081218C000000003500,00NTRF000000056698//180010
PAGO
:61:081218C000000000710,00NTRF000000056563//180010
PAGO
:61:081218C000000000120,00NTRF000000056493//180010
PAGO
:61:081218C000000000500,00NTRF000000056387//180010
PAGO
:61:081218C000000002520,00NTRF000000056343//180010
PAGO
:61:081218C000000010000,00NTRF000000056314//180010
PAGO
:62M:C081218VEF000020122903,77
-}{5:{CHK:1143FB20924B}}{S:{COP:S}}${1:F21VZCRVECAAXXX5410610696}{4:{177:0404021720}{451:0}}{1:F01VZCRVECAAXXX5410610696}{2:09501717040402VZCRVECAAXXX40812675430404021720N}{3:{108:SCONNECT}}{4:
:20:MI081218
:25:2222222222
:28C:0522/124
:60M:C081218VEF000020122903,77
:61:081218C000000003360,00NTRF000000056286//180010
PAGO
:61:081218C000000000500,00NTRF000000056226//180010
PAGO
:61:081218C000000002500,00NTRF000000056201//180010
PAGO
:61:081218C000000000500,00NTRF000000056012//180010
PAGO
:61:081218C000000003768,55NTRF000000055926//180010
PAGO
:61:081218C000000015000,00NTRF000000055863//180010
PAGO
:61:081218C000000003000,00NTRF000000055813//180010
PAGO
:61:081218C000000007375,02NTRF000000055744//180010
PAGO
:61:081218C000000001500,00NTRF000000055544//180010
PAGO
:62M:C081218VEF000020160407,34
-}{5:{CHK:1143FB20924B}}{S:{COP:S}}${1:F21VZCRVECAAXXX5410610696}{4:{177:0404021720}{451:0}}{1:F01VZCRVECAAXXX5410610696}{2:09501717040402VZCRVECAAXXX40812675430404021720N}{3:{108:SCONNECT}}{4:
:20:MI081218
:25:2222222222
:28C:0522/125
:60M:C081218VEF000020160407,34
:61:081218C000000008000,00NTRF000000055473//180010
PAGO
:61:081218C000000000088,00NTRF000000055460//180010
PAGO
:61:081218C000000000500,00NTRF000000055367//180010
PAGO
:61:081218C000000001000,00NTRF000000055234//180010
PAGO
:61:081218C000000000500,00NTRF000000055127//180010
PAGO
:61:081218C000000000100,00NTRF000000056477//180010
PAGO
:61:081218C000000000440,00NTRF000000055766//180010
PAGO
:61:081218C000000000650,00NTRF000000055063//180010
PAGO
:61:081218C000000004000,00NTRF000000056663//180010
PAGO
:62M:C081218VEF000020175685,34
-}{5:{CHK:1143FB20924B}}{S:{COP:S}}${1:F21VZCRVECAAXXX5410610696}{4:{177:0404021720}{451:0}}{1:F01VZCRVECAAXXX5410610696}{2:09501717040402VZCRVECAAXXX40812675430404021720N}{3:{108:SCONNECT}}{4:
:20:MI081218
:25:2222222222
:28C:0522/126
:60M:C081218VEF000020175685,34
:61:081218C000000000500,00NTRF000000056886//180010
PAGO
:61:081218C000000001500,00NTRF000000062702//180010
PAGO
:61:081218C000000000600,00NTRF000000062973//180010
PAGO
:61:081218C000000001200,00NTRF000000063104//180010
PAGO
:61:081218C000000007109,00NTRF000000063202//180010
PAGO
:61:081218C000000000400,00NTRF000000033295//180010
PAGO
:61:081218C000000003621,78NTRF000000033395//180010
PAGO
:61:081218C000000005025,74NTRF000000033253//180010
PAGO
:61:081218C000000003443,00NTRF000000033156//180010
PAGO
:62M:C081218VEF000020199084,86
-}{5:{CHK:1143FB20924B}}{S:{COP:S}}${1:F21VZCRVECAAXXX5410610696}{4:{177:0404021720}{451:0}}{1:F01VZCRVECAAXXX5410610696}{2:09501717040402VZCRVECAAXXX40812675430404021720N}{3:{108:SCONNECT}}{4:
:20:MI081218
:25:2222222222
:28C:0522/127
:60M:C081218VEF000020199084,86
:61:081218C000000004200,00NTRF000000033047//180010
PAGO
:61:081218C000000000250,00NTRF000000032964//180010
PAGO
:61:081218C000000000100,00NTRF000000032902//180010
PAGO
:61:081218C000000008467,86NTRF000000032864//180010
PAGO
:61:081218C000000000395,08NTRF000000032806//180010
PAGO
:61:081218C000000009600,00NTRF000000032812//180010
PAGO
:61:081218C000000004000,00NTRF000000033003//180010
PAGO
:61:081218C000000000150,00NTRF000000033117//180010
PAGO
:61:081218C000000003000,00NTRF000000033226//180010
PAGO
:62M:C081218VEF000020229247,80
-}{5:{CHK:1143FB20924B}}{S:{COP:S}}${1:F21VZCRVECAAXXX5410610696}{4:{177:0404021720}{451:0}}{1:F01VZCRVECAAXXX5410610696}{2:09501717040402VZCRVECAAXXX40812675430404021720N}{3:{108:SCONNECT}}{4:
:20:MI081218
:25:2222222222
:28C:0522/128
:60M:C081218VEF000020229247,80
:61:081218C000000007848,97NTRF000000033546//180010
PAGO
:61:081218C000000001000,00NTRF000000032702//180010
PAGO
:61:081218C000000000750,00NTRF000000032508//180010
PAGO
:61:081218C000000000600,00NTRF000000032426//180010
PAGO
:61:081218C000000000688,00NTRF000000032333//180010
PAGO
:61:081218C000000000200,00NTRF000000032392//180010
PAGO
:61:081218C000000000200,00NTRF000000032605//180010
PAGO
:61:081218C000000000500,00NTRF000000032777//180010
PAGO
:61:081218C000000001500,00NTRF000000046510//180010
PAGO
:62M:C081218VEF000020242534,77
-}{5:{CHK:1143FB20924B}}{S:{COP:S}}${1:F21VZCRVECAAXXX5410610696}{4:{177:0404021720}{451:0}}{1:F01VZCRVECAAXXX5410610696}{2:09501717040402VZCRVECAAXXX40812675430404021720N}{3:{108:SCONNECT}}{4:
:20:MI081218
:25:2222222222
:28C:0522/129
:60M:C081218VEF000020242534,77
:61:081218C000000001500,00NTRF000000046434//180010
PAGO
:61:081218C000000001000,00NTRF000000046383//180010
PAGO
:61:081218C000000000500,00NTRF000000046313//180010
PAGO
:61:081218C000000000500,00NTRF000000046283//180010
PAGO
:61:081218C000000000300,00NTRF000000046206//180010
PAGO
:61:081218C000000000500,00NTRF000000046128//180010
PAGO
:61:081218C000000005000,00NTRF000000046051//180010
PAGO
:61:081218C000000003000,00NTRF000000046008//180010
PAGO
:61:081218C000000000440,00NTRF000000045958//180010
PAGO
:62M:C081218VEF000020255274,77
-}{5:{CHK:1143FB20924B}}{S:{COP:S}}${1:F21VZCRVECAAXXX5410610696}{4:{177:0404021720}{451:0}}{1:F01VZCRVECAAXXX5410610696}{2:09501717040402VZCRVECAAXXX40812675430404021720N}{3:{108:SCONNECT}}{4:
:20:MI081218
:25:2222222222
:28C:0522/130
:60M:C081218VEF000020255274,77
:61:081218C000000000186,91NTRF000000045927//180010
PAGO
:61:081218C000000002375,00NTRF000000035495//180010
PAGO
:61:081218C000000001445,00NTRF000000035491//180010
PAGO
:61:081218C000000000250,00NTRF000000035457//180010
PAGO
:61:081218C000000002771,00NTRF000000035408//180010
PAGO
:61:081218C000000001500,00NTRF000000035385//180010
PAGO
:61:081218C000000000535,00NTRF000000035370//180010
PAGO
:61:081218C000000000500,00NTRF000000035362//180010
PAGO
:61:081218C000000010000,00NTRF000000035312//180010
PAGO
:62M:C081218VEF000020274837,68
-}{5:{CHK:1143FB20924B}}{S:{COP:S}}${1:F21VZCRVECAAXXX5410610696}{4:{177:0404021720}{451:0}}{1:F01VZCRVECAAXXX5410610696}{2:09501717040402VZCRVECAAXXX40812675430404021720N}{3:{108:SCONNECT}}{4:
:20:MI081218
:25:2222222222
:28C:0522/131
:60M:C081218VEF000020274837,68
:61:081218C000000000110,00NTRF000000035319//180010
PAGO
:61:081218C000000004000,00NTRF000000035200//180010
PAGO
:61:081218C000000001020,00NTRF000000035187//180010
PAGO
:61:081218C000000000060,00NTRF000000034978//180010
PAGO
:61:081218C000000015000,00NTRF000000034923//180010
PAGO
:61:081218C000000001000,00NTRF000000034797//180010
PAGO
:61:081218C000000000280,00NTRF000000034619//180010
PAGO
:61:081218C000000010000,00NTRF000000034536//180010
PAGO
:61:081218C000000010000,00NTRF000000035833//180010
PAGO
:62M:C081218VEF000020316307,68
-}{5:{CHK:1143FB20924B}}{S:{COP:S}}${1:F21VZCRVECAAXXX5410610696}{4:{177:0404021720}{451:0}}{1:F01VZCRVECAAXXX5410610696}{2:09501717040402VZCRVECAAXXX40812675430404021720N}{3:{108:SCONNECT}}{4:
:20:MI081218
:25:2222222222
:28C:0522/132
:60M:C081218VEF000020316307,68
:61:081218C000000014250,00NTRF000000035825//180010
PAGO
:61:081218C000000038000,00NTRF000000035826//180010
PAGO
:61:081218C000000004000,00NTRF000000035796//180010
PAGO
:61:081218C000000000264,87NTRF000000035788//180010
PAGO
:61:081218C000000000500,00NTRF000000035765//180010
PAGO
:61:081218C000000002500,00NTRF000000035722//180010
PAGO
:61:081218C000000003300,00NTRF000000035701//180010
PAGO
:61:081218C000000004000,00NTRF000000035554//180010
PAGO
:61:081218C000000006480,81NTRF000000045887//180010
PAGO
:62M:C081218VEF000020389603,36
-}{5:{CHK:1143FB20924B}}{S:{COP:S}}${1:F21VZCRVECAAXXX5410610696}{4:{177:0404021720}{451:0}}{1:F01VZCRVECAAXXX5410610696}{2:09501717040402VZCRVECAAXXX40812675430404021720N}{3:{108:SCONNECT}}{4:
:20:MI081218
:25:2222222222
:28C:0522/133
:60M:C081218VEF000020389603,36
:61:081218C000000000259,00NTRF000000045869//180010
PAGO
:61:081218C000000001000,00NTRF000000045848//180010
PAGO
:61:081218C000000003000,00NTRF000000045849//180010
PAGO
:61:081218C000000001100,00NTRF000000045650//180010
PAGO
:61:081218C000000015000,00NTRF000000045592//180010
PAGO
:61:081218C000000005000,00NTRF000000036033//180010
PAGO
:61:081218C000000002520,00NTRF000000035915//180010
PAGO
:61:081218C000000011237,38NTRF000000035921//180010
PAGO
:61:081218C000000016255,89NTRF000000034475//180010
PAGO
:62M:C081218VEF000020444975,63
-}{5:{CHK:1143FB20924B}}{S:{COP:S}}${1:F21VZCRVECAAXXX5410610696}{4:{177:0404021720}{451:0}}{1:F01VZCRVECAAXXX5410610696}{2:09501717040402VZCRVECAAXXX40812675430404021720N}{3:{108:SCONNECT}}{4:
:20:MI081218
:25:2222222222
:28C:0522/134
:60M:C081218VEF000020444975,63
:61:081218C000000015521,34NTRF000000034366//180010
PAGO
:61:081218C000000003000,00NTRF000000034367//180010
PAGO
:61:081218C000000000054,20NTRF000000034368//180010
PAGO
:61:081218C000000016000,00NTRF000000034236//180010
PAGO
:61:081218C000000001300,00NTRF000000034172//180010
PAGO
:61:081218C000000000150,00NTRF000000034176//180010
PAGO
:61:081218C000000022553,17NTRF000000033584//180010
PAGO
:61:081218C000000002400,00NTRF000000034128//180010
PAGO
:61:081218C000000000150,00NTRF000000034134//180010
PAGO
:62M:C081218VEF000020506104,34
-}{5:{CHK:1143FB20924B}}{S:{COP:S}}${1:F21VZCRVECAAXXX5410610696}{4:{177:0404021720}{451:0}}{1:F01VZCRVECAAXXX5410610696}{2:09501717040402VZCRVECAAXXX40812675430404021720N}{3:{108:SCONNECT}}{4:
:20:MI081218
:25:2222222222
:28C:0522/135
:60M:C081218VEF000020506104,34
:61:081218C000000004010,00NTRF000000033958//180010
PAGO
:61:081218C000000002000,00NTRF000000033934//180010
PAGO
:61:081218C000000003000,00NTRF000000033923//180010
PAGO
:61:081218C000000002000,00NTRF000000033926//180010
PAGO
:61:081218C000000010600,00NTRF000000033810//180010
PAGO
:61:081218C000000000200,00NTRF000000033774//180010
PAGO
:61:081218C000000000542,50NTRF000000033694//180010
PAGO
:61:081218C000000001500,00NTRF000000046333//180010
PAGO
:61:081218C000000001195,00NTRF000000046413//180010
PAGO
:62M:C081218VEF000020531151,84
-}{5:{CHK:1143FB20924B}}{S:{COP:S}}${1:F21VZCRVECAAXXX5410610696}{4:{177:0404021720}{451:0}}{1:F01VZCRVECAAXXX5410610696}{2:09501717040402VZCRVECAAXXX40812675430404021720N}{3:{108:SCONNECT}}{4:
:20:MI081218
:25:2222222222
:28C:0522/136
:60M:C081218VEF000020531151,84
:61:081218C000000000100,00NTRF000000046431//180010
PAGO
:61:081218C000000000300,00NTRF000000046540//180010
PAGO
:61:081218C000000003000,00NTRF000000047337//180010
PAGO
:61:081218C000000001000,00NTRF000000046933//180010
PAGO
:61:081218C000000000970,00NTRF000000047436//180010
PAGO
:61:081218C000000000871,75NTRF000000013233//180010
PAGO
:61:081218C000000000600,00NTRF000000013197//180010
PAGO
:61:081218C000000000200,00NTRF000000012938//180010
PAGO
:61:081218C000000000466,00NTRF000000012912//180010
PAGO
:62M:C081218VEF000020538659,59
-}{5:{CHK:1143FB20924B}}{S:{COP:S}}${1:F21VZCRVECAAXXX5410610696}{4:{177:0404021720}{451:0}}{1:F01VZCRVECAAXXX5410610696}{2:09501717040402VZCRVECAAXXX40812675430404021720N}{3:{108:SCONNECT}}{4:
:20:MI081218
:25:2222222222
:28C:0522/137
:60M:C081218VEF000020538659,59
:61:081218C000000012000,00NTRF000000012694//180010
PAGO
:61:081218C000000007000,00NTRF000000012926//180010
PAGO
:61:081218C000000007576,44NTRF000000013044//180010
PAGO
:61:081218C000000002600,00NTRF000000013290//180010
PAGO
:61:081218C000000001790,00NTRF000000013334//180010
PAGO
:61:081218C000000040000,00NTRF000000013358//180010
PAGO
:61:081218C000000002883,00NTRF000000012566//180010
PAGO
:61:081218C000000000320,00NTRF000000012547//180010
PAGO
:61:081218C000000020250,00NTRF000000012533//180010
PAGO
:62M:C081218VEF000020633079,03
-}{5:{CHK:1143FB20924B}}{S:{COP:S}}${1:F21VZCRVECAAXXX5410610696}{4:{177:0404021720}{451:0}}{1:F01VZCRVECAAXXX5410610696}{2:09501717040402VZCRVECAAXXX40812675430404021720N}{3:{108:SCONNECT}}{4:
:20:MI081218
:25:2222222222
:28C:0522/138
:60M:C081218VEF000020633079,03
:61:081218C000000000440,00NTRF000000012508//180010
PAGO
:61:081218C000000000270,00NTRF000000012575//180010
PAGO
:61:081218C000000000400,00NTRF000000013960//180010
PAGO
:61:081218C000000006000,00NTRF000000013951//180010
PAGO
:61:081218C000000002500,00NTRF000000014104//180010
PAGO
:61:081218C000000001125,00NTRF000000013531//180010
PAGO
:61:081218C000000001500,00NTRF000000013540//180010
PAGO
:61:081218C000000000400,00NTRF000000013897//180010
PAGO
:61:081218C000000000200,00NTRF000000013872//180010
PAGO
:62M:C081218VEF000020645914,03
-}{5:{CHK:1143FB20924B}}{S:{COP:S}}${1:F21VZCRVECAAXXX5410610696}{4:{177:0404021720}{451:0}}{1:F01VZCRVECAAXXX5410610696}{2:09501717040402VZCRVECAAXXX40812675430404021720N}{3:{108:SCONNECT}}{4:
:20:MI081218
:25:2222222222
:28C:0522/139
:60M:C081218VEF000020645914,03
:61:081218C000000000550,00NTRF000000013866//180010
PAGO
:61:081218C000000000800,00NTRF000000013851//180010
PAGO
:61:081218C000000000606,04NTRF000000013810//180010
PAGO
:61:081218C000000001630,64NTRF000000013811//180010
PAGO
:61:081218C000000004400,00NTRF000000013663//180010
PAGO
:61:081218C000000007310,00NTRF000000013653//180010
PAGO
:61:081218C000000000400,00NTRF000000013557//180010
PAGO
:61:081218C000000000150,00NTRF000000014150//180010
PAGO
:61:081218C000000004963,21NTRF000000031953//180010
PAGO
:62M:C081218VEF000020666723,92
-}{5:{CHK:1143FB20924B}}{S:{COP:S}}${1:F21VZCRVECAAXXX5410610696}{4:{177:0404021720}{451:0}}{1:F01VZCRVECAAXXX5410610696}{2:09501717040402VZCRVECAAXXX40812675430404021720N}{3:{108:SCONNECT}}{4:
:20:MI081218
:25:2222222222
:28C:0522/140
:60M:C081218VEF000020666723,92
:61:081218C000000018730,96NTRF000000031956//180010
PAGO
:61:081218C000000002400,00NTRF000000031722//180010
PAGO
:61:081218C000000000500,00NTRF000000030793//180010
PAGO
:61:081218C000000000080,00NTRF000000030750//180010
PAGO
:61:081218C000000011200,00NTRF000000030707//180010
PAGO
:61:081218C000000005520,00NTRF000000030588//180010
PAGO
:61:081218C000000002000,00NTRF000000030452//180010
PAGO
:61:081218C000000001000,00NTRF000000031547//180010
PAGO
:61:081218C000000001000,00NTRF000000031523//180010
PAGO
:62M:C081218VEF000020709154,88
-}{5:{CHK:1143FB20924B}}{S:{COP:S}}${1:F21VZCRVECAAXXX5410610696}{4:{177:0404021720}{451:0}}{1:F01VZCRVECAAXXX5410610696}{2:09501717040402VZCRVECAAXXX40812675430404021720N}{3:{108:SCONNECT}}{4:
:20:MI081218
:25:2222222222
:28C:0522/141
:60M:C081218VEF000020709154,88
:61:081218C000000000300,00NTRF000000031465//180010
PAGO
:61:081218C000000005797,89NTRF000000031459//180010
PAGO
:61:081218C000000000100,00NTRF000000031440//180010
PAGO
:61:081218C000000000600,00NTRF000000031415//180010
PAGO
:61:081218C000000000399,00NTRF000000031399//180010
PAGO
:61:081218C000000009806,18NTRF000000031027//180010
PAGO
:61:081218C000000001450,00NTRF000000030974//180010
PAGO
:61:081218C000000000470,00NTRF000000030917//180010
PAGO
:61:081218C000000024000,00NTRF000000030319//180010
PAGO
:62M:C081218VEF000020752077,95
-}{5:{CHK:1143FB20924B}}{S:{COP:S}}${1:F21VZCRVECAAXXX5410610696}{4:{177:0404021720}{451:0}}{1:F01VZCRVECAAXXX5410610696}{2:09501717040402VZCRVECAAXXX40812675430404021720N}{3:{108:SCONNECT}}{4:
:20:MI081218
:25:2222222222
:28C:0522/142
:60M:C081218VEF000020752077,95
:61:081218C000000000550,00NTRF000000030192//180010
PAGO
:61:081218C000000009235,50NTRF000000030168//180010
PAGO
:61:081218C000000012500,00NTRF000000030173//180010
PAGO
:61:081218C000000000311,96NTRF000000030118//180010
PAGO
:61:081218C000000000400,00NTRF000000030105//180010
PAGO
:61:081218C000000002000,00NTRF000000030084//180010
PAGO
:61:081218C000000000520,00NTRF000000029977//180010
PAGO
:61:081218C000000002000,00NTRF000000029710//180010
PAGO
:61:081218C000000000640,00NTRF000000029673//180010
PAGO
:62M:C081218VEF000020780235,41
-}{5:{CHK:1143FB20924B}}{S:{COP:S}}${1:F21VZCRVECAAXXX5410610696}{4:{177:0404021720}{451:0}}{1:F01VZCRVECAAXXX5410610696}{2:09501717040402VZCRVECAAXXX40812675430404021720N}{3:{108:SCONNECT}}{4:
:20:MI081218
:25:2222222222
:28C:0522/143
:60M:C081218VEF000020780235,41
:61:081218C000000000150,00NTRF000000029621//180010
PAGO
:61:081218C000000002500,00NTRF000000029612//180010
PAGO
:61:081218C000000012000,00NTRF000000029480//180010
PAGO
:61:081218C000000000300,00NTRF000000029455//180010
PAGO
:61:081218C000000012000,00NTRF000000029393//180010
PAGO
:61:081218C000000000350,00NTRF000000029354//180010
PAGO
:61:081218C000000003120,00NTRF000000029299//180010
PAGO
:61:081218C000000000070,00NTRF000000029302//180010
PAGO
:61:081218C000000000460,00NTRF000000029181//180010
PAGO
:62M:C081218VEF000020811185,41
-}{5:{CHK:1143FB20924B}}{S:{COP:S}}${1:F21VZCRVECAAXXX5410610696}{4:{177:0404021720}{451:0}}{1:F01VZCRVECAAXXX5410610696}{2:09501717040402VZCRVECAAXXX40812675430404021720N}{3:{108:SCONNECT}}{4:
:20:MI081218
:25:2222222222
:28C:0522/144
:60M:C081218VEF000020811185,41
:61:081218C000000004000,00NTRF000000029182//180010
PAGO
:61:081218C000000000500,00NTRF000000029143//180010
PAGO
:61:081218C000000001000,00NTRF000000029137//180010
PAGO
:61:081218C000000002000,00NTRF000000029032//180010
PAGO
:61:081218C000000007000,00NTRF000000028962//180010
PAGO
:61:081218C000000000814,01NTRF000000028856//180010
PAGO
:61:081218C000000001156,05NTRF000000028857//180010
PAGO
:61:081218C000000005067,97NTRF000000028858//180010
PAGO
:61:081218C000000000350,00NTRF000000028807//180010
PAGO
:62M:C081218VEF000020833073,44
-}{5:{CHK:1143FB20924B}}{S:{COP:S}}${1:F21VZCRVECAAXXX5410610696}{4:{177:0404021720}{451:0}}{1:F01VZCRVECAAXXX5410610696}{2:09501717040402VZCRVECAAXXX40812675430404021720N}{3:{108:SCONNECT}}{4:
:20:MI081218
:25:2222222222
:28C:0522/145
:60M:C081218VEF000020833073,44
:61:081218C000000000085,00NTRF000000028708//180010
PAGO
:61:081218C000000002800,00NTRF000000028686//180010
PAGO
:61:081218C000000000200,00NTRF000000028626//180010
PAGO
:61:081218C000000006000,00NTRF000000028588//180010
PAGO
:61:081218C000000000650,00NTRF000000028544//180010
PAGO
:61:081218C000000000900,00NTRF000000028537//180010
PAGO
:61:081218C000000000419,71NTRF000000028338//180010
PAGO
:61:081218C000000000500,00NTRF000000028322//180010
PAGO
:61:081218C000000010000,00NTRF000000028306//180010
PAGO
:62M:C081218VEF000020854628,15
-}{5:{CHK:1143FB20924B}}{S:{COP:S}}${1:F21VZCRVECAAXXX5410610696}{4:{177:0404021720}{451:0}}{1:F01VZCRVECAAXXX5410610696}{2:09501717040402VZCRVECAAXXX40812675430404021720N}{3:{108:SCONNECT}}{4:
:20:MI081218
:25:2222222222
:28C:0522/146
:60M:C081218VEF000020854628,15
:61:081218C000000001500,00NTRF000000028298//180010
PAGO
:61:081218C000000002000,00NTRF000000028258//180010
PAGO
:61:081218C000000010269,99NTRF000000028047//180010
PAGO
:61:081218C000000000700,00NTRF000000027970//180010
PAGO
:61:081218C000000000050,00NTRF000000027914//180010
PAGO
:61:081218C000000010000,00NTRF000000014350//180010
PAGO
:61:081218C000000002250,00NTRF000000014351//180010
PAGO
:61:081218C000000000765,00NTRF000000014292//180010
PAGO
:61:081218C000000004668,00NTRF000000014293//180010
PAGO
:62M:C081218VEF000020886831,14
-}{5:{CHK:1143FB20924B}}{S:{COP:S}}${1:F21VZCRVECAAXXX5410610696}{4:{177:0404021720}{451:0}}{1:F01VZCRVECAAXXX5410610696}{2:09501717040402VZCRVECAAXXX40812675430404021720N}{3:{108:SCONNECT}}{4:
:20:MI081218
:25:2222222222
:28C:0522/147
:60M:C081218VEF000020886831,14
:61:081218C000000000400,00NTRF000000014240//180010
PAGO
:61:081218C000000000860,00NTRF000000014242//180010
PAGO
:61:081218C000000001000,00NTRF000000014243//180010
PAGO
:61:081218C000000001000,00NTRF000000014211//180010
PAGO
:61:081218C000000000195,50NTRF000000031567//180010
PAGO
:61:081218C000000000461,73NTRF000000031957//180010
PAGO
:61:081218C000000001151,36NTRF000000031961//180010
PAGO
:61:081218C000000019450,00NTRF000000032000//180010
PAGO
:61:081218C000000131000,00NTRF000000012610//180010
PAGO
:62M:C081218VEF000021042349,73
-}{5:{CHK:1143FB20924B}}{S:{COP:S}}${1:F21VZCRVECAAXXX5410610696}{4:{177:0404021720}{451:0}}{1:F01VZCRVECAAXXX5410610696}{2:09501717040402VZCRVECAAXXX40812675430404021720N}{3:{108:SCONNECT}}{4:
:20:MI081218
:25:2222222222
:28C:0522/148
:60M:C081218VEF000021042349,73
:61:081218C000000000350,00NTRF000000000000//180010
PAGO
:61:081218C000000000050,00NTRF000000000000//180010
PAGO
:61:081218C000000015000,00NTRF000000000000//180010
PAGO
:61:081218C000000000200,00NTRF000000000000//180010
PAGO
:61:081218C000000000200,00NTRF000000000000//180010
PAGO
:61:081218C000000005090,00NTRF000000000000//180010
PAGO
:61:081218C000000001000,00NTRF000000000000//180010
PAGO
:61:081218C000000000288,00NTRF000000000000//180010
PAGO
:61:081218C000000002415,00NTRF000000000000//180010
PAGO
:62M:C081218VEF000021066942,73
-}{5:{CHK:1143FB20924B}}{S:{COP:S}}${1:F21VZCRVECAAXXX5410610696}{4:{177:0404021720}{451:0}}{1:F01VZCRVECAAXXX5410610696}{2:09501717040402VZCRVECAAXXX40812675430404021720N}{3:{108:SCONNECT}}{4:
:20:MI081218
:25:2222222222
:28C:0522/149
:60M:C081218VEF000021066942,73
:61:081218C000000000155,00NTRF000000000000//180010
PAGO
:61:081218C000000000400,00NTRF000000000000//180010
PAGO
:61:081218C000000001100,00NTRF000000000000//180010
PAGO
:61:081218C000000000200,00NTRF000000000123//180010
PAGO
:61:081218C000000001000,00NTRF000000000000//180010
PAGO
:61:081218C000000000250,00NTRF000000000000//180010
PAGO
:61:081218C000000004700,00NTRF000000000001//180010
PAGO
:61:081218C000000000450,00NTRF000012200802//180010
PAGO
:61:081218C000000005000,00NTRF000000000000//180010
PAGO
:62M:C081218VEF000021080197,73
-}{5:{CHK:1143FB20924B}}{S:{COP:S}}${1:F21VZCRVECAAXXX5410610696}{4:{177:0404021720}{451:0}}{1:F01VZCRVECAAXXX5410610696}{2:09501717040402VZCRVECAAXXX40812675430404021720N}{3:{108:SCONNECT}}{4:
:20:MI081218
:25:2222222222
:28C:0522/150
:60M:C081218VEF000021080197,73
:61:081218C000000002510,00NTRF000000000000//180010
PAGO
:61:081218C000000000200,00NTRF000000000004//180010
PAGO
:61:081218C000000000600,00NTRF000000000000//180010
PAGO
:61:081218C000000003454,95NTRF000000000000//180010
PAGO
:61:081218C000000000450,00NTRF000012200801//180010
PAGO
:61:081218C000000000156,00NTRF000000000000//180010
PAGO
:61:081218C000000001520,00NTRF000000000000//180010
PAGO
:61:081218C000000000815,00NTRF000000000000//180010
PAGO
:61:081218C000000000100,00NTRF000028437892//180010
PAGO
:62M:C081218VEF000021090003,68
-}{5:{CHK:1143FB20924B}}{S:{COP:S}}${1:F21VZCRVECAAXXX5410610696}{4:{177:0404021720}{451:0}}{1:F01VZCRVECAAXXX5410610696}{2:09501717040402VZCRVECAAXXX40812675430404021720N}{3:{108:SCONNECT}}{4:
:20:MI081218
:25:2222222222
:28C:0522/151
:60M:C081218VEF000021090003,68
:61:081218C000000000918,32NTRF000004310276//180010
PAGO
:61:081218C000000000300,00NTRF000067777469//180010
PAGO
:61:081218C000000004000,00NTRF000079807739//180010
PAGO
:61:081218C000000003000,00NTRF000086527274//180010
PAGO
:61:081218C000000000219,35NTRF000095436802//180010
PAGO
:61:081218C000000003000,00NTRF000033893783//180010
PAGO
:61:081218C000000001600,00NTRF000000169469//180010
PAGO
:61:081218C000000000228,98NTRF000000247163//180010
PAGO
:61:081218C000000002310,80NTRF000000012205//180010
PAGO
:62M:C081218VEF000021105581,13
-}{5:{CHK:1143FB20924B}}{S:{COP:S}}${1:F21VZCRVECAAXXX5410610696}{4:{177:0404021720}{451:0}}{1:F01VZCRVECAAXXX5410610696}{2:09501717040402VZCRVECAAXXX40812675430404021720N}{3:{108:SCONNECT}}{4:
:20:MI081218
:25:2222222222
:28C:0522/152
:60M:C081218VEF000021105581,13
:61:081218C000000007098,30NTRF000001110040//180010
PAGO
:61:081218C000000000120,00NTRF000004761083//180010
PAGO
:61:081218C000000000610,00NTRF000004295081//180010
PAGO
:61:081218C000000000470,00NTRF000027451373//180010
PAGO
:61:081218C000000001000,00NTRF000027455811//180010
PAGO
:61:081218C000000000093,60NTRF000027483942//180010
PAGO
:61:081218C000000007000,00NTRF000027497617//180010
PAGO
:61:081218C000000000620,00NTRF000027524962//180010
PAGO
:61:081218D000021122593,03NTRF000020081218//180010
N/D
:62F:C081218VEF000000000000,00
-}{5:{CHK:96FA6004455F}}{S:{COP:S}}
