{1:F21CONSVECAAXXX5142906174}{4:{177:0806190702}{451:0}}{1:F01CONSVECAAXXX5142906174}{2:O9500703080619BPROVECAAXXX63277319880806190703N}{4:
:20:EC95004420080618
:25:01080090150500000806
:28C:08170/00001
:60F:D080618VEF4468951,35
:61:0806180618CB2000000,00NLDP000076856//000076856
DEPOSITO EN EFECTIVO              
:62F:D080618VEF2468951,35
:64:D080618VEF2468951,35
-}{5:{CHK:EC02F91009AB}}{S:{COP:S}}
