{1:F21BODEVE2MAXXX4183638606}{4:{177:0906220802}{451:0}}{1:F01BODEVE2MAXXX4183638606}{2:O9500702090622CONSVECAAXXX54106075480906220802N}{3:{108:SCONNECT}}{4:
:20:REF-20090619
:25:01210410380102636045
:28C:00463/1
:60F:D090619VEF301706,28
:61:090619D7750,00NTCQNREF
CHEQUE POR CAMARA
:61:090619C18353134,08NTMCNREF
MISCELANEOS CREDITO
:61:090619C7750,00NTD2NREF
DEVOLUCION CHQ.
:61:090619D22,87NT3QNREF
INTEREST WITHOLDING
:62F:C090619VEF18051404,93
:64:C090619VEF18051404,93
-}{5:{CHK:63035EF30622}}{S:{COP:S}}${1:F21BODEVE2MAXXX4183638608}{4:{177:0906220802}{451:0}}{1:F01BODEVE2MAXXX4183638608}{2:O9500706090622BPROVECAAXXX65949218590906220802N}{4:
:20:EC95003620090619
:25:01080090170500000660
:28C:09170/00001
:60F:D090619VEF15104,15
:61:0906190619DB25579,28NCHG000086237//000086237
CORRESP N/C 17-06-09 CHQ SIN S    
:61:0906190619DB775,02NCHG000086240//000086240
DIF DVLTA REC F 17-06-09          
:61:0906220619CB920,51NLDP000086241//000086241
DEP. CHEQUE O/B 1 DIARAS          
:62F:D090619VEF40537,94
:64:D090619VEF41458,45
-}{5:{CHK:22CF874B6C6B}}{S:{COP:S}}${1:F21BODEVE2MAXXX4183638611}{4:{177:0906220805}{451:0}}{1:F01BODEVE2MAXXX4183638611}{2:O9500805090622BSCHVECAAXXX33749595410906220805N}{3:{108:9178616090619019}}{4:
:20:9178616090619019
:25:01020501830009178616
:28C:90619/00001
:60F:D090619VEF1564559,98
:62F:D090619VEF1564559,98
-}{5:{CHK:22CF874B6C6B}}{S:{COP:S}}