{1:F21CONSVECAAXXX5120904250}{4:{177:0805200702}{451:0}}{1:F01CONSVECAAXXX5120904250}{2:O9500702080520BPROVECAAXXX63057135080805200703N}{4:
:20:EC95005020080519
:25:01080090150500000806
:28C:08140/00001
:60F:D080519VEF4103601,78
:61:0805190519DB27466,12NCHK000003701//000003701
CAMARA RECIBIDA COMPENSACION      
:62F:D080519VEF4131067,90
:64:D080519VEF4131067,90
-}{5:{CHK:CFD935C132C2}}{S:{COP:S}}
