{1:F21CONSVECAAXXX5143906250}{4:{177:0806200701}{451:0}}{1:F01CONSVECAAXXX5143906250}{2:O9500702080620BPROVECAAXXX63287326010806200703N}{4:
:20:EC95004420080619
:25:01080090150500000806
:28C:08171/00001
:60F:D080619VEF2468951,35
:61:0806190619CB22845,83NMSC000076857//000076857
CORRESP. N/D 951906082 190608     
:62F:D080619VEF2446105,52
:64:D080619VEF2446105,52
-}{5:{CHK:6F4506046AA5}}{S:{COP:S}}
