{1:F21CONSVECAAXXX5121904342}{4:{177:0805210702}{451:0}}{1:F01CONSVECAAXXX5121904342}{2:O9500703080521BPROVECAAXXX63067143160805210703N}{4:
:20:EC95005220080520
:25:01080090150500000806
:28C:08141/00001
:60F:D080520VEF4131067,90
:61:0805200520CB2000,00NMSC000076784//000076784
REV . N/D 76781 F 15-05-08        
:61:0805210520CB2412,00NLDP000076785//000076785
DEP. CHEQUE O/B 1 DIARAS          
:62F:D080520VEF4126655,90
:64:D080520VEF4129067,90
-}{5:{CHK:CADED86F413B}}{S:{COP:S}}
