{1:F21CONSVECAAXXX5130905106}{4:{177:0806030702}{451:0}}{1:F01CONSVECAAXXX5130905106}{2:O9500703080603BPROVECAAXXX63157214730806030703N}{4:
:20:EC95005020080602
:25:01080090150500000806
:28C:08154/00001
:60F:D080602VEF2567425,36
:61:0806020602DB1300,00NCHG000076812//000076812
CORRESP N/C 950206081 210508      
:62F:D080602VEF2568725,36
:64:D080602VEF2568725,36
-}{5:{CHK:AE2ABB452884}}{S:{COP:S}}
