{1:F21CONSVECAAXXX5122904418}{4:{177:0805220702}{451:0}}{1:F01CONSVECAAXXX5122904418}{2:O9500703080522BPROVECAAXXX63077150170805220703N}{4:
:20:EC95005220080521
:25:01080090150500000806
:28C:08142/00001
:60F:D080521VEF4126655,90
:61:0805210521CB55128,30NMSC000076786//000076786
CORRESP. N/D 9521405081 210508    
:62F:D080521VEF4071527,60
:64:D080521VEF4071527,60
-}{5:{CHK:1EEEC13F692C}}{S:{COP:S}}
