{1:F21VZCRVECAAXXX5410610696}{4:{177:0404021720}{451:0}}{1:F01VZCRVECAAXXX5410610696}{2:09501717040402VZCRVECAAXXX40812675430404021720N}{3:{108:SCONNECT}}{4:
:20:MI081222
:25:2222222222
:28C:0524/001
:60F:C081222VEF000000000000,00
:61:081222C000000008172,00NTRF000000000644//180007
PAGO
:61:081222C000000003750,00NTRF000000000607//180007
PAGO
:61:081222C000000061154,47NTRF000000000953//180007
PAGO
:61:081222C000000001170,00NTRF000000001165//180007
PAGO
:61:081222C000000001170,00NTRF000000001174//180007
PAGO
:62M:C081222VEF000000075416,47
-}{5:{CHK:1143FB20924B}}{S:{COP:S}}${1:F21VZCRVECAAXXX5410610696}{4:{177:0404021720}{451:0}}{1:F01VZCRVECAAXXX5410610696}{2:09501717040402VZCRVECAAXXX40812675430404021720N}{3:{108:SCONNECT}}{4:
:20:MI081222
:25:2222222222
:28C:0524/002
:60M:C081222VEF000000075416,47
:61:081222C000000001434,89NTRF000000001166//180007
PAGO
:61:081222C000000000089,12NTRF000000000027//180007
PAGO
:61:081222C000000000924,00NTRF000000000207//180007
PAGO
:61:081222C000000002700,00NTRF000027586304//180007
PAGO
:61:081222C000000000350,00NTRF000027587373//180007
PAGO
:61:081222C000000002000,00NTRF000027588772//180007
PAGO
:61:081222C000000000860,00NTRF000000000104//180007
PAGO
:61:081222C000000000764,00NTRF000000000104//180007
PAGO
:61:081222C000000000473,00NTRF000000000104//180007
PAGO
:62M:C081222VEF000000085011,48
-}{5:{CHK:1143FB20924B}}{S:{COP:S}}${1:F21VZCRVECAAXXX5410610696}{4:{177:0404021720}{451:0}}{1:F01VZCRVECAAXXX5410610696}{2:09501717040402VZCRVECAAXXX40812675430404021720N}{3:{108:SCONNECT}}{4:
:20:MI081222
:25:2222222222
:28C:0524/003
:60M:C081222VEF000000085011,48
:61:081222C000000003095,00NTRF000000000104//180007
PAGO
:61:081222C000000236276,37NTRF000000000017//180007
PAGO
:61:081222C000000004625,88NTRF000000001424//180007
PAGO
:61:081222C000000002255,44NTRF000000001193//180007
PAGO
:61:081222C000000001170,00NTRF000000001169//180007
PAGO
:61:081222C000000005047,75NTRF000000001163//180007
PAGO
:61:081222C000000082910,13NTRF000000000951//180007
PAGO
:61:081222C000000008600,12NTRF000000000795//180007
PAGO
:61:081222C000000038095,82NTRF000000000796//180007
PAGO
:62M:C081222VEF000000467087,99
-}{5:{CHK:1143FB20924B}}{S:{COP:S}}${1:F21VZCRVECAAXXX5410610696}{4:{177:0404021720}{451:0}}{1:F01VZCRVECAAXXX5410610696}{2:09501717040402VZCRVECAAXXX40812675430404021720N}{3:{108:SCONNECT}}{4:
:20:MI081222
:25:2222222222
:28C:0524/004
:60M:C081222VEF000000467087,99
:61:081222C000000026734,36NTRF000000000797//180007
PAGO
:61:081222C000000001200,00NTRF000000000766//180007
PAGO
:61:081222C000000000802,80NTRF000000000768//180007
PAGO
:61:081222C000000000681,40NTRF000000000769//180007
PAGO
:61:081222C000000000564,00NTRF000000000716//180007
PAGO
:61:081222C000000000644,58NTRF000000000443//180007
PAGO
:61:081222C000000000033,18NTRF000000000448//180007
PAGO
:61:081222C000000012861,19NTRF000000000418//180007
PAGO
:61:081222C000000149422,63NTRF000000000339//180007
PAGO
:62M:C081222VEF000000660032,13
-}{5:{CHK:1143FB20924B}}{S:{COP:S}}${1:F21VZCRVECAAXXX5410610696}{4:{177:0404021720}{451:0}}{1:F01VZCRVECAAXXX5410610696}{2:09501717040402VZCRVECAAXXX40812675430404021720N}{3:{108:SCONNECT}}{4:
:20:MI081222
:25:2222222222
:28C:0524/005
:60M:C081222VEF000000660032,13
:61:081222C000000005129,32NTRF000000000340//180007
PAGO
:61:081222C000000085713,56NTRF000000000217//180007
PAGO
:61:081222C000000103496,11NTRF000000000224//180007
PAGO
:61:081222C000000110946,00NTRF000000000212//180007
PAGO
:61:081222C000000001367,84NTRF000000000215//180007
PAGO
:61:081222C000000648999,99NTRF000000000216//180007
PAGO
:61:081222C000000033980,53NTRF000000000954//180007
PAGO
:61:081222C000000002676,33NTRF000000000955//180007
PAGO
:61:081222C000000031941,51NTRF000000000956//180007
PAGO
:62M:C081222VEF000001684283,32
-}{5:{CHK:1143FB20924B}}{S:{COP:S}}${1:F21VZCRVECAAXXX5410610696}{4:{177:0404021720}{451:0}}{1:F01VZCRVECAAXXX5410610696}{2:09501717040402VZCRVECAAXXX40812675430404021720N}{3:{108:SCONNECT}}{4:
:20:MI081222
:25:2222222222
:28C:0524/006
:60M:C081222VEF000001684283,32
:61:081222C000000001663,34NTRF000000000911//180007
PAGO
:61:081222C000000002774,01NTRF000000000886//180007
PAGO
:61:081222C000000066373,17NTRF000000000889//180007
PAGO
:61:081222C000000000633,60NTRF000000000890//180007
PAGO
:61:081222C000000002760,75NTRF000000000841//180007
PAGO
:61:081222C000000007518,71NTRF000000000596//180007
PAGO
:61:081222C000000091757,80NTRF000000000603//180007
PAGO
:61:081222C000000002610,00NTRF000000000606//180007
PAGO
:61:081222C000000440779,05NTRF000000000853//180007
PAGO
:62M:C081222VEF000002301153,75
-}{5:{CHK:1143FB20924B}}{S:{COP:S}}${1:F21VZCRVECAAXXX5410610696}{4:{177:0404021720}{451:0}}{1:F01VZCRVECAAXXX5410610696}{2:09501717040402VZCRVECAAXXX40812675430404021720N}{3:{108:SCONNECT}}{4:
:20:MI081222
:25:2222222222
:28C:0524/007
:60M:C081222VEF000002301153,75
:61:081222C000000005705,55NTRF000000000840//180007
PAGO
:61:081222C000000000514,00NTRF000000000820//180007
PAGO
:61:081222C000000132680,26NTRF000000000826//180007
PAGO
:61:081222C000000011103,15NTRF000000000635//180007
PAGO
:61:081222C000000006398,00NTRF000000000637//180007
PAGO
:61:081222C000000000525,00NTRF000000000638//180007
PAGO
:61:081222C000000002000,00NTRF000000334958//180007
PAGO
:61:081222C000000010000,00NTRF000000334995//180007
PAGO
:61:081222C000000004000,00NTRF000000335115//180007
PAGO
:62M:C081222VEF000002474079,71
-}{5:{CHK:1143FB20924B}}{S:{COP:S}}${1:F21VZCRVECAAXXX5410610696}{4:{177:0404021720}{451:0}}{1:F01VZCRVECAAXXX5410610696}{2:09501717040402VZCRVECAAXXX40812675430404021720N}{3:{108:SCONNECT}}{4:
:20:MI081222
:25:2222222222
:28C:0524/008
:60M:C081222VEF000002474079,71
:61:081222C000000001450,00NTRF000000335120//180007
PAGO
:61:081222C000000004900,00NTRF000000335156//180007
PAGO
:61:081222C000000000550,00NTRF000000335190//180007
PAGO
:61:081222C000000005000,00NTRF000000335272//180007
PAGO
:61:081222C000000000164,00NTRF000000335277//180007
PAGO
:61:081222C000000003000,00NTRF000000335336//180007
PAGO
:61:081222C000000009800,00NTRF000000335397//180007
PAGO
:61:081222C000000020000,00NTRF000000335417//180007
PAGO
:61:081222C000000008965,00NTRF000000335419//180007
PAGO
:62M:C081222VEF000002527908,71
-}{5:{CHK:1143FB20924B}}{S:{COP:S}}${1:F21VZCRVECAAXXX5410610696}{4:{177:0404021720}{451:0}}{1:F01VZCRVECAAXXX5410610696}{2:09501717040402VZCRVECAAXXX40812675430404021720N}{3:{108:SCONNECT}}{4:
:20:MI081222
:25:2222222222
:28C:0524/009
:60M:C081222VEF000002527908,71
:61:081222C000000000061,00NTRF000000334551//180007
PAGO
:61:081222C000000001000,00NTRF000000334580//180007
PAGO
:61:081222C000000001000,00NTRF000000334584//180007
PAGO
:61:081222C000000005075,00NTRF000000334629//180007
PAGO
:61:081222C000000001000,00NTRF000000334664//180007
PAGO
:61:081222C000000001000,00NTRF000000334764//180007
PAGO
:61:081222C000000002034,00NTRF000000334773//180007
PAGO
:61:081222C000000004000,00NTRF000000334805//180007
PAGO
:61:081222C000000000500,00NTRF000000334876//180007
PAGO
:62M:C081222VEF000002543578,71
-}{5:{CHK:1143FB20924B}}{S:{COP:S}}${1:F21VZCRVECAAXXX5410610696}{4:{177:0404021720}{451:0}}{1:F01VZCRVECAAXXX5410610696}{2:09501717040402VZCRVECAAXXX40812675430404021720N}{3:{108:SCONNECT}}{4:
:20:MI081222
:25:2222222222
:28C:0524/010
:60M:C081222VEF000002543578,71
:61:081222C000000008300,00NTRF000000334894//180007
PAGO
:61:081222C000000005000,00NTRF000000334901//180007
PAGO
:61:081222C000000000272,00NTRF000000334929//180007
PAGO
:61:081222C000000003000,00NTRF000000334932//180007
PAGO
:61:081222C000000000400,00NTRF000000334262//180007
PAGO
:61:081222C000000000150,00NTRF000000334359//180007
PAGO
:61:081222C000000000300,00NTRF000000334386//180007
PAGO
:61:081222C000000005000,00NTRF000000334391//180007
PAGO
:61:081222C000000000800,00NTRF000000334432//180007
PAGO
:62M:C081222VEF000002566800,71
-}{5:{CHK:1143FB20924B}}{S:{COP:S}}${1:F21VZCRVECAAXXX5410610696}{4:{177:0404021720}{451:0}}{1:F01VZCRVECAAXXX5410610696}{2:09501717040402VZCRVECAAXXX40812675430404021720N}{3:{108:SCONNECT}}{4:
:20:MI081222
:25:2222222222
:28C:0524/011
:60M:C081222VEF000002566800,71
:61:081222C000000002000,00NTRF000000334445//180007
PAGO
:61:081222C000000004000,00NTRF000000334449//180007
PAGO
:61:081222C000000000360,00NTRF000000334472//180007
PAGO
:61:081222C000000000400,00NTRF000000334478//180007
PAGO
:61:081222C000000000420,00NTRF000000334481//180007
PAGO
:61:081222C000000003000,00NTRF000000334513//180007
PAGO
:61:081222C000000003500,00NTRF000000334526//180007
PAGO
:61:081222C000000004000,00NTRF000000334528//180007
PAGO
:61:081222C000000000050,00NTRF000000333735//180007
PAGO
:62M:C081222VEF000002584530,71
-}{5:{CHK:1143FB20924B}}{S:{COP:S}}${1:F21VZCRVECAAXXX5410610696}{4:{177:0404021720}{451:0}}{1:F01VZCRVECAAXXX5410610696}{2:09501717040402VZCRVECAAXXX40812675430404021720N}{3:{108:SCONNECT}}{4:
:20:MI081222
:25:2222222222
:28C:0524/012
:60M:C081222VEF000002584530,71
:61:081222C000000006000,00NTRF000000333754//180007
PAGO
:61:081222C000000002500,00NTRF000000333791//180007
PAGO
:61:081222C000000020000,00NTRF000000333800//180007
PAGO
:61:081222C000000000060,00NTRF000000333831//180007
PAGO
:61:081222C000000000540,00NTRF000000334014//180007
PAGO
:61:081222C000000000500,00NTRF000000334017//180007
PAGO
:61:081222C000000001000,00NTRF000000334058//180007
PAGO
:61:081222C000000002500,00NTRF000000334091//180007
PAGO
:61:081222C000000000200,00NTRF000000334110//180007
PAGO
:62M:C081222VEF000002617830,71
-}{5:{CHK:1143FB20924B}}{S:{COP:S}}${1:F21VZCRVECAAXXX5410610696}{4:{177:0404021720}{451:0}}{1:F01VZCRVECAAXXX5410610696}{2:09501717040402VZCRVECAAXXX40812675430404021720N}{3:{108:SCONNECT}}{4:
:20:MI081222
:25:2222222222
:28C:0524/013
:60M:C081222VEF000002617830,71
:61:081222C000000002000,00NTRF000000334158//180007
PAGO
:61:081222C000000004800,00NTRF000000334172//180007
PAGO
:61:081222C000000005000,00NTRF000000334184//180007
PAGO
:61:081222C000000002050,00NTRF000000333135//180007
PAGO
:61:081222C000000002034,00NTRF000000333164//180007
PAGO
:61:081222C000000002000,00NTRF000000333167//180007
PAGO
:61:081222C000000002500,00NTRF000000333198//180007
PAGO
:61:081222C000000006000,00NTRF000000333339//180007
PAGO
:61:081222C000000000120,00NTRF000000333356//180007
PAGO
:62M:C081222VEF000002644334,71
-}{5:{CHK:1143FB20924B}}{S:{COP:S}}${1:F21VZCRVECAAXXX5410610696}{4:{177:0404021720}{451:0}}{1:F01VZCRVECAAXXX5410610696}{2:09501717040402VZCRVECAAXXX40812675430404021720N}{3:{108:SCONNECT}}{4:
:20:MI081222
:25:2222222222
:28C:0524/014
:60M:C081222VEF000002644334,71
:61:081222C000000000400,00NTRF000000333362//180007
PAGO
:61:081222C000000002500,00NTRF000000333502//180007
PAGO
:61:081222C000000004000,00NTRF000000333545//180007
PAGO
:61:081222C000000000260,00NTRF000000333598//180007
PAGO
:61:081222C000000005000,00NTRF000000333640//180007
PAGO
:61:081222C000000002500,00NTRF000000339528//180007
PAGO
:61:081222C000000000152,15NTRF000003272064//180007
PAGO
:61:081222C000000000374,43NTRF000003272215//180007
PAGO
:61:081222C000000000361,74NTRF000003272744//180007
PAGO
:62M:C081222VEF000002659883,03
-}{5:{CHK:1143FB20924B}}{S:{COP:S}}${1:F21VZCRVECAAXXX5410610696}{4:{177:0404021720}{451:0}}{1:F01VZCRVECAAXXX5410610696}{2:09501717040402VZCRVECAAXXX40812675430404021720N}{3:{108:SCONNECT}}{4:
:20:MI081222
:25:2222222222
:28C:0524/015
:60M:C081222VEF000002659883,03
:61:081222C000000011888,06NTRF000003272804//180007
PAGO
:61:081222C000000000033,09NTRF000003272211//180007
PAGO
:61:081222C000000000039,23NTRF000003271848//180007
PAGO
:61:081222C000000000193,09NTRF000003271823//180007
PAGO
:61:081222C000000002000,00NTRF000022122008//180007
PAGO
:61:081222C000000006000,00NTRF000022122008//180007
PAGO
:61:081222C000000000026,00NTRF000022122008//180007
PAGO
:61:081222C000000000050,00NTRF000022122008//180007
PAGO
:61:081222C000000000282,00NTRF000022122008//180007
PAGO
:62M:C081222VEF000002680394,50
-}{5:{CHK:1143FB20924B}}{S:{COP:S}}${1:F21VZCRVECAAXXX5410610696}{4:{177:0404021720}{451:0}}{1:F01VZCRVECAAXXX5410610696}{2:09501717040402VZCRVECAAXXX40812675430404021720N}{3:{108:SCONNECT}}{4:
:20:MI081222
:25:2222222222
:28C:0524/016
:60M:C081222VEF000002680394,50
:61:081222C000000000200,00NTRF000022122008//180007
PAGO
:61:081222C000000000400,00NTRF000022122008//180007
PAGO
:61:081222C000000002000,00NTRF000022122008//180007
PAGO
:61:081222C000000000200,00NTRF000022122008//180007
PAGO
:61:081222C000000000400,00NTRF000022122008//180007
PAGO
:61:081222C000000000850,00NTRF000022122008//180007
PAGO
:61:081222C000000000440,00NTRF000022122008//180007
PAGO
:61:081222C000000002000,00NTRF000022122008//180007
PAGO
:61:081222C000000000154,00NTRF000022122008//180007
PAGO
:62M:C081222VEF000002687038,50
-}{5:{CHK:1143FB20924B}}{S:{COP:S}}${1:F21VZCRVECAAXXX5410610696}{4:{177:0404021720}{451:0}}{1:F01VZCRVECAAXXX5410610696}{2:09501717040402VZCRVECAAXXX40812675430404021720N}{3:{108:SCONNECT}}{4:
:20:MI081222
:25:2222222222
:28C:0524/017
:60M:C081222VEF000002687038,50
:61:081222C000000000076,00NTRF000022122008//180007
PAGO
:61:081222C000000010750,00NTRF000022122008//180007
PAGO
:61:081222C000000000200,00NTRF000022122008//180007
PAGO
:61:081222C000000000500,00NTRF000022122008//180007
PAGO
:61:081222C000000001000,00NTRF000022122008//180007
PAGO
:61:081222C000000000150,00NTRF000022122008//180007
PAGO
:61:081222C000000000700,00NTRF000022122008//180007
PAGO
:61:081222C000000000200,00NTRF000022122008//180007
PAGO
:61:081222C000000001000,00NTRF000022122008//180007
PAGO
:62M:C081222VEF000002701614,50
-}{5:{CHK:1143FB20924B}}{S:{COP:S}}${1:F21VZCRVECAAXXX5410610696}{4:{177:0404021720}{451:0}}{1:F01VZCRVECAAXXX5410610696}{2:09501717040402VZCRVECAAXXX40812675430404021720N}{3:{108:SCONNECT}}{4:
:20:MI081222
:25:2222222222
:28C:0524/018
:60M:C081222VEF000002701614,50
:61:081222C000000000100,00NTRF000022122008//180007
PAGO
:61:081222C000000001000,00NTRF000022122008//180007
PAGO
:61:081222C000000000250,00NTRF000022122008//180007
PAGO
:61:081222C000000004500,00NTRF000022122008//180007
PAGO
:61:081222C000000000050,00NTRF000022122008//180007
PAGO
:61:081222C000000000250,00NTRF000022122008//180007
PAGO
:61:081222C000000000410,00NTRF000000339577//180007
PAGO
:61:081222C000000004000,00NTRF000000339768//180007
PAGO
:61:081222C000000003640,00NTRF000000339782//180007
PAGO
:62M:C081222VEF000002715814,50
-}{5:{CHK:1143FB20924B}}{S:{COP:S}}${1:F21VZCRVECAAXXX5410610696}{4:{177:0404021720}{451:0}}{1:F01VZCRVECAAXXX5410610696}{2:09501717040402VZCRVECAAXXX40812675430404021720N}{3:{108:SCONNECT}}{4:
:20:MI081222
:25:2222222222
:28C:0524/019
:60M:C081222VEF000002715814,50
:61:081222C000000000066,66NTRF000000339783//180007
PAGO
:61:081222C000000004926,63NTRF000003271044//180007
PAGO
:61:081222C000000001896,11NTRF000003271076//180007
PAGO
:61:081222C000000014830,62NTRF000003271119//180007
PAGO
:61:081222C000000000524,72NTRF000003271164//180007
PAGO
:61:081222C000000002000,00NTRF000000337013//180007
PAGO
:61:081222C000000000100,00NTRF000000337016//180007
PAGO
:61:081222C000000000270,00NTRF000000337019//180007
PAGO
:61:081222C000000000200,00NTRF000000337075//180007
PAGO
:62M:C081222VEF000002740629,24
-}{5:{CHK:1143FB20924B}}{S:{COP:S}}${1:F21VZCRVECAAXXX5410610696}{4:{177:0404021720}{451:0}}{1:F01VZCRVECAAXXX5410610696}{2:09501717040402VZCRVECAAXXX40812675430404021720N}{3:{108:SCONNECT}}{4:
:20:MI081222
:25:2222222222
:28C:0524/020
:60M:C081222VEF000002740629,24
:61:081222C000000000400,00NTRF000000337103//180007
PAGO
:61:081222C000000025000,00NTRF000000337203//180007
PAGO
:61:081222C000000001143,32NTRF000000337209//180007
PAGO
:61:081222C000000000984,73NTRF000002457425//180007
PAGO
:61:081222C000000000225,00NTRF000000335832//180007
PAGO
:61:081222C000000000250,00NTRF000000335854//180007
PAGO
:61:081222C000000000500,00NTRF000000335872//180007
PAGO
:61:081222C000000003000,00NTRF000000335917//180007
PAGO
:61:081222C000000003000,00NTRF000000335922//180007
PAGO
:62M:C081222VEF000002775132,29
-}{5:{CHK:1143FB20924B}}{S:{COP:S}}${1:F21VZCRVECAAXXX5410610696}{4:{177:0404021720}{451:0}}{1:F01VZCRVECAAXXX5410610696}{2:09501717040402VZCRVECAAXXX40812675430404021720N}{3:{108:SCONNECT}}{4:
:20:MI081222
:25:2222222222
:28C:0524/021
:60M:C081222VEF000002775132,29
:61:081222C000000000500,00NTRF000000335925//180007
PAGO
:61:081222C000000000500,00NTRF000000335947//180007
PAGO
:61:081222C000000001000,00NTRF000000335958//180007
PAGO
:61:081222C000000001075,00NTRF000000335970//180007
PAGO
:61:081222C000000000350,00NTRF000000336808//180007
PAGO
:61:081222C000000000500,00NTRF000000336838//180007
PAGO
:61:081222C000000002390,00NTRF000000336909//180007
PAGO
:61:081222C000000006000,00NTRF000000336923//180007
PAGO
:61:081222C000000007250,00NTRF000000336946//180007
PAGO
:62M:C081222VEF000002794697,29
-}{5:{CHK:1143FB20924B}}{S:{COP:S}}${1:F21VZCRVECAAXXX5410610696}{4:{177:0404021720}{451:0}}{1:F01VZCRVECAAXXX5410610696}{2:09501717040402VZCRVECAAXXX40812675430404021720N}{3:{108:SCONNECT}}{4:
:20:MI081222
:25:2222222222
:28C:0524/022
:60M:C081222VEF000002794697,29
:61:081222C000000003000,00NTRF000000336972//180007
PAGO
:61:081222C000000003000,00NTRF000000336983//180007
PAGO
:61:081222C000000005840,00NTRF000000336989//180007
PAGO
:61:081222C000000004900,00NTRF000000336991//180007
PAGO
:61:081222C000000003714,72NTRF000002457470//180007
PAGO
:61:081222C000000003466,53NTRF000002457482//180007
PAGO
:61:081222C000000002090,00NTRF000003271024//180007
PAGO
:61:081222C000000000080,00NTRF000003271034//180007
PAGO
:61:081222C000000005573,74NTRF000003271036//180007
PAGO
:62M:C081222VEF000002826362,28
-}{5:{CHK:1143FB20924B}}{S:{COP:S}}${1:F21VZCRVECAAXXX5410610696}{4:{177:0404021720}{451:0}}{1:F01VZCRVECAAXXX5410610696}{2:09501717040402VZCRVECAAXXX40812675430404021720N}{3:{108:SCONNECT}}{4:
:20:MI081222
:25:2222222222
:28C:0524/023
:60M:C081222VEF000002826362,28
:61:081222C000000002000,00NTRF000000336389//180007
PAGO
:61:081222C000000002320,00NTRF000000336431//180007
PAGO
:61:081222C000000000500,00NTRF000000336443//180007
PAGO
:61:081222C000000001155,00NTRF000000336497//180007
PAGO
:61:081222C000000026257,50NTRF000003271174//180007
PAGO
:61:081222C000000328272,49NTRF000003271176//180007
PAGO
:61:081222C000000000074,69NTRF000003271368//180007
PAGO
:61:081222C000000000542,28NTRF000003271372//180007
PAGO
:61:081222C000000000525,06NTRF000003271388//180007
PAGO
:62M:C081222VEF000003188009,30
-}{5:{CHK:1143FB20924B}}{S:{COP:S}}${1:F21VZCRVECAAXXX5410610696}{4:{177:0404021720}{451:0}}{1:F01VZCRVECAAXXX5410610696}{2:09501717040402VZCRVECAAXXX40812675430404021720N}{3:{108:SCONNECT}}{4:
:20:MI081222
:25:2222222222
:28C:0524/024
:60M:C081222VEF000003188009,30
:61:081222C000000000125,75NTRF000003271409//180007
PAGO
:61:081222C000000001278,79NTRF000003271675//180007
PAGO
:61:081222C000000000032,54NTRF000003271760//180007
PAGO
:61:081222C000000000011,35NTRF000003271817//180007
PAGO
:61:081222C000000002000,00NTRF000000336158//180007
PAGO
:61:081222C000000008000,00NTRF000000336201//180007
PAGO
:61:081222C000000003200,00NTRF000000336231//180007
PAGO
:61:081222C000000001000,00NTRF000000336233//180007
PAGO
:61:081222C000000000800,00NTRF000000335426//180007
PAGO
:62M:C081222VEF000003204457,73
-}{5:{CHK:1143FB20924B}}{S:{COP:S}}${1:F21VZCRVECAAXXX5410610696}{4:{177:0404021720}{451:0}}{1:F01VZCRVECAAXXX5410610696}{2:09501717040402VZCRVECAAXXX40812675430404021720N}{3:{108:SCONNECT}}{4:
:20:MI081222
:25:2222222222
:28C:0524/025
:60M:C081222VEF000003204457,73
:61:081222C000000005700,00NTRF000000335470//180007
PAGO
:61:081222C000000003000,00NTRF000000335531//180007
PAGO
:61:081222C000000007000,00NTRF000000333687//180007
PAGO
:61:081222C000000000240,00NTRF000000333724//180007
PAGO
:61:081222C000000005000,00NTRF000000332621//180007
PAGO
:61:081222C000000000400,00NTRF000000332644//180007
PAGO
:61:081222C000000001500,00NTRF000000332753//180007
PAGO
:61:081222C000000002000,00NTRF000000332818//180007
PAGO
:61:081222C000000000740,00NTRF000000332876//180007
PAGO
:62M:C081222VEF000003230037,73
-}{5:{CHK:1143FB20924B}}{S:{COP:S}}${1:F21VZCRVECAAXXX5410610696}{4:{177:0404021720}{451:0}}{1:F01VZCRVECAAXXX5410610696}{2:09501717040402VZCRVECAAXXX40812675430404021720N}{3:{108:SCONNECT}}{4:
:20:MI081222
:25:2222222222
:28C:0524/026
:60M:C081222VEF000003230037,73
:61:081222C000000000150,00NTRF000000332908//180007
PAGO
:61:081222C000000003000,00NTRF000000332912//180007
PAGO
:61:081222C000000008000,00NTRF000000332913//180007
PAGO
:61:081222C000000001600,00NTRF000000332919//180007
PAGO
:61:081222C000000001600,00NTRF000000332947//180007
PAGO
:61:081222C000000000500,00NTRF000000333041//180007
PAGO
:61:081222C000000002000,00NTRF000000333071//180007
PAGO
:61:081222C000000004657,50NTRF000000333093//180007
PAGO
:61:081222C000000001000,00NTRF000000332117//180007
PAGO
:62M:C081222VEF000003252545,23
-}{5:{CHK:1143FB20924B}}{S:{COP:S}}${1:F21VZCRVECAAXXX5410610696}{4:{177:0404021720}{451:0}}{1:F01VZCRVECAAXXX5410610696}{2:09501717040402VZCRVECAAXXX40812675430404021720N}{3:{108:SCONNECT}}{4:
:20:MI081222
:25:2222222222
:28C:0524/027
:60M:C081222VEF000003252545,23
:61:081222C000000001000,00NTRF000000332119//180007
PAGO
:61:081222C000000000070,00NTRF000000332171//180007
PAGO
:61:081222C000000000600,00NTRF000000332243//180007
PAGO
:61:081222C000000002000,00NTRF000000332304//180007
PAGO
:61:081222C000000000060,00NTRF000000332362//180007
PAGO
:61:081222C000000002100,00NTRF000000332364//180007
PAGO
:61:081222C000000000500,00NTRF000000332398//180007
PAGO
:61:081222C000000002000,00NTRF000000332451//180007
PAGO
:61:081222C000000000107,50NTRF000000332469//180007
PAGO
:62M:C081222VEF000003260982,73
-}{5:{CHK:1143FB20924B}}{S:{COP:S}}${1:F21VZCRVECAAXXX5410610696}{4:{177:0404021720}{451:0}}{1:F01VZCRVECAAXXX5410610696}{2:09501717040402VZCRVECAAXXX40812675430404021720N}{3:{108:SCONNECT}}{4:
:20:MI081222
:25:2222222222
:28C:0524/028
:60M:C081222VEF000003260982,73
:61:081222C000000000100,00NTRF000000332476//180007
PAGO
:61:081222C000000001075,00NTRF000000332529//180007
PAGO
:61:081222C000000000440,00NTRF000000332609//180007
PAGO
:61:081222C000000001000,00NTRF000006306953//180007
PAGO
:61:081222C000000000080,00NTRF000005978797//180007
PAGO
:61:081222C000000000050,00NTRF000003953477//180007
PAGO
:61:081222C000000000450,00NTRF000005677472//180007
PAGO
:61:081222C000000000800,00NTRF000000172400//180007
PAGO
:61:081222C000000002000,00NTRF000000172374//180007
PAGO
:62M:C081222VEF000003266977,73
-}{5:{CHK:1143FB20924B}}{S:{COP:S}}${1:F21VZCRVECAAXXX5410610696}{4:{177:0404021720}{451:0}}{1:F01VZCRVECAAXXX5410610696}{2:09501717040402VZCRVECAAXXX40812675430404021720N}{3:{108:SCONNECT}}{4:
:20:MI081222
:25:2222222222
:28C:0524/029
:60M:C081222VEF000003266977,73
:61:081222C000000003440,00NTRF000028514012//180007
PAGO
:61:081222C000000000300,00NTRF000028431557//180007
PAGO
:61:081222C000000002214,62NTRF000028554622//180007
PAGO
:61:081222C000000000010,00NTRF000027615434//180007
PAGO
:61:081222C000000004774,00NTRF000027618322//180007
PAGO
:61:081222C000000000022,00NTRF000027615383//180007
PAGO
:61:081222C000000000824,91NTRF000027617384//180007
PAGO
:61:081222C000000001195,60NTRF000083615475//180007
PAGO
:61:081222C000000001246,40NTRF000083615490//180007
PAGO
:62M:C081222VEF000003281005,26
-}{5:{CHK:1143FB20924B}}{S:{COP:S}}${1:F21VZCRVECAAXXX5410610696}{4:{177:0404021720}{451:0}}{1:F01VZCRVECAAXXX5410610696}{2:09501717040402VZCRVECAAXXX40812675430404021720N}{3:{108:SCONNECT}}{4:
:20:MI081222
:25:2222222222
:28C:0524/030
:60M:C081222VEF000003281005,26
:61:081222C000000001880,40NTRF000083615512//180007
PAGO
:61:081222C000000001834,00NTRF000083615556//180007
PAGO
:61:081222C000000001324,00NTRF000083615593//180007
PAGO
:61:081222C000000000518,07NTRF000083615630//180007
PAGO
:61:081222C000000001514,40NTRF000083615674//180007
PAGO
:61:081222C000000005880,00NTRF000083604942//180007
PAGO
:61:081222C000000005070,57NTRF000083605200//180007
PAGO
:61:081222C000000007318,25NTRF000083605723//180007
PAGO
:61:081222C000000041838,08NTRF000083606585//180007
PAGO
:62M:C081222VEF000003348183,03
-}{5:{CHK:1143FB20924B}}{S:{COP:S}}${1:F21VZCRVECAAXXX5410610696}{4:{177:0404021720}{451:0}}{1:F01VZCRVECAAXXX5410610696}{2:09501717040402VZCRVECAAXXX40812675430404021720N}{3:{108:SCONNECT}}{4:
:20:MI081222
:25:2222222222
:28C:0524/031
:60M:C081222VEF000003348183,03
:61:081222C000000006229,90NTRF000083606725//180007
PAGO
:61:081222C000000003500,00NTRF000083607366//180007
PAGO
:61:081222C000000041077,06NTRF000083608685//180007
PAGO
:61:081222C000000013182,88NTRF000083608862//180007
PAGO
:61:081222C000000018747,09NTRF000083610424//180007
PAGO
:61:081222C000000002000,00NTRF000083612012//180007
PAGO
:61:081222C000000001138,78NTRF000083612281//180007
PAGO
:61:081222C000000000319,70NTRF000083613294//180007
PAGO
:61:081222C000000000406,00NTRF000083596413//180007
PAGO
:62M:C081222VEF000003434784,44
-}{5:{CHK:1143FB20924B}}{S:{COP:S}}${1:F21VZCRVECAAXXX5410610696}{4:{177:0404021720}{451:0}}{1:F01VZCRVECAAXXX5410610696}{2:09501717040402VZCRVECAAXXX40812675430404021720N}{3:{108:SCONNECT}}{4:
:20:MI081222
:25:2222222222
:28C:0524/032
:60M:C081222VEF000003434784,44
:61:081222C000000011436,59NTRF000083596612//180007
PAGO
:61:081222C000000022411,55NTRF000083597356//180007
PAGO
:61:081222C000000007600,00NTRF000083599401//180007
PAGO
:61:081222C000000001572,11NTRF000083599563//180007
PAGO
:61:081222C000000000183,49NTRF000083599622//180007
PAGO
:61:081222C000000001031,88NTRF000083599681//180007
PAGO
:61:081222C000000003700,00NTRF000083599725//180007
PAGO
:61:081222C000000005418,00NTRF000083599762//180007
PAGO
:61:081222C000000030912,40NTRF000083599983//180007
PAGO
:62M:C081222VEF000003519050,46
-}{5:{CHK:1143FB20924B}}{S:{COP:S}}${1:F21VZCRVECAAXXX5410610696}{4:{177:0404021720}{451:0}}{1:F01VZCRVECAAXXX5410610696}{2:09501717040402VZCRVECAAXXX40812675430404021720N}{3:{108:SCONNECT}}{4:
:20:MI081222
:25:2222222222
:28C:0524/033
:60M:C081222VEF000003519050,46
:61:081222C000000000468,63NTRF000083602024//180007
PAGO
:61:081222C000000000167,40NTRF000083601840//180007
PAGO
:61:081222C000000000622,00NTRF000083595853//180007
PAGO
:61:081222C000000000908,00NTRF000083595875//180007
PAGO
:61:081222C000000000222,00NTRF000083596354//180007
PAGO
:61:081222C000000000280,00NTRF000083596376//180007
PAGO
:61:081222C000000000142,00NTRF000083596391//180007
PAGO
:61:081222C000000000343,39NTRF000083575575//180007
PAGO
:61:081222C000000011740,00NTRF000083575645//180007
PAGO
:62M:C081222VEF000003533943,88
-}{5:{CHK:1143FB20924B}}{S:{COP:S}}${1:F21VZCRVECAAXXX5410610696}{4:{177:0404021720}{451:0}}{1:F01VZCRVECAAXXX5410610696}{2:09501717040402VZCRVECAAXXX40812675430404021720N}{3:{108:SCONNECT}}{4:
:20:MI081222
:25:2222222222
:28C:0524/034
:60M:C081222VEF000003533943,88
:61:081222C000000072245,18NTRF000083575903//180007
PAGO
:61:081222C000000001212,00NTRF000083594711//180007
PAGO
:61:081222C000000012360,77NTRF000083569894//180007
PAGO
:61:081222C000000016660,00NTRF000083570056//180007
PAGO
:61:081222C000000006249,10NTRF000083570550//180007
PAGO
:61:081222C000000006149,50NTRF000083571316//180007
PAGO
:61:081222C000000034115,71NTRF000083572031//180007
PAGO
:61:081222C000000013731,70NTRF000083572436//180007
PAGO
:61:081222C000000001961,16NTRF000083574514//180007
PAGO
:62M:C081222VEF000003698629,00
-}{5:{CHK:1143FB20924B}}{S:{COP:S}}${1:F21VZCRVECAAXXX5410610696}{4:{177:0404021720}{451:0}}{1:F01VZCRVECAAXXX5410610696}{2:09501717040402VZCRVECAAXXX40812675430404021720N}{3:{108:SCONNECT}}{4:
:20:MI081222
:25:2222222222
:28C:0524/035
:60M:C081222VEF000003698629,00
:61:081222C000000002832,32NTRF000083565731//180007
PAGO
:61:081222C000000013803,75NTRF000083566512//180007
PAGO
:61:081222C000000012908,00NTRF000083567256//180007
PAGO
:61:081222C000000066711,42NTRF000083567330//180007
PAGO
:61:081222C000000001378,59NTRF000083567411//180007
PAGO
:61:081222C000000104972,96NTRF000083567433//180007
PAGO
:61:081222C000000005582,56NTRF000083568155//180007
PAGO
:61:081222C000000005386,97NTRF000083568376//180007
PAGO
:61:081222C000000060389,52NTRF000083568494//180007
PAGO
:62M:C081222VEF000003972595,09
-}{5:{CHK:1143FB20924B}}{S:{COP:S}}${1:F21VZCRVECAAXXX5410610696}{4:{177:0404021720}{451:0}}{1:F01VZCRVECAAXXX5410610696}{2:09501717040402VZCRVECAAXXX40812675430404021720N}{3:{108:SCONNECT}}{4:
:20:MI081222
:25:2222222222
:28C:0524/036
:60M:C081222VEF000003972595,09
:61:081222C000000002592,42NTRF000083569216//180007
PAGO
:61:081222C000000012360,77NTRF000083574816//180007
PAGO
:61:081222C000000175409,98NTRF000083574912//180007
PAGO
:61:081222C000000398922,24NTRF000083574956//180007
PAGO
:61:081222C000000032284,84NTRF000083575133//180007
PAGO
:61:081222C000000099704,14NTRF000083575332//180007
PAGO
:61:081222C000000006568,54NTRF000083575494//180007
PAGO
:61:081222C000000000078,77NTRF000083565086//180007
PAGO
:61:081222C000000000064,66NTRF000083565064//180007
PAGO
:62M:C081222VEF000004700581,45
-}{5:{CHK:1143FB20924B}}{S:{COP:S}}${1:F21VZCRVECAAXXX5410610696}{4:{177:0404021720}{451:0}}{1:F01VZCRVECAAXXX5410610696}{2:09501717040402VZCRVECAAXXX40812675430404021720N}{3:{108:SCONNECT}}{4:
:20:MI081222
:25:2222222222
:28C:0524/037
:60M:C081222VEF000004700581,45
:61:081222C000000001366,67NTRF000083565123//180007
PAGO
:61:081222C000000008503,73NTRF000083576032//180007
PAGO
:61:081222C000000002916,22NTRF000083576754//180007
PAGO
:61:081222C000000066397,52NTRF000083578471//180007
PAGO
:61:081222C000000024123,83NTRF000083578493//180007
PAGO
:61:081222C000000104371,16NTRF000083588772//180007
PAGO
:61:081222C000000315727,46NTRF000083590533//180007
PAGO
:61:081222C000000024265,06NTRF000083590754//180007
PAGO
:61:081222C000000022620,14NTRF000083591174//180007
PAGO
:62M:C081222VEF000005270873,24
-}{5:{CHK:1143FB20924B}}{S:{COP:S}}${1:F21VZCRVECAAXXX5410610696}{4:{177:0404021720}{451:0}}{1:F01VZCRVECAAXXX5410610696}{2:09501717040402VZCRVECAAXXX40812675430404021720N}{3:{108:SCONNECT}}{4:
:20:MI081222
:25:2222222222
:28C:0524/038
:60M:C081222VEF000005270873,24
:61:081222C000000046363,91NTRF000083591454//180007
PAGO
:61:081222C000000021513,72NTRF000083602105//180007
PAGO
:61:081222C000000000365,00NTRF000083595175//180007
PAGO
:61:081222C000000000335,50NTRF000083595190//180007
PAGO
:61:081222C000000000315,50NTRF000083595212//180007
PAGO
:61:081222C000000000321,50NTRF000083595234//180007
PAGO
:61:081222C000000000363,50NTRF000083595256//180007
PAGO
:61:081222C000000000194,89NTRF000083595794//180007
PAGO
:61:081222C000000000907,00NTRF000083595816//180007
PAGO
:62M:C081222VEF000005341553,76
-}{5:{CHK:1143FB20924B}}{S:{COP:S}}${1:F21VZCRVECAAXXX5410610696}{4:{177:0404021720}{451:0}}{1:F01VZCRVECAAXXX5410610696}{2:09501717040402VZCRVECAAXXX40812675430404021720N}{3:{108:SCONNECT}}{4:
:20:MI081222
:25:2222222222
:28C:0524/039
:60M:C081222VEF000005341553,76
:61:081222C000000000838,50NTRF000083595831//180007
PAGO
:61:081222C000000000319,70NTRF000083614451//180007
PAGO
:61:081222C000000001019,13NTRF000083614845//180007
PAGO
:61:081222C000000001020,00NTRF000083615070//180007
PAGO
:61:081222C000000001128,00NTRF000083615092//180007
PAGO
:61:081222C000000001092,00NTRF000083615114//180007
PAGO
:61:081222C000000001476,21NTRF000083615136//180007
PAGO
:61:081222C000000001836,00NTRF000083615151//180007
PAGO
:61:081222C000000001077,60NTRF000083615173//180007
PAGO
:62M:C081222VEF000005351360,90
-}{5:{CHK:1143FB20924B}}{S:{COP:S}}${1:F21VZCRVECAAXXX5410610696}{4:{177:0404021720}{451:0}}{1:F01VZCRVECAAXXX5410610696}{2:09501717040402VZCRVECAAXXX40812675430404021720N}{3:{108:SCONNECT}}{4:
:20:MI081222
:25:2222222222
:28C:0524/040
:60M:C081222VEF000005351360,90
:61:081222C000000000237,78NTRF000083602201//180007
PAGO
:61:081222C000000001250,00NTRF000083615372//180007
PAGO
:61:081222C000000000422,28NTRF000083615394//180007
PAGO
:61:081222C000000000841,60NTRF000083615416//180007
PAGO
:61:081222C000000001598,80NTRF000083615431//180007
PAGO
:61:081222C000000000319,70NTRF000083613305//180007
PAGO
:61:081222C000000000319,70NTRF000083613891//180007
PAGO
:61:081222C000000000310,00NTRF000083613935//180007
PAGO
:61:081222C000000000319,70NTRF000083614311//180007
PAGO
:62M:C081222VEF000005356980,46
-}{5:{CHK:1143FB20924B}}{S:{COP:S}}${1:F21VZCRVECAAXXX5410610696}{4:{177:0404021720}{451:0}}{1:F01VZCRVECAAXXX5410610696}{2:09501717040402VZCRVECAAXXX40812675430404021720N}{3:{108:SCONNECT}}{4:
:20:MI081222
:25:2222222222
:28C:0524/041
:60M:C081222VEF000005356980,46
:61:081222C000000000275,00NTRF000083614403//180007
PAGO
:61:081222C000000001361,60NTRF000083615195//180007
PAGO
:61:081222C000000001196,80NTRF000083615210//180007
PAGO
:61:081222C000000001511,20NTRF000083615232//180007
PAGO
:61:081222C000000001356,00NTRF000083615254//180007
PAGO
:61:081222C000000001636,37NTRF000083615276//180007
PAGO
:61:081222C000000001482,00NTRF000083615291//180007
PAGO
:61:081222C000000001978,80NTRF000083615313//180007
PAGO
:61:081222C000000001367,60NTRF000083615335//180007
PAGO
:62M:C081222VEF000005369145,83
-}{5:{CHK:1143FB20924B}}{S:{COP:S}}${1:F21VZCRVECAAXXX5410610696}{4:{177:0404021720}{451:0}}{1:F01VZCRVECAAXXX5410610696}{2:09501717040402VZCRVECAAXXX40812675430404021720N}{3:{108:SCONNECT}}{4:
:20:MI081222
:25:2222222222
:28C:0524/042
:60M:C081222VEF000005369145,83
:61:081222C000000001034,40NTRF000083615350//180007
PAGO
:61:081222C000000001172,00NTRF000083615696//180007
PAGO
:61:081222C000000000488,28NTRF000083615652//180007
PAGO
:61:081222C000000001177,20NTRF000083615615//180007
PAGO
:61:081222C000000001304,00NTRF000083615571//180007
PAGO
:61:081222C000000001601,20NTRF000083615534//180007
PAGO
:61:081222C000000001436,00NTRF000083615453//180007
PAGO
:61:081222C000000027241,53NTRF000083615895//180007
PAGO
:61:081222C000000001612,80NTRF000083615711//180007
PAGO
:62M:C081222VEF000005406213,24
-}{5:{CHK:1143FB20924B}}{S:{COP:S}}${1:F21VZCRVECAAXXX5410610696}{4:{177:0404021720}{451:0}}{1:F01VZCRVECAAXXX5410610696}{2:09501717040402VZCRVECAAXXX40812675430404021720N}{3:{108:SCONNECT}}{4:
:20:MI081222
:25:2222222222
:28C:0524/043
:60M:C081222VEF000005406213,24
:61:081222C000000000158,00NTRF000083564714//180007
PAGO
:61:081222C000000000130,00NTRF000083563513//180007
PAGO
:61:081222C000000000500,00NTRF000083560105//180007
PAGO
:61:081222C000000000100,00NTRF000083560175//180007
PAGO
:61:081222C000000004500,00NTRF000083560536//180007
PAGO
:61:081222C000000000230,00NTRF000083486550//180007
PAGO
:61:081222C000000000700,00NTRF000083486992//180007
PAGO
:61:081222C000000005000,00NTRF000083487666//180007
PAGO
:61:081222C000000005000,00NTRF000083489556//180007
PAGO
:62M:C081222VEF000005422531,24
-}{5:{CHK:1143FB20924B}}{S:{COP:S}}${1:F21VZCRVECAAXXX5410610696}{4:{177:0404021720}{451:0}}{1:F01VZCRVECAAXXX5410610696}{2:09501717040402VZCRVECAAXXX40812675430404021720N}{3:{108:SCONNECT}}{4:
:20:MI081222
:25:2222222222
:28C:0524/044
:60M:C081222VEF000005422531,24
:61:081222C000000000632,00NTRF000083561822//180007
PAGO
:61:081222C000000002500,00NTRF000083563126//180007
PAGO
:61:081222C000000000200,00NTRF000083563421//180007
PAGO
:61:081222C000000030000,00NTRF000083535126//180007
PAGO
:61:081222C000000002000,00NTRF000083535686//180007
PAGO
:61:081222C000000000160,00NTRF000083535970//180007
PAGO
:61:081222C000000001000,00NTRF000083536412//180007
PAGO
:61:081222C000000010000,00NTRF000083538151//180007
PAGO
:61:081222C000000000550,00NTRF000083538696//180007
PAGO
:62M:C081222VEF000005469573,24
-}{5:{CHK:1143FB20924B}}{S:{COP:S}}${1:F21VZCRVECAAXXX5410610696}{4:{177:0404021720}{451:0}}{1:F01VZCRVECAAXXX5410610696}{2:09501717040402VZCRVECAAXXX40812675430404021720N}{3:{108:SCONNECT}}{4:
:20:MI081222
:25:2222222222
:28C:0524/045
:60M:C081222VEF000005469573,24
:61:081222C000000002165,98NTRF000083538755//180007
PAGO
:61:081222C000000005000,00NTRF000083542970//180007
PAGO
:61:081222C000000005000,00NTRF000083543364//180007
PAGO
:61:081222C000000003500,00NTRF000083543633//180007
PAGO
:61:081222C000000003000,00NTRF000083545685//180007
PAGO
:61:081222C000000000500,00NTRF000083546960//180007
PAGO
:61:081222C000000003000,00NTRF000083547483//180007
PAGO
:61:081222C000000005000,00NTRF000083502882//180007
PAGO
:61:081222C000000000500,00NTRF000083505590//180007
PAGO
:62M:C081222VEF000005497239,22
-}{5:{CHK:1143FB20924B}}{S:{COP:S}}${1:F21VZCRVECAAXXX5410610696}{4:{177:0404021720}{451:0}}{1:F01VZCRVECAAXXX5410610696}{2:09501717040402VZCRVECAAXXX40812675430404021720N}{3:{108:SCONNECT}}{4:
:20:MI081222
:25:2222222222
:28C:0524/046
:60M:C081222VEF000005497239,22
:61:081222C000000001000,00NTRF000083507130//180007
PAGO
:61:081222C000000000600,00NTRF000083507620//180007
PAGO
:61:081222C000000000800,00NTRF000083510173//180007
PAGO
:61:081222C000000002000,00NTRF000083510641//180007
PAGO
:61:081222C000000005000,00NTRF000083513500//180007
PAGO
:61:081222C000000000300,00NTRF000083523086//180007
PAGO
:61:081222C000000002000,00NTRF000083500395//180007
PAGO
:61:081222C000000002081,00NTRF000083500384//180007
PAGO
:61:081222C000000005000,00NTRF000083500955//180007
PAGO
:62M:C081222VEF000005516020,22
-}{5:{CHK:1143FB20924B}}{S:{COP:S}}${1:F21VZCRVECAAXXX5410610696}{4:{177:0404021720}{451:0}}{1:F01VZCRVECAAXXX5410610696}{2:09501717040402VZCRVECAAXXX40812675430404021720N}{3:{108:SCONNECT}}{4:
:20:MI081222
:25:2222222222
:28C:0524/047
:60M:C081222VEF000005516020,22
:61:081222C000000000610,00NTRF000083523856//180007
PAGO
:61:081222C000000001500,00NTRF000083524114//180007
PAGO
:61:081222C000001600000,00NTRF000083524210//180007
PAGO
:61:081222C000000003000,00NTRF000083533671//180007
PAGO
:61:081222C000000007493,00NTRF000083533682//180007
PAGO
:61:081222C000000000200,00NTRF000083496722//180007
PAGO
:61:081222C000000002500,00NTRF000083497735//180007
PAGO
:61:081222C000000000996,97NTRF000083498660//180007
PAGO
:61:081222C000000005000,00NTRF000083498715//180007
PAGO
:62M:C081222VEF000007137320,19
-}{5:{CHK:1143FB20924B}}{S:{COP:S}}${1:F21VZCRVECAAXXX5410610696}{4:{177:0404021720}{451:0}}{1:F01VZCRVECAAXXX5410610696}{2:09501717040402VZCRVECAAXXX40812675430404021720N}{3:{108:SCONNECT}}{4:
:20:MI081222
:25:2222222222
:28C:0524/048
:60M:C081222VEF000007137320,19
:61:081222C000000003000,00NTRF000083548021//180007
PAGO
:61:081222C000000000350,00NTRF000083551845//180007
PAGO
:61:081222C000000000300,00NTRF000083552921//180007
PAGO
:61:081222C000000001232,00NTRF000083553046//180007
PAGO
:61:081222C000000001000,00NTRF000083556841//180007
PAGO
:61:081222C000000001000,00NTRF000083556922//180007
PAGO
:61:081222C000000004000,00NTRF000083556944//180007
PAGO
:61:081222C000000000084,00NTRF000083559210//180007
PAGO
:61:081222C000000000590,00NTRF000083560993//180007
PAGO
:62M:C081222VEF000007148876,19
-}{5:{CHK:1143FB20924B}}{S:{COP:S}}${1:F21VZCRVECAAXXX5410610696}{4:{177:0404021720}{451:0}}{1:F01VZCRVECAAXXX5410610696}{2:09501717040402VZCRVECAAXXX40812675430404021720N}{3:{108:SCONNECT}}{4:
:20:MI081222
:25:2222222222
:28C:0524/049
:60M:C081222VEF000007148876,19
:61:081222C000000002000,00NTRF000083474926//180007
PAGO
:61:081222C000000000600,00NTRF000083476632//180007
PAGO
:61:081222C000000009039,88NTRF000083477892//180007
PAGO
:61:081222C000000003000,00NTRF000083479734//180007
PAGO
:61:081222C000000000400,00NTRF000083482512//180007
PAGO
:61:081222C000000000300,00NTRF000083483341//180007
PAGO
:61:081222C000000002500,00NTRF000083484321//180007
PAGO
:61:081222C000000004800,00NTRF000083486281//180007
PAGO
:61:081222C000000005000,00NTRF000083548054//180007
PAGO
:62M:C081222VEF000007176516,07
-}{5:{CHK:1143FB20924B}}{S:{COP:S}}${1:F21VZCRVECAAXXX5410610696}{4:{177:0404021720}{451:0}}{1:F01VZCRVECAAXXX5410610696}{2:09501717040402VZCRVECAAXXX40812675430404021720N}{3:{108:SCONNECT}}{4:
:20:MI081222
:25:2222222222
:28C:0524/050
:60M:C081222VEF000007176516,07
:61:081222C000000002176,00NTRF000083489685//180007
PAGO
:61:081222C000000004000,00NTRF000083489711//180007
PAGO
:61:081222C000000000140,00NTRF000083490094//180007
PAGO
:61:081222C000000006000,00NTRF000083492426//180007
PAGO
:61:081222C000000005000,00NTRF000083465454//180007
PAGO
:61:081222C000000000404,00NTRF000083467882//180007
PAGO
:61:081222C000000000200,00NTRF000083470214//180007
PAGO
:61:081222C000000000450,00NTRF000083470365//180007
PAGO
:61:081222C000000004000,00NTRF000083473423//180007
PAGO
:62M:C081222VEF000007198886,07
-}{5:{CHK:1143FB20924B}}{S:{COP:S}}${1:F21VZCRVECAAXXX5410610696}{4:{177:0404021720}{451:0}}{1:F01VZCRVECAAXXX5410610696}{2:09501717040402VZCRVECAAXXX40812675430404021720N}{3:{108:SCONNECT}}{4:
:20:MI081222
:25:2222222222
:28C:0524/051
:60M:C081222VEF000007198886,07
:61:081222C000000001667,70NTRF000083489630//180007
PAGO
:61:081222C000000010000,00NTRF000083488204//180007
PAGO
:61:081222C000000004000,00NTRF000083487342//180007
PAGO
:61:081222C000000010000,00NTRF000083486970//180007
PAGO
:61:081222C000000000550,00NTRF000083486421//180007
PAGO
:61:081222C000000006250,00NTRF000083516576//180007
PAGO
:61:081222C000000002589,00NTRF000083516215//180007
PAGO
:61:081222C000000000070,00NTRF000083504772//180007
PAGO
:61:081222C000000002000,00NTRF000083501854//180007
PAGO
:62M:C081222VEF000007236012,77
-}{5:{CHK:1143FB20924B}}{S:{COP:S}}${1:F21VZCRVECAAXXX5410610696}{4:{177:0404021720}{451:0}}{1:F01VZCRVECAAXXX5410610696}{2:09501717040402VZCRVECAAXXX40812675430404021720N}{3:{108:SCONNECT}}{4:
:20:MI081222
:25:2222222222
:28C:0524/052
:60M:C081222VEF000007236012,77
:61:081222C000000000040,00NTRF000083541275//180007
PAGO
:61:081222C000000000229,97NTRF000083516005//180007
PAGO
:61:081222C000000001000,00NTRF000083508552//180007
PAGO
:61:081222C000000001000,00NTRF000083501515//180007
PAGO
:61:081222C000000007300,00NTRF000083523226//180007
PAGO
:61:081222C000000000300,00NTRF000083539993//180007
PAGO
:61:081222C000000000250,00NTRF000083478706//180007
PAGO
:61:081222C000000000430,00NTRF000083550434//180007
PAGO
:61:081222C000000000210,00NTRF000083538766//180007
PAGO
:62M:C081222VEF000007246772,74
-}{5:{CHK:1143FB20924B}}{S:{COP:S}}${1:F21VZCRVECAAXXX5410610696}{4:{177:0404021720}{451:0}}{1:F01VZCRVECAAXXX5410610696}{2:09501717040402VZCRVECAAXXX40812675430404021720N}{3:{108:SCONNECT}}{4:
:20:MI081222
:25:2222222222
:28C:0524/053
:60M:C081222VEF000007246772,74
:61:081222C000000001500,00NTRF000083501191//180007
PAGO
:61:081222C000000010000,00NTRF000000000104//180007
PAGO
:61:081222C000000002500,00NTRF000000000104//180007
PAGO
:61:081222C000000010403,68NTRF000027579218//180007
PAGO
:61:081222C000000000974,38NTRF000032441923//180007
PAGO
:61:081222C000000025000,00NTRF000027607875//180007
PAGO
:61:081222C000000003150,00NTRF000027582357//180007
PAGO
:61:081222C000000000189,44NTRF000027560944//180007
PAGO
:61:081222C000000000371,05NTRF000027562297//180007
PAGO
:62M:C081222VEF000007300861,29
-}{5:{CHK:1143FB20924B}}{S:{COP:S}}${1:F21VZCRVECAAXXX5410610696}{4:{177:0404021720}{451:0}}{1:F01VZCRVECAAXXX5410610696}{2:09501717040402VZCRVECAAXXX40812675430404021720N}{3:{108:SCONNECT}}{4:
:20:MI081222
:25:2222222222
:28C:0524/054
:60M:C081222VEF000007300861,29
:61:081222C000000000575,00NTRF000027607938//180007
PAGO
:61:081222C000000000030,00NTRF000027590631//180007
PAGO
:61:081222C000000001400,00NTRF000027609015//180007
PAGO
:61:081222C000000000355,83NTRF000000240016//180007
PAGO
:61:081222C000000066612,50NTRF000000240023//180007
PAGO
:61:081222C000000017617,67NTRF000000240015//180007
PAGO
:61:081222C000000002542,02NTRF000027576576//180007
PAGO
:61:081222C000000001604,00NTRF000027603818//180007
PAGO
:61:081222C000000050000,00NTRF000027602488//180007
PAGO
:62M:C081222VEF000007441598,31
-}{5:{CHK:1143FB20924B}}{S:{COP:S}}${1:F21VZCRVECAAXXX5410610696}{4:{177:0404021720}{451:0}}{1:F01VZCRVECAAXXX5410610696}{2:09501717040402VZCRVECAAXXX40812675430404021720N}{3:{108:SCONNECT}}{4:
:20:MI081222
:25:2222222222
:28C:0524/055
:60M:C081222VEF000007441598,31
:61:081222C000000010000,00NTRF000027602019//180007
PAGO
:61:081222C000000018768,00NTRF000000002987//180007
PAGO
:61:081222C000000000386,75NTRF000000004135//180007
PAGO
:61:081222C000000063585,74NTRF000000004152//180007
PAGO
:61:081222C000000011226,31NTRF000027583802//180007
PAGO
:61:081222C000000005861,16NTRF000027583931//180007
PAGO
:61:081222C000000003000,00NTRF000027594509//180007
PAGO
:61:081222C000000000776,17NTRF000027593232//180007
PAGO
:61:081222C000000000195,00NTRF000022122008//180007
PAGO
:62M:C081222VEF000007555397,44
-}{5:{CHK:1143FB20924B}}{S:{COP:S}}${1:F21VZCRVECAAXXX5410610696}{4:{177:0404021720}{451:0}}{1:F01VZCRVECAAXXX5410610696}{2:09501717040402VZCRVECAAXXX40812675430404021720N}{3:{108:SCONNECT}}{4:
:20:MI081222
:25:2222222222
:28C:0524/056
:60M:C081222VEF000007555397,44
:61:081222C000000000270,00NTRF000022122008//180007
PAGO
:61:081222C000000006000,00NTRF000022122008//180007
PAGO
:61:081222C000000000200,00NTRF000022122008//180007
PAGO
:61:081222C000000000070,00NTRF000022122008//180007
PAGO
:61:081222C000000001000,00NTRF000022122008//180007
PAGO
:61:081222C000000000050,00NTRF000022122008//180007
PAGO
:61:081222C000000000500,00NTRF000022122008//180007
PAGO
:61:081222C000000002220,87NTRF000022122008//180007
PAGO
:61:081222C000000000100,00NTRF000022122008//180007
PAGO
:62M:C081222VEF000007565808,31
-}{5:{CHK:1143FB20924B}}{S:{COP:S}}${1:F21VZCRVECAAXXX5410610696}{4:{177:0404021720}{451:0}}{1:F01VZCRVECAAXXX5410610696}{2:09501717040402VZCRVECAAXXX40812675430404021720N}{3:{108:SCONNECT}}{4:
:20:MI081222
:25:2222222222
:28C:0524/057
:60M:C081222VEF000007565808,31
:61:081222C000000000282,00NTRF000022122008//180007
PAGO
:61:081222C000000000300,00NTRF000022122008//180007
PAGO
:61:081222C000000000200,00NTRF000022122008//180007
PAGO
:61:081222C000000001000,00NTRF000022122008//180007
PAGO
:61:081222C000000001000,00NTRF000022122008//180007
PAGO
:61:081222C000000000100,00NTRF000022122008//180007
PAGO
:61:081222C000000000152,00NTRF000022122008//180007
PAGO
:61:081222C000000001948,00NTRF000022122008//180007
PAGO
:61:081222C000000000100,00NTRF000022122008//180007
PAGO
:62M:C081222VEF000007570890,31
-}{5:{CHK:1143FB20924B}}{S:{COP:S}}${1:F21VZCRVECAAXXX5410610696}{4:{177:0404021720}{451:0}}{1:F01VZCRVECAAXXX5410610696}{2:09501717040402VZCRVECAAXXX40812675430404021720N}{3:{108:SCONNECT}}{4:
:20:MI081222
:25:2222222222
:28C:0524/058
:60M:C081222VEF000007570890,31
:61:081222C000000006940,72NTRF000022122008//180007
PAGO
:61:081222C000000000105,00NTRF000022122008//180007
PAGO
:61:081222C000000000300,00NTRF000022122008//180007
PAGO
:61:081222C000000000150,00NTRF000022122008//180007
PAGO
:61:081222C000000000900,00NTRF000022122008//180007
PAGO
:61:081222C000000000105,00NTRF000002456431//180007
PAGO
:61:081222C000000040868,27NTRF000002456634//180007
PAGO
:61:081222C000000099605,85NTRF000002456635//180007
PAGO
:61:081222C000000057623,70NTRF000002456636//180007
PAGO
:62M:C081222VEF000007777488,85
-}{5:{CHK:1143FB20924B}}{S:{COP:S}}${1:F21VZCRVECAAXXX5410610696}{4:{177:0404021720}{451:0}}{1:F01VZCRVECAAXXX5410610696}{2:09501717040402VZCRVECAAXXX40812675430404021720N}{3:{108:SCONNECT}}{4:
:20:MI081222
:25:2222222222
:28C:0524/059
:60M:C081222VEF000007777488,85
:61:081222C000001689361,02NTRF000002456637//180007
PAGO
:61:081222C000000005749,16NTRF000002456638//180007
PAGO
:61:081222C000000117195,99NTRF000002456639//180007
PAGO
:61:081222C000000000459,94NTRF000002456640//180007
PAGO
:61:081222C000000066509,21NTRF000002456641//180007
PAGO
:61:081222C000000699716,19NTRF000002456642//180007
PAGO
:61:081222C000000719727,43NTRF000002456643//180007
PAGO
:61:081222C000000000405,00NTRF000000323878//180007
PAGO
:61:081222C000000000750,00NTRF000000323926//180007
PAGO
:62M:C081222VEF000011077362,79
-}{5:{CHK:1143FB20924B}}{S:{COP:S}}${1:F21VZCRVECAAXXX5410610696}{4:{177:0404021720}{451:0}}{1:F01VZCRVECAAXXX5410610696}{2:09501717040402VZCRVECAAXXX40812675430404021720N}{3:{108:SCONNECT}}{4:
:20:MI081222
:25:2222222222
:28C:0524/060
:60M:C081222VEF000011077362,79
:61:081222C000000000129,68NTRF000003270480//180007
PAGO
:61:081222C000000000044,79NTRF000003270481//180007
PAGO
:61:081222C000000000057,88NTRF000003270484//180007
PAGO
:61:081222C000000000083,42NTRF000003270485//180007
PAGO
:61:081222C000000000038,16NTRF000003270486//180007
PAGO
:61:081222C000000000013,50NTRF000003270489//180007
PAGO
:61:081222C000000000156,96NTRF000003270492//180007
PAGO
:61:081222C000000000077,22NTRF000003270493//180007
PAGO
:61:081222C000000000139,41NTRF000003270494//180007
PAGO
:62M:C081222VEF000011078103,81
-}{5:{CHK:1143FB20924B}}{S:{COP:S}}${1:F21VZCRVECAAXXX5410610696}{4:{177:0404021720}{451:0}}{1:F01VZCRVECAAXXX5410610696}{2:09501717040402VZCRVECAAXXX40812675430404021720N}{3:{108:SCONNECT}}{4:
:20:MI081222
:25:2222222222
:28C:0524/061
:60M:C081222VEF000011078103,81
:61:081222C000000000700,00NTRF000000327807//180007
PAGO
:61:081222C000000000734,31NTRF000003270498//180007
PAGO
:61:081222C000000004000,00NTRF000003270500//180007
PAGO
:61:081222C000000001814,03NTRF000003270501//180007
PAGO
:61:081222C000000000070,20NTRF000003270505//180007
PAGO
:61:081222C000000000125,28NTRF000003270506//180007
PAGO
:61:081222C000000001096,20NTRF000003270507//180007
PAGO
:61:081222C000000005754,26NTRF000003270509//180007
PAGO
:61:081222C000000000799,60NTRF000003270515//180007
PAGO
:62M:C081222VEF000011093197,69
-}{5:{CHK:1143FB20924B}}{S:{COP:S}}${1:F21VZCRVECAAXXX5410610696}{4:{177:0404021720}{451:0}}{1:F01VZCRVECAAXXX5410610696}{2:09501717040402VZCRVECAAXXX40812675430404021720N}{3:{108:SCONNECT}}{4:
:20:MI081222
:25:2222222222
:28C:0524/062
:60M:C081222VEF000011093197,69
:61:081222C000000000100,00NTRF000000328249//180007
PAGO
:61:081222C000000002053,46NTRF000000328271//180007
PAGO
:61:081222C000000000300,00NTRF000000328287//180007
PAGO
:61:081222C000000000210,00NTRF000000328364//180007
PAGO
:61:081222C000000003000,00NTRF000000328373//180007
PAGO
:61:081222C000000000600,00NTRF000000327543//180007
PAGO
:61:081222C000000006500,00NTRF000000327548//180007
PAGO
:61:081222C000000002000,00NTRF000000327558//180007
PAGO
:61:081222C000000002000,00NTRF000000327562//180007
PAGO
:62M:C081222VEF000011109961,15
-}{5:{CHK:1143FB20924B}}{S:{COP:S}}${1:F21VZCRVECAAXXX5410610696}{4:{177:0404021720}{451:0}}{1:F01VZCRVECAAXXX5410610696}{2:09501717040402VZCRVECAAXXX40812675430404021720N}{3:{108:SCONNECT}}{4:
:20:MI081222
:25:2222222222
:28C:0524/063
:60M:C081222VEF000011109961,15
:61:081222C000000008000,00NTRF000000328510//180007
PAGO
:61:081222C000000006700,00NTRF000000328576//180007
PAGO
:61:081222C000000007000,00NTRF000000328600//180007
PAGO
:61:081222C000000000075,66NTRF000002456986//180007
PAGO
:61:081222C000000002281,69NTRF000002457005//180007
PAGO
:61:081222C000000001055,00NTRF000002457016//180007
PAGO
:61:081222C000000000707,88NTRF000002457063//180007
PAGO
:61:081222C000000000317,80NTRF000002457064//180007
PAGO
:61:081222C000000000023,50NTRF000002457068//180007
PAGO
:62M:C081222VEF000011136122,68
-}{5:{CHK:1143FB20924B}}{S:{COP:S}}${1:F21VZCRVECAAXXX5410610696}{4:{177:0404021720}{451:0}}{1:F01VZCRVECAAXXX5410610696}{2:09501717040402VZCRVECAAXXX40812675430404021720N}{3:{108:SCONNECT}}{4:
:20:MI081222
:25:2222222222
:28C:0524/064
:60M:C081222VEF000011136122,68
:61:081222C000000000120,00NTRF000002457071//180007
PAGO
:61:081222C000000000284,00NTRF000002457078//180007
PAGO
:61:081222C000000000340,02NTRF000002457080//180007
PAGO
:61:081222C000000000114,59NTRF000002457083//180007
PAGO
:61:081222C000000000462,40NTRF000002457085//180007
PAGO
:61:081222C000000000230,00NTRF000002457086//180007
PAGO
:61:081222C000000000056,94NTRF000002457088//180007
PAGO
:61:081222C000000000120,00NTRF000002457103//180007
PAGO
:61:081222C000000000310,93NTRF000002457111//180007
PAGO
:62M:C081222VEF000011138161,56
-}{5:{CHK:1143FB20924B}}{S:{COP:S}}${1:F21VZCRVECAAXXX5410610696}{4:{177:0404021720}{451:0}}{1:F01VZCRVECAAXXX5410610696}{2:09501717040402VZCRVECAAXXX40812675430404021720N}{3:{108:SCONNECT}}{4:
:20:MI081222
:25:2222222222
:28C:0524/065
:60M:C081222VEF000011138161,56
:61:081222C000000000130,00NTRF000002457115//180007
PAGO
:61:081222C000000000954,11NTRF000002457116//180007
PAGO
:61:081222C000000000825,59NTRF000002457117//180007
PAGO
:61:081222C000000000080,00NTRF000002457127//180007
PAGO
:61:081222C000000002000,00NTRF000000328376//180007
PAGO
:61:081222C000000000480,00NTRF000000328417//180007
PAGO
:61:081222C000000005000,00NTRF000000328420//180007
PAGO
:61:081222C000000000100,00NTRF000000328443//180007
PAGO
:61:081222C000000000349,87NTRF000002457150//180007
PAGO
:62M:C081222VEF000011148081,13
-}{5:{CHK:1143FB20924B}}{S:{COP:S}}${1:F21VZCRVECAAXXX5410610696}{4:{177:0404021720}{451:0}}{1:F01VZCRVECAAXXX5410610696}{2:09501717040402VZCRVECAAXXX40812675430404021720N}{3:{108:SCONNECT}}{4:
:20:MI081222
:25:2222222222
:28C:0524/066
:60M:C081222VEF000011148081,13
:61:081222C000000000154,00NTRF000002457151//180007
PAGO
:61:081222C000000000419,65NTRF000002457152//180007
PAGO
:61:081222C000000000187,03NTRF000002457162//180007
PAGO
:61:081222C000000000155,00NTRF000002457190//180007
PAGO
:61:081222C000000036085,35NTRF000002457316//180007
PAGO
:61:081222C000000000665,00NTRF000002457333//180007
PAGO
:61:081222C000000011299,76NTRF000002457347//180007
PAGO
:61:081222C000000000277,55NTRF000000329027//180007
PAGO
:61:081222C000000000391,60NTRF000002457149//180007
PAGO
:62M:C081222VEF000011197716,07
-}{5:{CHK:1143FB20924B}}{S:{COP:S}}${1:F21VZCRVECAAXXX5410610696}{4:{177:0404021720}{451:0}}{1:F01VZCRVECAAXXX5410610696}{2:09501717040402VZCRVECAAXXX40812675430404021720N}{3:{108:SCONNECT}}{4:
:20:MI081222
:25:2222222222
:28C:0524/067
:60M:C081222VEF000011197716,07
:61:081222C000000000584,00NTRF000002457136//180007
PAGO
:61:081222C000000000300,00NTRF000000329815//180007
PAGO
:61:081222C000000001500,00NTRF000000329723//180007
PAGO
:61:081222C000000000357,00NTRF000000329552//180007
PAGO
:61:081222C000000001350,00NTRF000003270769//180007
PAGO
:61:081222C000000005380,42NTRF000003270703//180007
PAGO
:61:081222C000000003995,42NTRF000003270640//180007
PAGO
:61:081222C000000016300,00NTRF000000329035//180007
PAGO
:61:081222C000000029236,27NTRF000003270835//180007
PAGO
:62M:C081222VEF000011256719,18
-}{5:{CHK:1143FB20924B}}{S:{COP:S}}${1:F21VZCRVECAAXXX5410610696}{4:{177:0404021720}{451:0}}{1:F01VZCRVECAAXXX5410610696}{2:09501717040402VZCRVECAAXXX40812675430404021720N}{3:{108:SCONNECT}}{4:
:20:MI081222
:25:2222222222
:28C:0524/068
:60M:C081222VEF000011256719,18
:61:081222C000000085859,90NTRF000003270838//180007
PAGO
:61:081222C000000069201,38NTRF000003270905//180007
PAGO
:61:081222C000000001200,00NTRF000000329650//180007
PAGO
:61:081222C000000014270,00NTRF000000329767//180007
PAGO
:61:081222C000000000125,20NTRF000002457135//180007
PAGO
:61:081222C000000000124,40NTRF000002457139//180007
PAGO
:61:081222C000000000500,00NTRF000000327835//180007
PAGO
:61:081222C000000002000,00NTRF000000327840//180007
PAGO
:61:081222C000000025000,00NTRF000000327917//180007
PAGO
:62M:C081222VEF000011455000,06
-}{5:{CHK:1143FB20924B}}{S:{COP:S}}${1:F21VZCRVECAAXXX5410610696}{4:{177:0404021720}{451:0}}{1:F01VZCRVECAAXXX5410610696}{2:09501717040402VZCRVECAAXXX40812675430404021720N}{3:{108:SCONNECT}}{4:
:20:MI081222
:25:2222222222
:28C:0524/069
:60M:C081222VEF000011455000,06
:61:081222C000000000500,00NTRF000000328032//180007
PAGO
:61:081222C000000000243,15NTRF000000328172//180007
PAGO
:61:081222C000000007000,00NTRF000000328205//180007
PAGO
:61:081222C000000003000,00NTRF000000328233//180007
PAGO
:61:081222C000000000283,00NTRF000000328243//180007
PAGO
:61:081222C000000000275,00NTRF000000327638//180007
PAGO
:61:081222C000000000600,00NTRF000000327640//180007
PAGO
:61:081222C000000000100,00NTRF000000327642//180007
PAGO
:61:081222C000000001400,00NTRF000000327654//180007
PAGO
:62M:C081222VEF000011468401,21
-}{5:{CHK:1143FB20924B}}{S:{COP:S}}${1:F21VZCRVECAAXXX5410610696}{4:{177:0404021720}{451:0}}{1:F01VZCRVECAAXXX5410610696}{2:09501717040402VZCRVECAAXXX40812675430404021720N}{3:{108:SCONNECT}}{4:
:20:MI081222
:25:2222222222
:28C:0524/070
:60M:C081222VEF000011468401,21
:61:081222C000000019200,00NTRF000000327676//180007
PAGO
:61:081222C000000000490,00NTRF000000327688//180007
PAGO
:61:081222C000000000200,00NTRF000000327738//180007
PAGO
:61:081222C000000001279,00NTRF000000327792//180007
PAGO
:61:081222C000000002040,70NTRF000003270536//180007
PAGO
:61:081222C000000015701,59NTRF000003270566//180007
PAGO
:61:081222C000000003000,00NTRF000000327337//180007
PAGO
:61:081222C000000018000,00NTRF000000327340//180007
PAGO
:61:081222C000000000150,00NTRF000000327531//180007
PAGO
:62M:C081222VEF000011528462,50
-}{5:{CHK:1143FB20924B}}{S:{COP:S}}${1:F21VZCRVECAAXXX5410610696}{4:{177:0404021720}{451:0}}{1:F01VZCRVECAAXXX5410610696}{2:09501717040402VZCRVECAAXXX40812675430404021720N}{3:{108:SCONNECT}}{4:
:20:MI081222
:25:2222222222
:28C:0524/071
:60M:C081222VEF000011528462,50
:61:081222C000000000464,47NTRF000003270348//180007
PAGO
:61:081222C000000000277,71NTRF000003270355//180007
PAGO
:61:081222C000000000050,00NTRF000003270365//180007
PAGO
:61:081222C000000000226,95NTRF000003270495//180007
PAGO
:61:081222C000000000208,00NTRF000000326168//180007
PAGO
:61:081222C000000001000,00NTRF000000326177//180007
PAGO
:61:081222C000000000070,00NTRF000000326204//180007
PAGO
:61:081222C000000001135,00NTRF000000326323//180007
PAGO
:61:081222C000000000175,00NTRF000000326354//180007
PAGO
:62M:C081222VEF000011532069,63
-}{5:{CHK:1143FB20924B}}{S:{COP:S}}${1:F21VZCRVECAAXXX5410610696}{4:{177:0404021720}{451:0}}{1:F01VZCRVECAAXXX5410610696}{2:09501717040402VZCRVECAAXXX40812675430404021720N}{3:{108:SCONNECT}}{4:
:20:MI081222
:25:2222222222
:28C:0524/072
:60M:C081222VEF000011532069,63
:61:081222C000000000439,68NTRF000003269662//180007
PAGO
:61:081222C000000049245,64NTRF000003269682//180007
PAGO
:61:081222C000000016100,00NTRF000000323933//180007
PAGO
:61:081222C000000004000,00NTRF000000323942//180007
PAGO
:61:081222C000000000300,00NTRF000000323982//180007
PAGO
:61:081222C000000000300,00NTRF000000323995//180007
PAGO
:61:081222C000000000630,00NTRF000000324013//180007
PAGO
:61:081222C000000000050,00NTRF000000324056//180007
PAGO
:61:081222C000000019000,00NTRF000000324084//180007
PAGO
:62M:C081222VEF000011622134,95
-}{5:{CHK:1143FB20924B}}{S:{COP:S}}${1:F21VZCRVECAAXXX5410610696}{4:{177:0404021720}{451:0}}{1:F01VZCRVECAAXXX5410610696}{2:09501717040402VZCRVECAAXXX40812675430404021720N}{3:{108:SCONNECT}}{4:
:20:MI081222
:25:2222222222
:28C:0524/073
:60M:C081222VEF000011622134,95
:61:081222C000000000300,00NTRF000000324130//180007
PAGO
:61:081222C000000001000,00NTRF000000324166//180007
PAGO
:61:081222C000000000500,00NTRF000000324192//180007
PAGO
:61:081222C000000004275,00NTRF000000324219//180007
PAGO
:61:081222C000000001000,00NTRF000000323301//180007
PAGO
:61:081222C000000000190,00NTRF000000323329//180007
PAGO
:61:081222C000000000160,45NTRF000000323392//180007
PAGO
:61:081222C000000002000,00NTRF000000323564//180007
PAGO
:61:081222C000000001000,00NTRF000000323619//180007
PAGO
:62M:C081222VEF000011632560,40
-}{5:{CHK:1143FB20924B}}{S:{COP:S}}${1:F21VZCRVECAAXXX5410610696}{4:{177:0404021720}{451:0}}{1:F01VZCRVECAAXXX5410610696}{2:09501717040402VZCRVECAAXXX40812675430404021720N}{3:{108:SCONNECT}}{4:
:20:MI081222
:25:2222222222
:28C:0524/074
:60M:C081222VEF000011632560,40
:61:081222C000000001000,00NTRF000000323625//180007
PAGO
:61:081222C000000001000,00NTRF000000323634//180007
PAGO
:61:081222C000000000180,00NTRF000000323655//180007
PAGO
:61:081222C000000001452,00NTRF000000323689//180007
PAGO
:61:081222C000000005000,00NTRF000000323706//180007
PAGO
:61:081222C000000001000,00NTRF000000323780//180007
PAGO
:61:081222C000000000340,00NTRF000000323844//180007
PAGO
:61:081222C000000000450,00NTRF000000323849//180007
PAGO
:61:081222C000000000500,00NTRF000000322884//180007
PAGO
:62M:C081222VEF000011643482,40
-}{5:{CHK:1143FB20924B}}{S:{COP:S}}${1:F21VZCRVECAAXXX5410610696}{4:{177:0404021720}{451:0}}{1:F01VZCRVECAAXXX5410610696}{2:09501717040402VZCRVECAAXXX40812675430404021720N}{3:{108:SCONNECT}}{4:
:20:MI081222
:25:2222222222
:28C:0524/075
:60M:C081222VEF000011643482,40
:61:081222C000000000500,00NTRF000000322897//180007
PAGO
:61:081222C000000000282,00NTRF000000322924//180007
PAGO
:61:081222C000000004000,00NTRF000000322937//180007
PAGO
:61:081222C000000001900,00NTRF000000322949//180007
PAGO
:61:081222C000000000400,00NTRF000000322973//180007
PAGO
:61:081222C000000000225,00NTRF000000323057//180007
PAGO
:61:081222C000000003800,00NTRF000000323065//180007
PAGO
:61:081222C000000000100,00NTRF000000323081//180007
PAGO
:61:081222C000000002600,00NTRF000000323156//180007
PAGO
:62M:C081222VEF000011657289,40
-}{5:{CHK:1143FB20924B}}{S:{COP:S}}${1:F21VZCRVECAAXXX5410610696}{4:{177:0404021720}{451:0}}{1:F01VZCRVECAAXXX5410610696}{2:09501717040402VZCRVECAAXXX40812675430404021720N}{3:{108:SCONNECT}}{4:
:20:MI081222
:25:2222222222
:28C:0524/076
:60M:C081222VEF000011657289,40
:61:081222C000000005000,00NTRF000000323201//180007
PAGO
:61:081222C000000003000,00NTRF000000323211//180007
PAGO
:61:081222C000000000118,00NTRF000000323240//180007
PAGO
:61:081222C000000001468,00NTRF000000322224//180007
PAGO
:61:081222C000000000600,00NTRF000000322283//180007
PAGO
:61:081222C000000000700,00NTRF000000322345//180007
PAGO
:61:081222C000000003500,00NTRF000000322405//180007
PAGO
:61:081222C000000000600,00NTRF000000322486//180007
PAGO
:61:081222C000000009210,25NTRF000000322497//180007
PAGO
:62M:C081222VEF000011681485,65
-}{5:{CHK:1143FB20924B}}{S:{COP:S}}${1:F21VZCRVECAAXXX5410610696}{4:{177:0404021720}{451:0}}{1:F01VZCRVECAAXXX5410610696}{2:09501717040402VZCRVECAAXXX40812675430404021720N}{3:{108:SCONNECT}}{4:
:20:MI081222
:25:2222222222
:28C:0524/077
:60M:C081222VEF000011681485,65
:61:081222C000000000175,00NTRF000000322602//180007
PAGO
:61:081222C000000000500,00NTRF000000322694//180007
PAGO
:61:081222C000000015000,00NTRF000000322710//180007
PAGO
:61:081222C000000000500,00NTRF000000322759//180007
PAGO
:61:081222C000000003000,00NTRF000000322791//180007
PAGO
:61:081222C000000001000,00NTRF000000322805//180007
PAGO
:61:081222C000000000500,00NTRF000000322820//180007
PAGO
:61:081222C000000001000,00NTRF000000321850//180007
PAGO
:61:081222C000000000746,00NTRF000000321951//180007
PAGO
:62M:C081222VEF000011703906,65
-}{5:{CHK:1143FB20924B}}{S:{COP:S}}${1:F21VZCRVECAAXXX5410610696}{4:{177:0404021720}{451:0}}{1:F01VZCRVECAAXXX5410610696}{2:09501717040402VZCRVECAAXXX40812675430404021720N}{3:{108:SCONNECT}}{4:
:20:MI081222
:25:2222222222
:28C:0524/078
:60M:C081222VEF000011703906,65
:61:081222C000000002000,00NTRF000000321965//180007
PAGO
:61:081222C000000003037,99NTRF000000321967//180007
PAGO
:61:081222C000000003000,00NTRF000000322008//180007
PAGO
:61:081222C000000003000,00NTRF000000322018//180007
PAGO
:61:081222C000000003000,00NTRF000000322025//180007
PAGO
:61:081222C000000003000,00NTRF000000322037//180007
PAGO
:61:081222C000000001000,00NTRF000000322045//180007
PAGO
:61:081222C000000001500,00NTRF000000322074//180007
PAGO
:61:081222C000000000400,00NTRF000000322122//180007
PAGO
:62M:C081222VEF000011723844,64
-}{5:{CHK:1143FB20924B}}{S:{COP:S}}${1:F21VZCRVECAAXXX5410610696}{4:{177:0404021720}{451:0}}{1:F01VZCRVECAAXXX5410610696}{2:09501717040402VZCRVECAAXXX40812675430404021720N}{3:{108:SCONNECT}}{4:
:20:MI081222
:25:2222222222
:28C:0524/079
:60M:C081222VEF000011723844,64
:61:081222C000000002500,00NTRF000000322136//180007
PAGO
:61:081222C000000000200,00NTRF000000322145//180007
PAGO
:61:081222C000000006270,00NTRF000000321385//180007
PAGO
:61:081222C000000007000,00NTRF000000321397//180007
PAGO
:61:081222C000000002000,00NTRF000000321448//180007
PAGO
:61:081222C000000001000,00NTRF000000321487//180007
PAGO
:61:081222C000000015000,00NTRF000000321500//180007
PAGO
:61:081222C000000000205,00NTRF000000321542//180007
PAGO
:61:081222C000000000740,00NTRF000000321554//180007
PAGO
:62M:C081222VEF000011758759,64
-}{5:{CHK:1143FB20924B}}{S:{COP:S}}${1:F21VZCRVECAAXXX5410610696}{4:{177:0404021720}{451:0}}{1:F01VZCRVECAAXXX5410610696}{2:09501717040402VZCRVECAAXXX40812675430404021720N}{3:{108:SCONNECT}}{4:
:20:MI081222
:25:2222222222
:28C:0524/080
:60M:C081222VEF000011758759,64
:61:081222C000000002000,00NTRF000000321582//180007
PAGO
:61:081222C000000001995,00NTRF000000321586//180007
PAGO
:61:081222C000000000130,00NTRF000000321613//180007
PAGO
:61:081222C000000001200,00NTRF000000321687//180007
PAGO
:61:081222C000000000600,00NTRF000000321708//180007
PAGO
:61:081222C000000001222,57NTRF000000321762//180007
PAGO
:61:081222C000000015000,00NTRF000000320569//180007
PAGO
:61:081222C000000003000,00NTRF000000320605//180007
PAGO
:61:081222C000000001500,00NTRF000000320615//180007
PAGO
:62M:C081222VEF000011785407,21
-}{5:{CHK:1143FB20924B}}{S:{COP:S}}${1:F21VZCRVECAAXXX5410610696}{4:{177:0404021720}{451:0}}{1:F01VZCRVECAAXXX5410610696}{2:09501717040402VZCRVECAAXXX40812675430404021720N}{3:{108:SCONNECT}}{4:
:20:MI081222
:25:2222222222
:28C:0524/081
:60M:C081222VEF000011785407,21
:61:081222C000000000430,00NTRF000000320667//180007
PAGO
:61:081222C000000000300,00NTRF000000320748//180007
PAGO
:61:081222C000000000380,00NTRF000000320770//180007
PAGO
:61:081222C000000002000,00NTRF000000320819//180007
PAGO
:61:081222C000000002000,00NTRF000000320830//180007
PAGO
:61:081222C000000000350,00NTRF000000321155//180007
PAGO
:61:081222C000000002500,00NTRF000000321163//180007
PAGO
:61:081222C000000001500,00NTRF000000321303//180007
PAGO
:61:081222C000000000155,00NTRF000000321341//180007
PAGO
:62M:C081222VEF000011795022,21
-}{5:{CHK:1143FB20924B}}{S:{COP:S}}${1:F21VZCRVECAAXXX5410610696}{4:{177:0404021720}{451:0}}{1:F01VZCRVECAAXXX5410610696}{2:09501717040402VZCRVECAAXXX40812675430404021720N}{3:{108:SCONNECT}}{4:
:20:MI081222
:25:2222222222
:28C:0524/082
:60M:C081222VEF000011795022,21
:61:081222C000000001000,00NTRF000000321351//180007
PAGO
:61:081222C000000001010,00NTRF000000320051//180007
PAGO
:61:081222C000000000518,00NTRF000000320090//180007
PAGO
:61:081222C000000001000,00NTRF000000320135//180007
PAGO
:61:081222C000000001760,00NTRF000000320152//180007
PAGO
:61:081222C000000000118,00NTRF000000320161//180007
PAGO
:61:081222C000000004000,00NTRF000000320333//180007
PAGO
:61:081222C000000003000,00NTRF000000320343//180007
PAGO
:61:081222C000000002000,00NTRF000000320347//180007
PAGO
:62M:C081222VEF000011809428,21
-}{5:{CHK:1143FB20924B}}{S:{COP:S}}${1:F21VZCRVECAAXXX5410610696}{4:{177:0404021720}{451:0}}{1:F01VZCRVECAAXXX5410610696}{2:09501717040402VZCRVECAAXXX40812675430404021720N}{3:{108:SCONNECT}}{4:
:20:MI081222
:25:2222222222
:28C:0524/083
:60M:C081222VEF000011809428,21
:61:081222C000000001000,00NTRF000000320356//180007
PAGO
:61:081222C000000001825,00NTRF000000320373//180007
PAGO
:61:081222C000000007969,87NTRF000002456248//180007
PAGO
:61:081222C000000001600,00NTRF000002456249//180007
PAGO
:61:081222C000000025373,13NTRF000003269733//180007
PAGO
:61:081222C000000023017,50NTRF000003269750//180007
PAGO
:61:081222C000000001282,89NTRF000003269769//180007
PAGO
:61:081222C000000057815,68NTRF000003269789//180007
PAGO
:61:081222C000000002129,78NTRF000003270191//180007
PAGO
:62M:C081222VEF000011931442,06
-}{5:{CHK:1143FB20924B}}{S:{COP:S}}${1:F21VZCRVECAAXXX5410610696}{4:{177:0404021720}{451:0}}{1:F01VZCRVECAAXXX5410610696}{2:09501717040402VZCRVECAAXXX40812675430404021720N}{3:{108:SCONNECT}}{4:
:20:MI081222
:25:2222222222
:28C:0524/084
:60M:C081222VEF000011931442,06
:61:081222C000000003093,15NTRF000003270340//180007
PAGO
:61:081222C000000014000,00NTRF000000325628//180007
PAGO
:61:081222C000000011000,00NTRF000000325638//180007
PAGO
:61:081222C000000012000,00NTRF000000325756//180007
PAGO
:61:081222C000000010000,00NTRF000000325782//180007
PAGO
:61:081222C000000000330,00NTRF000000325810//180007
PAGO
:61:081222C000000003000,00NTRF000000325855//180007
PAGO
:61:081222C000000000500,00NTRF000000325894//180007
PAGO
:61:081222C000000000039,00NTRF000000325895//180007
PAGO
:62M:C081222VEF000011985404,21
-}{5:{CHK:1143FB20924B}}{S:{COP:S}}${1:F21VZCRVECAAXXX5410610696}{4:{177:0404021720}{451:0}}{1:F01VZCRVECAAXXX5410610696}{2:09501717040402VZCRVECAAXXX40812675430404021720N}{3:{108:SCONNECT}}{4:
:20:MI081222
:25:2222222222
:28C:0524/085
:60M:C081222VEF000011985404,21
:61:081222C000000003100,00NTRF000000325936//180007
PAGO
:61:081222C000000001000,00NTRF000000325941//180007
PAGO
:61:081222C000000002750,00NTRF000000325945//180007
PAGO
:61:081222C000000000500,00NTRF000000325994//180007
PAGO
:61:081222C000000000009,10NTRF000002456960//180007
PAGO
:61:081222C000000003783,00NTRF000003269534//180007
PAGO
:61:081222C000000111087,99NTRF000003269550//180007
PAGO
:61:081222C000000026724,00NTRF000003269645//180007
PAGO
:61:081222C000000001800,00NTRF000000325221//180007
PAGO
:62M:C081222VEF000012136158,30
-}{5:{CHK:1143FB20924B}}{S:{COP:S}}${1:F21VZCRVECAAXXX5410610696}{4:{177:0404021720}{451:0}}{1:F01VZCRVECAAXXX5410610696}{2:09501717040402VZCRVECAAXXX40812675430404021720N}{3:{108:SCONNECT}}{4:
:20:MI081222
:25:2222222222
:28C:0524/086
:60M:C081222VEF000012136158,30
:61:081222C000000002500,00NTRF000000325252//180007
PAGO
:61:081222C000000000070,00NTRF000000325272//180007
PAGO
:61:081222C000000001000,00NTRF000000325287//180007
PAGO
:61:081222C000000005000,00NTRF000000325351//180007
PAGO
:61:081222C000000002000,00NTRF000000325421//180007
PAGO
:61:081222C000000000392,00NTRF000000325461//180007
PAGO
:61:081222C000000003000,00NTRF000000325516//180007
PAGO
:61:081222C000000000300,00NTRF000000325542//180007
PAGO
:61:081222C000000000240,00NTRF000000325553//180007
PAGO
:62M:C081222VEF000012150660,30
-}{5:{CHK:1143FB20924B}}{S:{COP:S}}${1:F21VZCRVECAAXXX5410610696}{4:{177:0404021720}{451:0}}{1:F01VZCRVECAAXXX5410610696}{2:09501717040402VZCRVECAAXXX40812675430404021720N}{3:{108:SCONNECT}}{4:
:20:MI081222
:25:2222222222
:28C:0524/087
:60M:C081222VEF000012150660,30
:61:081222C000000055552,20NTRF000002456657//180007
PAGO
:61:081222C000000001679,93NTRF000002456658//180007
PAGO
:61:081222C000000000163,80NTRF000002456659//180007
PAGO
:61:081222C000000001132,56NTRF000002456660//180007
PAGO
:61:081222C000000003129,81NTRF000002456782//180007
PAGO
:61:081222C000000000996,94NTRF000002456784//180007
PAGO
:61:081222C000000002360,61NTRF000002456811//180007
PAGO
:61:081222C000001605127,35NTRF000002456812//180007
PAGO
:61:081222C000000413162,02NTRF000002456813//180007
PAGO
:62M:C081222VEF000014233965,52
-}{5:{CHK:1143FB20924B}}{S:{COP:S}}${1:F21VZCRVECAAXXX5410610696}{4:{177:0404021720}{451:0}}{1:F01VZCRVECAAXXX5410610696}{2:09501717040402VZCRVECAAXXX40812675430404021720N}{3:{108:SCONNECT}}{4:
:20:MI081222
:25:2222222222
:28C:0524/088
:60M:C081222VEF000014233965,52
:61:081222C000000043107,50NTRF000002456814//180007
PAGO
:61:081222C000000001262,89NTRF000002456865//180007
PAGO
:61:081222C000000000822,00NTRF000000325015//180007
PAGO
:61:081222C000000001300,00NTRF000000325060//180007
PAGO
:61:081222C000000003639,07NTRF000002456644//180007
PAGO
:61:081222C000000000876,37NTRF000002456645//180007
PAGO
:61:081222C000000086817,00NTRF000002456646//180007
PAGO
:61:081222C000000830383,63NTRF000002456647//180007
PAGO
:61:081222C000000962494,63NTRF000002456648//180007
PAGO
:62M:C081222VEF000016164668,61
-}{5:{CHK:1143FB20924B}}{S:{COP:S}}${1:F21VZCRVECAAXXX5410610696}{4:{177:0404021720}{451:0}}{1:F01VZCRVECAAXXX5410610696}{2:09501717040402VZCRVECAAXXX40812675430404021720N}{3:{108:SCONNECT}}{4:
:20:MI081222
:25:2222222222
:28C:0524/089
:60M:C081222VEF000016164668,61
:61:081222C000000030534,04NTRF000002456649//180007
PAGO
:61:081222C000000010851,06NTRF000002456650//180007
PAGO
:61:081222C000000297458,69NTRF000002456651//180007
PAGO
:61:081222C000000724155,33NTRF000002456652//180007
PAGO
:61:081222C000000011148,63NTRF000002456653//180007
PAGO
:61:081222C000000088301,20NTRF000002456654//180007
PAGO
:61:081222C000003787186,29NTRF000002456655//180007
PAGO
:61:081222C000000021850,99NTRF000002456656//180007
PAGO
:61:081222C000000005616,00NTRF000002456352//180007
PAGO
:62M:C081222VEF000021141770,84
-}{5:{CHK:1143FB20924B}}{S:{COP:S}}${1:F21VZCRVECAAXXX5410610696}{4:{177:0404021720}{451:0}}{1:F01VZCRVECAAXXX5410610696}{2:09501717040402VZCRVECAAXXX40812675430404021720N}{3:{108:SCONNECT}}{4:
:20:MI081222
:25:2222222222
:28C:0524/090
:60M:C081222VEF000021141770,84
:61:081222C000000008757,10NTRF000002456426//180007
PAGO
:61:081222C000000002000,00NTRF000027601389//180007
PAGO
:61:081222C000000000900,00NTRF000027603022//180007
PAGO
:61:081222C000000002000,00NTRF000027603956//180007
PAGO
:61:081222C000000000240,00NTRF000027606332//180007
PAGO
:61:081222C000000000200,00NTRF000027600491//180007
PAGO
:61:081222C000000000317,00NTRF000027613716//180007
PAGO
:61:081222C000000002984,84NTRF000027611473//180007
PAGO
:61:081222C000000000580,00NTRF000027610150//180007
PAGO
:62M:C081222VEF000021159749,78
-}{5:{CHK:1143FB20924B}}{S:{COP:S}}${1:F21VZCRVECAAXXX5410610696}{4:{177:0404021720}{451:0}}{1:F01VZCRVECAAXXX5410610696}{2:09501717040402VZCRVECAAXXX40812675430404021720N}{3:{108:SCONNECT}}{4:
:20:MI081222
:25:2222222222
:28C:0524/091
:60M:C081222VEF000021159749,78
:61:081222C000000001160,96NTRF000027610086//180007
PAGO
:61:081222C000000004000,00NTRF000027611265//180007
PAGO
:61:081222C000000000862,76NTRF000027612535//180007
PAGO
:61:081222C000000002000,00NTRF000027600704//180007
PAGO
:61:081222C000000003500,00NTRF000027608921//180007
PAGO
:61:081222C000000000500,00NTRF000027584643//180007
PAGO
:61:081222C000000000500,00NTRF000027590714//180007
PAGO
:61:081222C000000001000,00NTRF000027591201//180007
PAGO
:61:081222C000000000110,00NTRF000027592020//180007
PAGO
:62M:C081222VEF000021173383,50
-}{5:{CHK:1143FB20924B}}{S:{COP:S}}${1:F21VZCRVECAAXXX5410610696}{4:{177:0404021720}{451:0}}{1:F01VZCRVECAAXXX5410610696}{2:09501717040402VZCRVECAAXXX40812675430404021720N}{3:{108:SCONNECT}}{4:
:20:MI081222
:25:2222222222
:28C:0524/092
:60M:C081222VEF000021173383,50
:61:081222C000000000109,00NTRF000027593187//180007
PAGO
:61:081222C000000000786,00NTRF000027594854//180007
PAGO
:61:081222C000000002900,00NTRF000027595836//180007
PAGO
:61:081222C000000000074,00NTRF000027597512//180007
PAGO
:61:081222C000000004000,00NTRF000027597526//180007
PAGO
:61:081222C000000002000,00NTRF000027599522//180007
PAGO
:61:081222C000000001000,00NTRF000027600424//180007
PAGO
:61:081222C000000000435,00NTRF000027590734//180007
PAGO
:61:081222C000000000299,00NTRF000027590127//180007
PAGO
:62M:C081222VEF000021184986,50
-}{5:{CHK:1143FB20924B}}{S:{COP:S}}${1:F21VZCRVECAAXXX5410610696}{4:{177:0404021720}{451:0}}{1:F01VZCRVECAAXXX5410610696}{2:09501717040402VZCRVECAAXXX40812675430404021720N}{3:{108:SCONNECT}}{4:
:20:MI081222
:25:2222222222
:28C:0524/093
:60M:C081222VEF000021184986,50
:61:081222C000000243421,15NTRF000012200001//180007
PAGO
:61:081222C000000004000,00NTRF000000082845//180007
PAGO
:61:081222C000000001500,00NTRF000000082753//180007
PAGO
:61:081222C000000001100,00NTRF000000082823//180007
PAGO
:61:081222C000000001200,00NTRF000000082851//180007
PAGO
:61:081222C000000000200,00NTRF000000083169//180007
PAGO
:61:081222C000000064532,77NTRF000008122219//180007
PAGO
:61:081222C000000002419,23NTRF000000564300//180007
PAGO
:61:081222C000000000400,00NTRF000000549364//180007
PAGO
:62M:C081222VEF000021503759,65
-}{5:{CHK:1143FB20924B}}{S:{COP:S}}${1:F21VZCRVECAAXXX5410610696}{4:{177:0404021720}{451:0}}{1:F01VZCRVECAAXXX5410610696}{2:09501717040402VZCRVECAAXXX40812675430404021720N}{3:{108:SCONNECT}}{4:
:20:MI081222
:25:2222222222
:28C:0524/094
:60M:C081222VEF000021503759,65
:61:081222C000000001000,00NTRF000000565395//180007
PAGO
:61:081222C000000000100,00NTRF000083663263//180007
PAGO
:61:081222C000000000800,00NTRF000083663996//180007
PAGO
:61:081222C000000000800,00NTRF000083664151//180007
PAGO
:61:081222C000000000510,00NTRF000083664453//180007
PAGO
:61:081222C000000001397,00NTRF000083664582//180007
PAGO
:61:081222C000000003200,00NTRF000083665551//180007
PAGO
:61:081222C000000001200,00NTRF000083666085//180007
PAGO
:61:081222C000000003098,00NTRF000083666612//180007
PAGO
:62M:C081222VEF000021515864,65
-}{5:{CHK:1143FB20924B}}{S:{COP:S}}${1:F21VZCRVECAAXXX5410610696}{4:{177:0404021720}{451:0}}{1:F01VZCRVECAAXXX5410610696}{2:09501717040402VZCRVECAAXXX40812675430404021720N}{3:{108:SCONNECT}}{4:
:20:MI081222
:25:2222222222
:28C:0524/095
:60M:C081222VEF000021515864,65
:61:081222C000000000600,00NTRF000083666844//180007
PAGO
:61:081222C000000003500,00NTRF000083667183//180007
PAGO
:61:081222C000000000200,00NTRF000083668001//180007
PAGO
:61:081222C000000000200,00NTRF000083669736//180007
PAGO
:61:081222C000000001962,00NTRF000083669832//180007
PAGO
:61:081222C000000000170,00NTRF000083671394//180007
PAGO
:61:081222C000000000050,00NTRF000083671416//180007
PAGO
:61:081222C000000000600,00NTRF000083688102//180007
PAGO
:61:081222C000000000200,00NTRF000083688135//180007
PAGO
:62M:C081222VEF000021523346,65
-}{5:{CHK:1143FB20924B}}{S:{COP:S}}${1:F21VZCRVECAAXXX5410610696}{4:{177:0404021720}{451:0}}{1:F01VZCRVECAAXXX5410610696}{2:09501717040402VZCRVECAAXXX40812675430404021720N}{3:{108:SCONNECT}}{4:
:20:MI081222
:25:2222222222
:28C:0524/096
:60M:C081222VEF000021523346,65
:61:081222C000000002000,00NTRF000083688684//180007
PAGO
:61:081222C000000000209,00NTRF000083688743//180007
PAGO
:61:081222C000000001000,00NTRF000083674990//180007
PAGO
:61:081222C000000001000,00NTRF000083675163//180007
PAGO
:61:081222C000000005000,00NTRF000083676725//180007
PAGO
:61:081222C000000002500,00NTRF000083677996//180007
PAGO
:61:081222C000000001000,00NTRF000083679293//180007
PAGO
:61:081222C000000002000,00NTRF000083704143//180007
PAGO
:61:081222C000000000092,00NTRF000083704165//180007
PAGO
:62M:C081222VEF000021538147,65
-}{5:{CHK:1143FB20924B}}{S:{COP:S}}${1:F21VZCRVECAAXXX5410610696}{4:{177:0404021720}{451:0}}{1:F01VZCRVECAAXXX5410610696}{2:09501717040402VZCRVECAAXXX40812675430404021720N}{3:{108:SCONNECT}}{4:
:20:MI081222
:25:2222222222
:28C:0524/097
:60M:C081222VEF000021538147,65
:61:081222C000000005000,00NTRF000083705403//180007
PAGO
:61:081222C000000000140,00NTRF000083706206//180007
PAGO
:61:081222C000000001000,00NTRF000083707643//180007
PAGO
:61:081222C000000000500,00NTRF000083707820//180007
PAGO
:61:081222C000000005000,00NTRF000083710104//180007
PAGO
:61:081222C000000005000,00NTRF000083710605//180007
PAGO
:61:081222C000000000640,00NTRF000083711611//180007
PAGO
:61:081222C000000002000,00NTRF000083711891//180007
PAGO
:61:081222C000000000550,00NTRF000083711983//180007
PAGO
:62M:C081222VEF000021557977,65
-}{5:{CHK:1143FB20924B}}{S:{COP:S}}${1:F21VZCRVECAAXXX5410610696}{4:{177:0404021720}{451:0}}{1:F01VZCRVECAAXXX5410610696}{2:09501717040402VZCRVECAAXXX40812675430404021720N}{3:{108:SCONNECT}}{4:
:20:MI081222
:25:2222222222
:28C:0524/098
:60M:C081222VEF000021557977,65
:61:081222C000000005000,00NTRF000083689911//180007
PAGO
:61:081222C000000001000,00NTRF000083691300//180007
PAGO
:61:081222C000000004000,00NTRF000083691414//180007
PAGO
:61:081222C000000000700,00NTRF000083692770//180007
PAGO
:61:081222C000000003000,00NTRF000083695835//180007
PAGO
:61:081222C000000005000,00NTRF000083696093//180007
PAGO
:61:081222C000000000400,00NTRF000083715796//180007
PAGO
:61:081222C000000001345,20NTRF000083716091//180007
PAGO
:61:081222C000000000250,00NTRF000083718725//180007
PAGO
:62M:C081222VEF000021578672,85
-}{5:{CHK:1143FB20924B}}{S:{COP:S}}${1:F21VZCRVECAAXXX5410610696}{4:{177:0404021720}{451:0}}{1:F01VZCRVECAAXXX5410610696}{2:09501717040402VZCRVECAAXXX40812675430404021720N}{3:{108:SCONNECT}}{4:
:20:MI081222
:25:2222222222
:28C:0524/099
:60M:C081222VEF000021578672,85
:61:081222C000000050000,00NTRF000083719160//180007
PAGO
:61:081222C000000000360,00NTRF000083719753//180007
PAGO
:61:081222C000000002000,00NTRF000083719904//180007
PAGO
:61:081222C000000003000,00NTRF000083721503//180007
PAGO
:61:081222C000000000800,00NTRF000083702850//180007
PAGO
:61:081222C000000003000,00NTRF000083703852//180007
PAGO
:61:081222C000000000150,00NTRF000083715306//180007
PAGO
:61:081222C000000371049,00NTRF000083714256//180007
PAGO
:61:081222C000000003000,00NTRF000083713556//180007
PAGO
:62M:C081222VEF000022012031,85
-}{5:{CHK:1143FB20924B}}{S:{COP:S}}${1:F21VZCRVECAAXXX5410610696}{4:{177:0404021720}{451:0}}{1:F01VZCRVECAAXXX5410610696}{2:09501717040402VZCRVECAAXXX40812675430404021720N}{3:{108:SCONNECT}}{4:
:20:MI081222
:25:2222222222
:28C:0524/100
:60M:C081222VEF000022012031,85
:61:081222C000000001500,00NTRF000083730695//180007
PAGO
:61:081222C000000000480,00NTRF000083730135//180007
PAGO
:61:081222C000000001000,00NTRF000083727416//180007
PAGO
:61:081222C000000003000,00NTRF000083727070//180007
PAGO
:61:081222C000000000250,00NTRF000083723220//180007
PAGO
:61:081222C000000003300,00NTRF000083722240//180007
PAGO
:61:081222C000000000901,00NTRF000083693794//180007
PAGO
:61:081222C000000002039,00NTRF000083693842//180007
PAGO
:61:081222C000000001029,00NTRF000083693864//180007
PAGO
:62M:C081222VEF000022025530,85
-}{5:{CHK:1143FB20924B}}{S:{COP:S}}${1:F21VZCRVECAAXXX5410610696}{4:{177:0404021720}{451:0}}{1:F01VZCRVECAAXXX5410610696}{2:09501717040402VZCRVECAAXXX40812675430404021720N}{3:{108:SCONNECT}}{4:
:20:MI081222
:25:2222222222
:28C:0524/101
:60M:C081222VEF000022025530,85
:61:081222C000000001102,00NTRF000083693901//180007
PAGO
:61:081222C000000000200,00NTRF000083704913//180007
PAGO
:61:081222C000000000400,00NTRF000083718401//180007
PAGO
:61:081222C000000001800,00NTRF000083728175//180007
PAGO
:61:081222C000000000200,00NTRF000083621020//180007
PAGO
:61:081222C000000000975,00NTRF000083629711//180007
PAGO
:61:081222C000000001500,00NTRF000083637912//180007
PAGO
:61:081222C000000001000,00NTRF000083645391//180007
PAGO
:61:081222C000000000400,00NTRF000083648165//180007
PAGO
:62M:C081222VEF000022033107,85
-}{5:{CHK:1143FB20924B}}{S:{COP:S}}${1:F21VZCRVECAAXXX5410610696}{4:{177:0404021720}{451:0}}{1:F01VZCRVECAAXXX5410610696}{2:09501717040402VZCRVECAAXXX40812675430404021720N}{3:{108:SCONNECT}}{4:
:20:MI081222
:25:2222222222
:28C:0524/102
:60M:C081222VEF000022033107,85
:61:081222C000000000100,00NTRF000083671630//180007
PAGO
:61:081222C000000002000,00NTRF000083674323//180007
PAGO
:61:081222C000000000100,00NTRF000083713313//180007
PAGO
:61:081222C000000001843,05NTRF000083701251//180007
PAGO
:61:081222C000000002000,00NTRF000083693875//180007
PAGO
:61:081222C000000001230,00NTRF000083693783//180007
PAGO
:61:081222C000000001500,00NTRF000083693772//180007
PAGO
:61:081222C000000000500,00NTRF000083729730//180007
PAGO
:61:081222C000000000100,00NTRF000083729531//180007
PAGO
:62M:C081222VEF000022042480,90
-}{5:{CHK:1143FB20924B}}{S:{COP:S}}${1:F21VZCRVECAAXXX5410610696}{4:{177:0404021720}{451:0}}{1:F01VZCRVECAAXXX5410610696}{2:09501717040402VZCRVECAAXXX40812675430404021720N}{3:{108:SCONNECT}}{4:
:20:MI081222
:25:2222222222
:28C:0524/103
:60M:C081222VEF000022042480,90
:61:081222C000000000371,00NTRF000083728912//180007
PAGO
:61:081222C000000001000,00NTRF000083729391//180007
PAGO
:61:081222C000000001500,00NTRF000083729763//180007
PAGO
:61:081222C000000000700,00NTRF000083730205//180007
PAGO
:61:081222C000000001780,00NTRF000083713254//180007
PAGO
:61:081222C000000000500,00NTRF000083713906//180007
PAGO
:61:081222C000000023032,10NTRF000083715166//180007
PAGO
:61:081222C000000001000,00NTRF000083696771//180007
PAGO
:61:081222C000000000788,00NTRF000083696804//180007
PAGO
:62M:C081222VEF000022073152,00
-}{5:{CHK:1143FB20924B}}{S:{COP:S}}${1:F21VZCRVECAAXXX5410610696}{4:{177:0404021720}{451:0}}{1:F01VZCRVECAAXXX5410610696}{2:09501717040402VZCRVECAAXXX40812675430404021720N}{3:{108:SCONNECT}}{4:
:20:MI081222
:25:2222222222
:28C:0524/104
:60M:C081222VEF000022073152,00
:61:081222C000000000200,00NTRF000083697526//180007
PAGO
:61:081222C000000001500,00NTRF000083697681//180007
PAGO
:61:081222C000000001000,00NTRF000083697972//180007
PAGO
:61:081222C000000000200,00NTRF000083700352//180007
PAGO
:61:081222C000000000110,00NTRF000083700960//180007
PAGO
:61:081222C000000002400,00NTRF000083681743//180007
PAGO
:61:081222C000000005000,00NTRF000083681905//180007
PAGO
:61:081222C000000000500,00NTRF000083682141//180007
PAGO
:61:081222C000000000350,00NTRF000083682281//180007
PAGO
:62M:C081222VEF000022084412,00
-}{5:{CHK:1143FB20924B}}{S:{COP:S}}${1:F21VZCRVECAAXXX5410610696}{4:{177:0404021720}{451:0}}{1:F01VZCRVECAAXXX5410610696}{2:09501717040402VZCRVECAAXXX40812675430404021720N}{3:{108:SCONNECT}}{4:
:20:MI081222
:25:2222222222
:28C:0524/105
:60M:C081222VEF000022084412,00
:61:081222C000000000282,00NTRF000083683412//180007
PAGO
:61:081222C000000000140,00NTRF000083684462//180007
PAGO
:61:081222C000000005000,00NTRF000083685280//180007
PAGO
:61:081222C000000000800,00NTRF000083686374//180007
PAGO
:61:081222C000000003000,00NTRF000083686400//180007
PAGO
:61:081222C000000000100,00NTRF000083679621//180007
PAGO
:61:081222C000000004600,00NTRF000083680483//180007
PAGO
:61:081222C000000000183,00NTRF000083680575//180007
PAGO
:61:081222C000000005000,00NTRF000083680855//180007
PAGO
:62M:C081222VEF000022103517,00
-}{5:{CHK:1143FB20924B}}{S:{COP:S}}${1:F21VZCRVECAAXXX5410610696}{4:{177:0404021720}{451:0}}{1:F01VZCRVECAAXXX5410610696}{2:09501717040402VZCRVECAAXXX40812675430404021720N}{3:{108:SCONNECT}}{4:
:20:MI081222
:25:2222222222
:28C:0524/106
:60M:C081222VEF000022103517,00
:61:081222C000000000250,00NTRF000083681076//180007
PAGO
:61:081222C000000000400,00NTRF000083681113//180007
PAGO
:61:081222C000000005000,00NTRF000083681334//180007
PAGO
:61:081222C000000005000,00NTRF000083681706//180007
PAGO
:61:081222C000000002200,00NTRF000083671420//180007
PAGO
:61:081222C000000004000,00NTRF000083671453//180007
PAGO
:61:081222C000000002400,00NTRF000083673903//180007
PAGO
:61:081222C000000003500,00NTRF000083674743//180007
PAGO
:61:081222C000000000100,00NTRF000083656952//180007
PAGO
:62M:C081222VEF000022126367,00
-}{5:{CHK:1143FB20924B}}{S:{COP:S}}${1:F21VZCRVECAAXXX5410610696}{4:{177:0404021720}{451:0}}{1:F01VZCRVECAAXXX5410610696}{2:09501717040402VZCRVECAAXXX40812675430404021720N}{3:{108:SCONNECT}}{4:
:20:MI081222
:25:2222222222
:28C:0524/107
:60M:C081222VEF000022126367,00
:61:081222C000000000100,00NTRF000083658245//180007
PAGO
:61:081222C000000001363,00NTRF000083651713//180007
PAGO
:61:081222C000000005000,00NTRF000083655666//180007
PAGO
:61:081222C000000000800,00NTRF000083648876//180007
PAGO
:61:081222C000000002350,00NTRF000083648913//180007
PAGO
:61:081222C000000001000,00NTRF000083649053//180007
PAGO
:61:081222C000000000500,00NTRF000083649731//180007
PAGO
:61:081222C000000000600,00NTRF000083650560//180007
PAGO
:61:081222C000000002000,00NTRF000083650604//180007
PAGO
:62M:C081222VEF000022140080,00
-}{5:{CHK:1143FB20924B}}{S:{COP:S}}${1:F21VZCRVECAAXXX5410610696}{4:{177:0404021720}{451:0}}{1:F01VZCRVECAAXXX5410610696}{2:09501717040402VZCRVECAAXXX40812675430404021720N}{3:{108:SCONNECT}}{4:
:20:MI081222
:25:2222222222
:28C:0524/108
:60M:C081222VEF000022140080,00
:61:081222C000000000410,00NTRF000083650825//180007
PAGO
:61:081222C000000004700,00NTRF000083652155//180007
PAGO
:61:081222C000000000500,00NTRF000083642436//180007
PAGO
:61:081222C000000002350,00NTRF000083642694//180007
PAGO
:61:081222C000000005000,00NTRF000083642720//180007
PAGO
:61:081222C000000000200,00NTRF000083643195//180007
PAGO
:61:081222C000000000700,00NTRF000083643276//180007
PAGO
:61:081222C000000002000,00NTRF000083644190//180007
PAGO
:61:081222C000000000300,00NTRF000083646393//180007
PAGO
:62M:C081222VEF000022156240,00
-}{5:{CHK:1143FB20924B}}{S:{COP:S}}${1:F21VZCRVECAAXXX5410610696}{4:{177:0404021720}{451:0}}{1:F01VZCRVECAAXXX5410610696}{2:09501717040402VZCRVECAAXXX40812675430404021720N}{3:{108:SCONNECT}}{4:
:20:MI081222
:25:2222222222
:28C:0524/109
:60M:C081222VEF000022156240,00
:61:081222C000000000650,00NTRF000083646835//180007
PAGO
:61:081222C000000004000,00NTRF000083647222//180007
PAGO
:61:081222C000000000550,00NTRF000083628300//180007
PAGO
:61:081222C000000000010,00NTRF000083629825//180007
PAGO
:61:081222C000000001500,00NTRF000083630934//180007
PAGO
:61:081222C000000000500,00NTRF000083633071//180007
PAGO
:61:081222C000000004000,00NTRF000083633992//180007
PAGO
:61:081222C000000004000,00NTRF000083634246//180007
PAGO
:61:081222C000000003000,00NTRF000083634331//180007
PAGO
:62M:C081222VEF000022174450,00
-}{5:{CHK:1143FB20924B}}{S:{COP:S}}${1:F21VZCRVECAAXXX5410610696}{4:{177:0404021720}{451:0}}{1:F01VZCRVECAAXXX5410610696}{2:09501717040402VZCRVECAAXXX40812675430404021720N}{3:{108:SCONNECT}}{4:
:20:MI081222
:25:2222222222
:28C:0524/110
:60M:C081222VEF000022174450,00
:61:081222C000000000200,00NTRF000083634692//180007
PAGO
:61:081222C000000002000,00NTRF000083637120//180007
PAGO
:61:081222C000000001500,00NTRF000083637724//180007
PAGO
:61:081222C000000002000,00NTRF000083638133//180007
PAGO
:61:081222C000000005000,00NTRF000083638704//180007
PAGO
:61:081222C000000001000,00NTRF000083640443//180007
PAGO
:61:081222C000000002000,00NTRF000083618242//180007
PAGO
:61:081222C000000001500,00NTRF000083618312//180007
PAGO
:61:081222C000000016569,41NTRF000083620574//180007
PAGO
:62M:C081222VEF000022206219,41
-}{5:{CHK:1143FB20924B}}{S:{COP:S}}${1:F21VZCRVECAAXXX5410610696}{4:{177:0404021720}{451:0}}{1:F01VZCRVECAAXXX5410610696}{2:09501717040402VZCRVECAAXXX40812675430404021720N}{3:{108:SCONNECT}}{4:
:20:MI081222
:25:2222222222
:28C:0524/111
:60M:C081222VEF000022206219,41
:61:081222C000000005000,00NTRF000083621053//180007
PAGO
:61:081222C000000000500,00NTRF000083621506//180007
PAGO
:61:081222C000000001000,00NTRF000083623013//180007
PAGO
:61:081222C000000003000,00NTRF000083624516//180007
PAGO
:61:081222C000000000180,00NTRF000083624531//180007
PAGO
:61:081222C000000000640,00NTRF000083625500//180007
PAGO
:61:081222C000000000650,00NTRF000083626115//180007
PAGO
:61:081222C000000005000,00NTRF000083626841//180007
PAGO
:61:081222C000000000855,00NTRF000083627095//180007
PAGO
:62M:C081222VEF000022223044,41
-}{5:{CHK:1143FB20924B}}{S:{COP:S}}${1:F21VZCRVECAAXXX5410610696}{4:{177:0404021720}{451:0}}{1:F01VZCRVECAAXXX5410610696}{2:09501717040402VZCRVECAAXXX40812675430404021720N}{3:{108:SCONNECT}}{4:
:20:MI081222
:25:2222222222
:28C:0524/112
:60M:C081222VEF000022223044,41
:61:081222C000000004500,00NTRF000083627202//180007
PAGO
:61:081222C000000000310,00NTRF000083617446//180007
PAGO
:61:081222C000000000260,00NTRF000083652402//180007
PAGO
:61:081222C000000001000,00NTRF000083652973//180007
PAGO
:61:081222C000000000050,00NTRF000083653091//180007
PAGO
:61:081222C000000000250,00NTRF000083653301//180007
PAGO
:61:081222C000000003000,00NTRF000083655235//180007
PAGO
:61:081222C000000000900,00NTRF000083640465//180007
PAGO
:61:081222C000000000235,00NTRF000083641740//180007
PAGO
:62M:C081222VEF000022233549,41
-}{5:{CHK:1143FB20924B}}{S:{COP:S}}${1:F21VZCRVECAAXXX5410610696}{4:{177:0404021720}{451:0}}{1:F01VZCRVECAAXXX5410610696}{2:09501717040402VZCRVECAAXXX40812675430404021720N}{3:{108:SCONNECT}}{4:
:20:MI081222
:25:2222222222
:28C:0524/113
:60M:C081222VEF000022233549,41
:61:081222C000000002000,00NTRF000083641843//180007
PAGO
:61:081222C000000000169,00NTRF000083641902//180007
PAGO
:61:081222C000000005000,00NTRF000083658945//180007
PAGO
:61:081222C000000000800,00NTRF000083659472//180007
PAGO
:61:081222C000000000355,00NTRF000083659936//180007
PAGO
:61:081222C000000000850,00NTRF000000000000//180007
PAGO
:61:081222C000000000920,00NTRF000056206082//180007
PAGO
:61:081222C000000002000,00NTRF000056119839//180007
PAGO
:61:081222C000000000180,00NTRF000056017127//180007
PAGO
:62M:C081222VEF000022245823,41
-}{5:{CHK:1143FB20924B}}{S:{COP:S}}${1:F21VZCRVECAAXXX5410610696}{4:{177:0404021720}{451:0}}{1:F01VZCRVECAAXXX5410610696}{2:09501717040402VZCRVECAAXXX40812675430404021720N}{3:{108:SCONNECT}}{4:
:20:MI081222
:25:2222222222
:28C:0524/114
:60M:C081222VEF000022245823,41
:61:081222C000000000037,37NTRF000056009814//180007
PAGO
:61:081222C000000003000,00NTRF000056203256//180007
PAGO
:61:081222C000000000250,00NTRF000056165825//180007
PAGO
:61:081222C000000000125,00NTRF000056102352//180007
PAGO
:61:081222C000000000833,50NTRF000056089549//180007
PAGO
:61:081222C000000001000,00NTRF000056079986//180007
PAGO
:61:081222C000000000240,56NTRF000056185422//180007
PAGO
:61:081222C000000014400,00NTRF000056018256//180007
PAGO
:61:081222C000000000500,00NTRF000056036894//180007
PAGO
:62M:C081222VEF000022266209,84
-}{5:{CHK:1143FB20924B}}{S:{COP:S}}${1:F21VZCRVECAAXXX5410610696}{4:{177:0404021720}{451:0}}{1:F01VZCRVECAAXXX5410610696}{2:09501717040402VZCRVECAAXXX40812675430404021720N}{3:{108:SCONNECT}}{4:
:20:MI081222
:25:2222222222
:28C:0524/115
:60M:C081222VEF000022266209,84
:61:081222C000000001789,00NTRF000056149440//180007
PAGO
:61:081222C000000000280,00NTRF000000411563//180007
PAGO
:61:081222C000000002000,00NTRF000000411321//180007
PAGO
:61:081222C000000002860,00NTRF000000411195//180007
PAGO
:61:081222C000000002000,00NTRF000000411124//180007
PAGO
:61:081222C000000000457,00NTRF000000411091//180007
PAGO
:61:081222C000000000594,00NTRF000000411197//180007
PAGO
:61:081222C000000000395,00NTRF000000411640//180007
PAGO
:61:081222C000000000300,00NTRF000000411694//180007
PAGO
:62M:C081222VEF000022276884,84
-}{5:{CHK:1143FB20924B}}{S:{COP:S}}${1:F21VZCRVECAAXXX5410610696}{4:{177:0404021720}{451:0}}{1:F01VZCRVECAAXXX5410610696}{2:09501717040402VZCRVECAAXXX40812675430404021720N}{3:{108:SCONNECT}}{4:
:20:MI081222
:25:2222222222
:28C:0524/116
:60M:C081222VEF000022276884,84
:61:081222C000000002000,00NTRF000000411950//180007
PAGO
:61:081222C000000000150,00NTRF000000411960//180007
PAGO
:61:081222C000000000055,00NTRF000000411944//180007
PAGO
:61:081222C000000000500,00NTRF000000411785//180007
PAGO
:61:081222C000000000234,00NTRF000000411791//180007
PAGO
:61:081222C000000002765,01NTRF000000411696//180007
PAGO
:61:081222C000000000270,00NTRF000000412161//180007
PAGO
:61:081222C000000015000,00NTRF000000412008//180007
PAGO
:61:081222C000000001000,00NTRF000000412235//180007
PAGO
:62M:C081222VEF000022298858,85
-}{5:{CHK:1143FB20924B}}{S:{COP:S}}${1:F21VZCRVECAAXXX5410610696}{4:{177:0404021720}{451:0}}{1:F01VZCRVECAAXXX5410610696}{2:09501717040402VZCRVECAAXXX40812675430404021720N}{3:{108:SCONNECT}}{4:
:20:MI081222
:25:2222222222
:28C:0524/117
:60M:C081222VEF000022298858,85
:61:081222C000000000450,00NTRF000000410572//180007
PAGO
:61:081222C000000003000,00NTRF000000410356//180007
PAGO
:61:081222C000000037659,16NTRF000000410240//180007
PAGO
:61:081222C000000001500,00NTRF000000410242//180007
PAGO
:61:081222C000000001000,00NTRF000000410205//180007
PAGO
:61:081222C000000035707,68NTRF000000410075//180007
PAGO
:61:081222C000000001585,94NTRF000000410080//180007
PAGO
:61:081222C000000003000,00NTRF000000409334//180007
PAGO
:61:081222C000000005000,00NTRF000000408496//180007
PAGO
:62M:C081222VEF000022387761,63
-}{5:{CHK:1143FB20924B}}{S:{COP:S}}${1:F21VZCRVECAAXXX5410610696}{4:{177:0404021720}{451:0}}{1:F01VZCRVECAAXXX5410610696}{2:09501717040402VZCRVECAAXXX40812675430404021720N}{3:{108:SCONNECT}}{4:
:20:MI081222
:25:2222222222
:28C:0524/118
:60M:C081222VEF000022387761,63
:61:081222C000000001375,17NTRF000000410289//180007
PAGO
:61:081222C000000000150,00NTRF000000410361//180007
PAGO
:61:081222C000000002700,00NTRF000000410675//180007
PAGO
:61:081222C000000001300,00NTRF000000285829//180007
PAGO
:61:081222C000000000130,00NTRF000000285830//180007
PAGO
:61:081222C000000007500,00NTRF000000284745//180007
PAGO
:61:081222C000000000700,00NTRF000000284421//180007
PAGO
:61:081222C000000002000,00NTRF000000284778//180007
PAGO
:61:081222C000000003500,00NTRF000000284775//180007
PAGO
:62M:C081222VEF000022407116,80
-}{5:{CHK:1143FB20924B}}{S:{COP:S}}${1:F21VZCRVECAAXXX5410610696}{4:{177:0404021720}{451:0}}{1:F01VZCRVECAAXXX5410610696}{2:09501717040402VZCRVECAAXXX40812675430404021720N}{3:{108:SCONNECT}}{4:
:20:MI081222
:25:2222222222
:28C:0524/119
:60M:C081222VEF000022407116,80
:61:081222C000000002000,00NTRF000000285506//180007
PAGO
:61:081222C000000000100,00NTRF000000286047//180007
PAGO
:61:081222C000000000120,00NTRF000000117651//180007
PAGO
:61:081222C000000001900,00NTRF000000117579//180007
PAGO
:61:081222C000000001550,00NTRF000000117578//180007
PAGO
:61:081222C000000001500,00NTRF000000117557//180007
PAGO
:61:081222C000000333420,28NTRF000000116120//180007
PAGO
:61:081222C000000006000,00NTRF000000116643//180007
PAGO
:61:081222C000000000370,00NTRF000000116627//180007
PAGO
:62M:C081222VEF000022754077,08
-}{5:{CHK:1143FB20924B}}{S:{COP:S}}${1:F21VZCRVECAAXXX5410610696}{4:{177:0404021720}{451:0}}{1:F01VZCRVECAAXXX5410610696}{2:09501717040402VZCRVECAAXXX40812675430404021720N}{3:{108:SCONNECT}}{4:
:20:MI081222
:25:2222222222
:28C:0524/120
:60M:C081222VEF000022754077,08
:61:081222C000000001000,00NTRF000000116584//180007
PAGO
:61:081222C000000000700,00NTRF000000116535//180007
PAGO
:61:081222C000000000170,00NTRF000000116508//180007
PAGO
:61:081222C000000000250,00NTRF000000116479//180007
PAGO
:61:081222C000000002700,00NTRF000000116489//180007
PAGO
:61:081222C000000015000,00NTRF000000116421//180007
PAGO
:61:081222C000000015000,00NTRF000000116395//180007
PAGO
:61:081222C000000001200,00NTRF000000116172//180007
PAGO
:61:081222C000000001500,00NTRF000000116161//180007
PAGO
:62M:C081222VEF000022791597,08
-}{5:{CHK:1143FB20924B}}{S:{COP:S}}${1:F21VZCRVECAAXXX5410610696}{4:{177:0404021720}{451:0}}{1:F01VZCRVECAAXXX5410610696}{2:09501717040402VZCRVECAAXXX40812675430404021720N}{3:{108:SCONNECT}}{4:
:20:MI081222
:25:2222222222
:28C:0524/121
:60M:C081222VEF000022791597,08
:61:081222C000000005895,46NTRF000000117482//180007
PAGO
:61:081222C000000000500,00NTRF000000117418//180007
PAGO
:61:081222C000000003800,00NTRF000000117399//180007
PAGO
:61:081222C000000000204,37NTRF000000117322//180007
PAGO
:61:081222C000000004600,00NTRF000000117209//180007
PAGO
:61:081222C000000000640,00NTRF000000117164//180007
PAGO
:61:081222C000000001600,00NTRF000000117038//180007
PAGO
:61:081222C000000000110,00NTRF000000117045//180007
PAGO
:61:081222C000000003000,00NTRF000000116968//180007
PAGO
:62M:C081222VEF000022811946,91
-}{5:{CHK:1143FB20924B}}{S:{COP:S}}${1:F21VZCRVECAAXXX5410610696}{4:{177:0404021720}{451:0}}{1:F01VZCRVECAAXXX5410610696}{2:09501717040402VZCRVECAAXXX40812675430404021720N}{3:{108:SCONNECT}}{4:
:20:MI081222
:25:2222222222
:28C:0524/122
:60M:C081222VEF000022811946,91
:61:081222C000000000998,50NTRF000000116941//180007
PAGO
:61:081222C000000001000,00NTRF000000116912//180007
PAGO
:61:081222C000000003000,00NTRF000000116132//180007
PAGO
:61:081222C000000000135,00NTRF000000550965//180007
PAGO
:61:081222C000000019751,15NTRF000000550941//180007
PAGO
:61:081222C000000000500,00NTRF000000550574//180007
PAGO
:61:081222C000000000050,00NTRF000000550459//180007
PAGO
:61:081222C000000004000,00NTRF000000550301//180007
PAGO
:61:081222C000000000100,00NTRF000000549959//180007
PAGO
:62M:C081222VEF000022841481,56
-}{5:{CHK:1143FB20924B}}{S:{COP:S}}${1:F21VZCRVECAAXXX5410610696}{4:{177:0404021720}{451:0}}{1:F01VZCRVECAAXXX5410610696}{2:09501717040402VZCRVECAAXXX40812675430404021720N}{3:{108:SCONNECT}}{4:
:20:MI081222
:25:2222222222
:28C:0524/123
:60M:C081222VEF000022841481,56
:61:081222C000000000600,00NTRF000000549813//180007
PAGO
:61:081222C000000002700,00NTRF000000549495//180007
PAGO
:61:081222C000000001600,00NTRF000000550094//180007
PAGO
:61:081222C000000005000,00NTRF000000550300//180007
PAGO
:61:081222C000000000500,00NTRF000000550573//180007
PAGO
:61:081222C000000001000,00NTRF000000550598//180007
PAGO
:61:081222C000000000300,00NTRF000000551035//180007
PAGO
:61:081222C000000002500,00NTRF000000000018//180007
PAGO
:61:081222C000000000300,00NTRF000000002542//180007
PAGO
:62M:C081222VEF000022855981,56
-}{5:{CHK:1143FB20924B}}{S:{COP:S}}${1:F21VZCRVECAAXXX5410610696}{4:{177:0404021720}{451:0}}{1:F01VZCRVECAAXXX5410610696}{2:09501717040402VZCRVECAAXXX40812675430404021720N}{3:{108:SCONNECT}}{4:
:20:MI081222
:25:2222222222
:28C:0524/124
:60M:C081222VEF000022855981,56
:61:081222C000000003300,00NTRF000000002076//180007
PAGO
:61:081222C000000001500,00NTRF000000002139//180007
PAGO
:61:081222C000000001000,00NTRF000000002524//180007
PAGO
:61:081222C000000000743,07NTRF000000001741//180007
PAGO
:61:081222C000000000120,00NTRF000000001645//180007
PAGO
:61:081222C000000015469,08NTRF000000001731//180007
PAGO
:61:081222C000000000282,00NTRF000000002541//180007
PAGO
:61:081222C000000000200,00NTRF000000096418//180007
PAGO
:61:081222C000000000342,09NTRF000000096185//180007
PAGO
:62M:C081222VEF000022878937,80
-}{5:{CHK:1143FB20924B}}{S:{COP:S}}${1:F21VZCRVECAAXXX5410610696}{4:{177:0404021720}{451:0}}{1:F01VZCRVECAAXXX5410610696}{2:09501717040402VZCRVECAAXXX40812675430404021720N}{3:{108:SCONNECT}}{4:
:20:MI081222
:25:2222222222
:28C:0524/125
:60M:C081222VEF000022878937,80
:61:081222C000000001036,00NTRF000000096140//180007
PAGO
:61:081222C000000000750,00NTRF000000096042//180007
PAGO
:61:081222C000000000430,00NTRF000000095818//180007
PAGO
:61:081222C000000020000,00NTRF000000095758//180007
PAGO
:61:081222C000000000200,00NTRF000000095737//180007
PAGO
:61:081222C000000006626,28NTRF000000095694//180007
PAGO
:61:081222C000000004000,00NTRF000000095337//180007
PAGO
:61:081222C000000000300,00NTRF000000095281//180007
PAGO
:61:081222C000000008500,00NTRF000000095141//180007
PAGO
:62M:C081222VEF000022920780,08
-}{5:{CHK:1143FB20924B}}{S:{COP:S}}${1:F21VZCRVECAAXXX5410610696}{4:{177:0404021720}{451:0}}{1:F01VZCRVECAAXXX5410610696}{2:09501717040402VZCRVECAAXXX40812675430404021720N}{3:{108:SCONNECT}}{4:
:20:MI081222
:25:2222222222
:28C:0524/126
:60M:C081222VEF000022920780,08
:61:081222C000000003000,00NTRF000000095035//180007
PAGO
:61:081222C000000001000,00NTRF000000095023//180007
PAGO
:61:081222C000000001000,00NTRF000000095013//180007
PAGO
:61:081222C000000000500,00NTRF000000094928//180007
PAGO
:61:081222C000000008000,00NTRF000000094913//180007
PAGO
:61:081222C000000001500,00NTRF000000094922//180007
PAGO
:61:081222C000000005000,00NTRF000000094906//180007
PAGO
:61:081222C000000000150,00NTRF000000094757//180007
PAGO
:61:081222C000000000836,54NTRF000000095813//180007
PAGO
:62M:C081222VEF000022941766,62
-}{5:{CHK:1143FB20924B}}{S:{COP:S}}${1:F21VZCRVECAAXXX5410610696}{4:{177:0404021720}{451:0}}{1:F01VZCRVECAAXXX5410610696}{2:09501717040402VZCRVECAAXXX40812675430404021720N}{3:{108:SCONNECT}}{4:
:20:MI081222
:25:2222222222
:28C:0524/127
:60M:C081222VEF000022941766,62
:61:081222C000000000050,00NTRF000000096037//180007
PAGO
:61:081222C000000000339,74NTRF000000096149//180007
PAGO
:61:081222C000000001400,00NTRF000000096310//180007
PAGO
:61:081222C000000000160,00NTRF000000096437//180007
PAGO
:61:081222C000000000750,00NTRF000000096505//180007
PAGO
:61:081222C000000000800,00NTRF000000096458//180007
PAGO
:61:081222C000000001750,00NTRF000000096528//180007
PAGO
:61:081222C000000002262,88NTRF000000873317//180007
PAGO
:61:081222C000000001400,40NTRF000000871987//180007
PAGO
:62M:C081222VEF000022950679,64
-}{5:{CHK:1143FB20924B}}{S:{COP:S}}${1:F21VZCRVECAAXXX5410610696}{4:{177:0404021720}{451:0}}{1:F01VZCRVECAAXXX5410610696}{2:09501717040402VZCRVECAAXXX40812675430404021720N}{3:{108:SCONNECT}}{4:
:20:MI081222
:25:2222222222
:28C:0524/128
:60M:C081222VEF000022950679,64
:61:081222C000000025000,00NTRF000000874374//180007
PAGO
:61:081222C000000005000,00NTRF000000121735//180007
PAGO
:61:081222C000000000250,00NTRF000000121736//180007
PAGO
:61:081222C000000000900,00NTRF000000092372//180007
PAGO
:61:081222C000000001000,00NTRF000000092025//180007
PAGO
:61:081222C000000000601,00NTRF000000091907//180007
PAGO
:61:081222C000000005000,00NTRF000000122452//180007
PAGO
:61:081222C000000005000,00NTRF000000122351//180007
PAGO
:61:081222C000000002000,00NTRF000000122318//180007
PAGO
:62M:C081222VEF000022995430,64
-}{5:{CHK:1143FB20924B}}{S:{COP:S}}${1:F21VZCRVECAAXXX5410610696}{4:{177:0404021720}{451:0}}{1:F01VZCRVECAAXXX5410610696}{2:09501717040402VZCRVECAAXXX40812675430404021720N}{3:{108:SCONNECT}}{4:
:20:MI081222
:25:2222222222
:28C:0524/129
:60M:C081222VEF000022995430,64
:61:081222C000000001440,00NTRF000000122299//180007
PAGO
:61:081222C000000001250,00NTRF000000122199//180007
PAGO
:61:081222C000000001000,00NTRF000000122169//180007
PAGO
:61:081222C000000000764,00NTRF000000122052//180007
PAGO
:61:081222C000000005000,00NTRF000000122013//180007
PAGO
:61:081222C000000000407,77NTRF000000121938//180007
PAGO
:61:081222C000000001000,00NTRF000000121843//180007
PAGO
:61:081222C000000001205,00NTRF000000122505//180007
PAGO
:61:081222C000000002600,00NTRF000003096409//180007
PAGO
:62M:C081222VEF000023010097,41
-}{5:{CHK:1143FB20924B}}{S:{COP:S}}${1:F21VZCRVECAAXXX5410610696}{4:{177:0404021720}{451:0}}{1:F01VZCRVECAAXXX5410610696}{2:09501717040402VZCRVECAAXXX40812675430404021720N}{3:{108:SCONNECT}}{4:
:20:MI081222
:25:2222222222
:28C:0524/130
:60M:C081222VEF000023010097,41
:61:081222C000000004500,00NTRF000003094738//180007
PAGO
:61:081222C000000025000,00NTRF000003092048//180007
PAGO
:61:081222C000000010000,00NTRF000003094675//180007
PAGO
:61:081222C000000010000,00NTRF000003092075//180007
PAGO
:61:081222C000000010000,00NTRF000003094718//180007
PAGO
:61:081222C000000025000,00NTRF000003092064//180007
PAGO
:61:081222C000000006061,00NTRF000003088325//180007
PAGO
:61:081222C000000000200,00NTRF000003094435//180007
PAGO
:61:081222C000000012800,00NTRF000000000066//180007
PAGO
:62M:C081222VEF000023113658,41
-}{5:{CHK:1143FB20924B}}{S:{COP:S}}${1:F21VZCRVECAAXXX5410610696}{4:{177:0404021720}{451:0}}{1:F01VZCRVECAAXXX5410610696}{2:09501717040402VZCRVECAAXXX40812675430404021720N}{3:{108:SCONNECT}}{4:
:20:MI081222
:25:2222222222
:28C:0524/131
:60M:C081222VEF000023113658,41
:61:081222C000000000020,00NTRF000030409304//180007
PAGO
:61:081222C000000002938,82NTRF000001697631//180007
PAGO
:61:081222C000000008012,69NTRF000001687646//180007
PAGO
:61:081222C000000000800,00NTRF000027669349//180007
PAGO
:61:081222C000000000319,00NTRF000050068851//180007
PAGO
:61:081222C000000000200,00NTRF000050068852//180007
PAGO
:61:081222C000000002000,00NTRF000050068850//180007
PAGO
:61:081222C000000006500,00NTRF000000051002//180007
PAGO
:61:081222C000000002255,62NTRF000000031024//180007
PAGO
:62M:C081222VEF000023136704,54
-}{5:{CHK:1143FB20924B}}{S:{COP:S}}${1:F21VZCRVECAAXXX5410610696}{4:{177:0404021720}{451:0}}{1:F01VZCRVECAAXXX5410610696}{2:09501717040402VZCRVECAAXXX40812675430404021720N}{3:{108:SCONNECT}}{4:
:20:MI081222
:25:2222222222
:28C:0524/132
:60M:C081222VEF000023136704,54
:61:081222C000000000008,00NTRF000000000104//180007
PAGO
:61:081222C000000000090,00NTRF000000000000//180007
PAGO
:61:081222C000000000450,00NTRF000027667714//180007
PAGO
:61:081222C000000000300,00NTRF000027665311//180007
PAGO
:61:081222C000000001100,00NTRF000027664937//180007
PAGO
:61:081222C000000009978,58NTRF000081222070//180007
PAGO
:61:081222C000000000085,00NTRF000036817000//180007
PAGO
:61:081222C000000005000,00NTRF000036712000//180007
PAGO
:61:081222C000000000650,00NTRF000036797000//180007
PAGO
:62M:C081222VEF000023154366,12
-}{5:{CHK:1143FB20924B}}{S:{COP:S}}${1:F21VZCRVECAAXXX5410610696}{4:{177:0404021720}{451:0}}{1:F01VZCRVECAAXXX5410610696}{2:09501717040402VZCRVECAAXXX40812675430404021720N}{3:{108:SCONNECT}}{4:
:20:MI081222
:25:2222222222
:28C:0524/133
:60M:C081222VEF000023154366,12
:61:081222C000000001176,00NTRF000036861000//180007
PAGO
:61:081222C000000000230,00NTRF000000341213//180007
PAGO
:61:081222C000000002000,00NTRF000000341794//180007
PAGO
:61:081222C000000000199,14NTRF000000341423//180007
PAGO
:61:081222C000000005000,00NTRF000000341534//180007
PAGO
:61:081222C000000000300,00NTRF000000341602//180007
PAGO
:61:081222C000000012000,00NTRF000000341624//180007
PAGO
:61:081222C000000006000,00NTRF000000341440//180007
PAGO
:61:081222C000000002000,00NTRF000000341410//180007
PAGO
:62M:C081222VEF000023183271,26
-}{5:{CHK:1143FB20924B}}{S:{COP:S}}${1:F21VZCRVECAAXXX5410610696}{4:{177:0404021720}{451:0}}{1:F01VZCRVECAAXXX5410610696}{2:09501717040402VZCRVECAAXXX40812675430404021720N}{3:{108:SCONNECT}}{4:
:20:MI081222
:25:2222222222
:28C:0524/134
:60M:C081222VEF000023183271,26
:61:081222C000000003000,00NTRF000000341288//180007
PAGO
:61:081222C000000000050,00NTRF000000341285//180007
PAGO
:61:081222C000000000320,00NTRF000000341797//180007
PAGO
:61:081222C000000012000,00NTRF000000341872//180007
PAGO
:61:081222C000000001000,00NTRF000000340740//180007
PAGO
:61:081222C000000010000,00NTRF000000340765//180007
PAGO
:61:081222C000000002100,00NTRF000000340774//180007
PAGO
:61:081222C000000035198,82NTRF000000340815//180007
PAGO
:61:081222C000000000600,00NTRF000000340636//180007
PAGO
:62M:C081222VEF000023247540,08
-}{5:{CHK:1143FB20924B}}{S:{COP:S}}${1:F21VZCRVECAAXXX5410610696}{4:{177:0404021720}{451:0}}{1:F01VZCRVECAAXXX5410610696}{2:09501717040402VZCRVECAAXXX40812675430404021720N}{3:{108:SCONNECT}}{4:
:20:MI081222
:25:2222222222
:28C:0524/135
:60M:C081222VEF000023247540,08
:61:081222C000000001176,64NTRF000000340677//180007
PAGO
:61:081222C000000000080,00NTRF000000340697//180007
PAGO
:61:081222C000000001202,55NTRF000000340711//180007
PAGO
:61:081222C000000010000,00NTRF000000339853//180007
PAGO
:61:081222C000000010000,00NTRF000000339855//180007
PAGO
:61:081222C000000002000,00NTRF000000339857//180007
PAGO
:61:081222C000000001000,00NTRF000000339879//180007
PAGO
:61:081222C000000000500,00NTRF000000325797//180007
PAGO
:61:081222C000000000128,62NTRF000000327766//180007
PAGO
:62M:C081222VEF000023273627,89
-}{5:{CHK:1143FB20924B}}{S:{COP:S}}${1:F21VZCRVECAAXXX5410610696}{4:{177:0404021720}{451:0}}{1:F01VZCRVECAAXXX5410610696}{2:09501717040402VZCRVECAAXXX40812675430404021720N}{3:{108:SCONNECT}}{4:
:20:MI081222
:25:2222222222
:28C:0524/136
:60M:C081222VEF000023273627,89
:61:081222C000000001913,98NTRF000000327891//180007
PAGO
:61:081222C000000000180,00NTRF000000328042//180007
PAGO
:61:081222C000000002893,00NTRF000000329489//180007
PAGO
:61:081222C000000001278,00NTRF000000329502//180007
PAGO
:61:081222C000000002200,00NTRF000000330614//180007
PAGO
:61:081222C000000000567,00NTRF000000331548//180007
PAGO
:61:081222C000002000000,00NTRF000000321705//180007
PAGO
:61:081222C000000000775,00NTRF000000322035//180007
PAGO
:61:081222C000000035293,95NTRF000000322187//180007
PAGO
:62M:C081222VEF000025318728,82
-}{5:{CHK:1143FB20924B}}{S:{COP:S}}${1:F21VZCRVECAAXXX5410610696}{4:{177:0404021720}{451:0}}{1:F01VZCRVECAAXXX5410610696}{2:09501717040402VZCRVECAAXXX40812675430404021720N}{3:{108:SCONNECT}}{4:
:20:MI081222
:25:2222222222
:28C:0524/137
:60M:C081222VEF000025318728,82
:61:081222C000000001080,00NTRF000000322743//180007
PAGO
:61:081222C000000100000,00NTRF000000322930//180007
PAGO
:61:081222C000000038490,75NTRF000000323731//180007
PAGO
:61:081222C000000047597,38NTRF000000332163//180007
PAGO
:61:081222C000000001000,00NTRF000000333926//180007
PAGO
:61:081222C000000000360,04NTRF000000335161//180007
PAGO
:61:081222C000000004000,00NTRF000000339832//180007
PAGO
:61:081222C000000003000,00NTRF000000339848//180007
PAGO
:61:081222C000000018458,45NTRF000000302949//180007
PAGO
:62M:C081222VEF000025532715,44
-}{5:{CHK:1143FB20924B}}{S:{COP:S}}${1:F21VZCRVECAAXXX5410610696}{4:{177:0404021720}{451:0}}{1:F01VZCRVECAAXXX5410610696}{2:09501717040402VZCRVECAAXXX40812675430404021720N}{3:{108:SCONNECT}}{4:
:20:MI081222
:25:2222222222
:28C:0524/138
:60M:C081222VEF000025532715,44
:61:081222C000000050000,00NTRF000000321256//180007
PAGO
:61:081222C000000067000,00NTRF000000321496//180007
PAGO
:61:081222C000000050000,00NTRF000000321553//180007
PAGO
:61:081222C000000001000,00NTRF000000339923//180007
PAGO
:61:081222C000000010800,00NTRF000000339957//180007
PAGO
:61:081222C000000001000,00NTRF000000339981//180007
PAGO
:61:081222C000000000900,00NTRF000000339982//180007
PAGO
:61:081222C000000001000,00NTRF000000339993//180007
PAGO
:61:081222C000000000675,00NTRF000000340100//180007
PAGO
:62M:C081222VEF000025715090,44
-}{5:{CHK:1143FB20924B}}{S:{COP:S}}${1:F21VZCRVECAAXXX5410610696}{4:{177:0404021720}{451:0}}{1:F01VZCRVECAAXXX5410610696}{2:09501717040402VZCRVECAAXXX40812675430404021720N}{3:{108:SCONNECT}}{4:
:20:MI081222
:25:2222222222
:28C:0524/139
:60M:C081222VEF000025715090,44
:61:081222C000000025000,00NTRF000000340143//180007
PAGO
:61:081222C000000015000,00NTRF000000340159//180007
PAGO
:61:081222C000000000190,00NTRF000000340178//180007
PAGO
:61:081222C000000000110,00NTRF000000340247//180007
PAGO
:61:081222C000000000700,00NTRF000000340250//180007
PAGO
:61:081222C000000000328,00NTRF000000340306//180007
PAGO
:61:081222C000000000800,00NTRF000000340413//180007
PAGO
:61:081222C000000000550,00NTRF000000340432//180007
PAGO
:61:081222C000000000500,00NTRF000000340465//180007
PAGO
:62M:C081222VEF000025758268,44
-}{5:{CHK:1143FB20924B}}{S:{COP:S}}${1:F21VZCRVECAAXXX5410610696}{4:{177:0404021720}{451:0}}{1:F01VZCRVECAAXXX5410610696}{2:09501717040402VZCRVECAAXXX40812675430404021720N}{3:{108:SCONNECT}}{4:
:20:MI081222
:25:2222222222
:28C:0524/140
:60M:C081222VEF000025758268,44
:61:081222C000000000200,00NTRF000000340470//180007
PAGO
:61:081222C000000000250,00NTRF000000340477//180007
PAGO
:61:081222C000000000550,00NTRF000000340502//180007
PAGO
:61:081222C000000001500,00NTRF000000340840//180007
PAGO
:61:081222C000000002340,00NTRF000000340851//180007
PAGO
:61:081222C000000000400,00NTRF000000340889//180007
PAGO
:61:081222C000000005000,00NTRF000000340916//180007
PAGO
:61:081222C000000000400,00NTRF000000340948//180007
PAGO
:61:081222C000000001500,00NTRF000000341011//180007
PAGO
:62M:C081222VEF000025770408,44
-}{5:{CHK:1143FB20924B}}{S:{COP:S}}${1:F21VZCRVECAAXXX5410610696}{4:{177:0404021720}{451:0}}{1:F01VZCRVECAAXXX5410610696}{2:09501717040402VZCRVECAAXXX40812675430404021720N}{3:{108:SCONNECT}}{4:
:20:MI081222
:25:2222222222
:28C:0524/141
:60M:C081222VEF000025770408,44
:61:081222C000000001000,00NTRF000000341067//180007
PAGO
:61:081222C000000000100,00NTRF000000341179//180007
PAGO
:61:081222C000000001000,00NTRF000000533870//180007
PAGO
:61:081222C000000002553,06NTRF000000091444//180007
PAGO
:61:081222C000000005343,00NTRF000081222013//180007
PAGO
:61:081222C000000000982,50NTRF000081222002//180007
PAGO
:61:081222C000000001467,98NTRF000081222014//180007
PAGO
:61:081222C000000000282,82NTRF000081222027//180007
PAGO
:61:081222C000000005100,00NTRF000079000003//180007
PAGO
:62M:C081222VEF000025788237,80
-}{5:{CHK:1143FB20924B}}{S:{COP:S}}${1:F21VZCRVECAAXXX5410610696}{4:{177:0404021720}{451:0}}{1:F01VZCRVECAAXXX5410610696}{2:09501717040402VZCRVECAAXXX40812675430404021720N}{3:{108:SCONNECT}}{4:
:20:MI081222
:25:2222222222
:28C:0524/142
:60M:C081222VEF000025788237,80
:61:081222C000000000132,00NTRF000000000000//180007
PAGO
:61:081222C000000001770,00NTRF000000537437//180007
PAGO
:61:081222C000000003000,00NTRF000000537516//180007
PAGO
:61:081222C000000014000,00NTRF000000537461//180007
PAGO
:61:081222C000000000100,00NTRF000000537368//180007
PAGO
:61:081222C000000000615,47NTRF000000091016//180007
PAGO
:61:081222C000000175509,66NTRF000000090954//180007
PAGO
:61:081222C000000178778,82NTRF000000090946//180007
PAGO
:61:081222C000000810914,43NTRF000000090952//180007
PAGO
:62M:C081222VEF000026973058,18
-}{5:{CHK:1143FB20924B}}{S:{COP:S}}${1:F21VZCRVECAAXXX5410610696}{4:{177:0404021720}{451:0}}{1:F01VZCRVECAAXXX5410610696}{2:09501717040402VZCRVECAAXXX40812675430404021720N}{3:{108:SCONNECT}}{4:
:20:MI081222
:25:2222222222
:28C:0524/143
:60M:C081222VEF000026973058,18
:61:081222C000000005483,00NTRF000022122008//180007
PAGO
:61:081222C000000000100,00NTRF000022122008//180007
PAGO
:61:081222C000000010750,00NTRF000022122008//180007
PAGO
:61:081222C000000000200,00NTRF000022122008//180007
PAGO
:61:081222C000000000300,00NTRF000022122008//180007
PAGO
:61:081222C000000000719,00NTRF000022122008//180007
PAGO
:61:081222C000000000113,90NTRF000022122008//180007
PAGO
:61:081222C000000001000,00NTRF000022122008//180007
PAGO
:61:081222C000000000120,00NTRF000038136600//180007
PAGO
:62M:C081222VEF000026991844,08
-}{5:{CHK:1143FB20924B}}{S:{COP:S}}${1:F21VZCRVECAAXXX5410610696}{4:{177:0404021720}{451:0}}{1:F01VZCRVECAAXXX5410610696}{2:09501717040402VZCRVECAAXXX40812675430404021720N}{3:{108:SCONNECT}}{4:
:20:MI081222
:25:2222222222
:28C:0524/144
:60M:C081222VEF000026991844,08
:61:081222C000000005000,00NTRF000000000000//180007
PAGO
:61:081222C000000004800,00NTRF000000000000//180007
PAGO
:61:081222C000000002000,00NTRF000000000000//180007
PAGO
:61:081222C000000000250,00NTRF000000000097//180007
PAGO
:61:081222C000000000250,00NTRF000000000991//180007
PAGO
:61:081222C000000010000,00NTRF000027659381//180007
PAGO
:61:081222C000000002963,00NTRF000027659928//180007
PAGO
:61:081222C000000000500,00NTRF000027658939//180007
PAGO
:61:081222C000000000300,00NTRF000027658941//180007
PAGO
:62M:C081222VEF000027017907,08
-}{5:{CHK:1143FB20924B}}{S:{COP:S}}${1:F21VZCRVECAAXXX5410610696}{4:{177:0404021720}{451:0}}{1:F01VZCRVECAAXXX5410610696}{2:09501717040402VZCRVECAAXXX40812675430404021720N}{3:{108:SCONNECT}}{4:
:20:MI081222
:25:2222222222
:28C:0524/145
:60M:C081222VEF000027017907,08
:61:081222C000000006000,00NTRF000027660061//180007
PAGO
:61:081222C000000017000,00NTRF000027661052//180007
PAGO
:61:081222C000000000897,00NTRF000027661368//180007
PAGO
:61:081222C000000002500,00NTRF000027661383//180007
PAGO
:61:081222C000000001000,00NTRF000027658940//180007
PAGO
:61:081222C000000001300,00NTRF000027659386//180007
PAGO
:61:081222C000000001500,00NTRF000027659506//180007
PAGO
:61:081222C000000002000,00NTRF000027659826//180007
PAGO
:61:081222C000000000137,50NTRF000000456757//180007
PAGO
:62M:C081222VEF000027050241,58
-}{5:{CHK:1143FB20924B}}{S:{COP:S}}${1:F21VZCRVECAAXXX5410610696}{4:{177:0404021720}{451:0}}{1:F01VZCRVECAAXXX5410610696}{2:09501717040402VZCRVECAAXXX40812675430404021720N}{3:{108:SCONNECT}}{4:
:20:MI081222
:25:2222222222
:28C:0524/146
:60M:C081222VEF000027050241,58
:61:081222C000000004000,00NTRF000000335380//180007
PAGO
:61:081222C000000000850,00NTRF000000230786//180007
PAGO
:61:081222C000000000400,00NTRF000000286720//180007
PAGO
:61:081222C000000004000,00NTRF000000205706//180007
PAGO
:61:081222C000000005000,00NTRF000000344741//180007
PAGO
:61:081222C000000020000,00NTRF000000380332//180007
PAGO
:61:081222C000000006661,00NTRF000000345787//180007
PAGO
:61:081222C000000000250,00NTRF000000262381//180007
PAGO
:61:081222C000000000250,00NTRF000000262543//180007
PAGO
:62M:C081222VEF000027091652,58
-}{5:{CHK:1143FB20924B}}{S:{COP:S}}${1:F21VZCRVECAAXXX5410610696}{4:{177:0404021720}{451:0}}{1:F01VZCRVECAAXXX5410610696}{2:09501717040402VZCRVECAAXXX40812675430404021720N}{3:{108:SCONNECT}}{4:
:20:MI081222
:25:2222222222
:28C:0524/147
:60M:C081222VEF000027091652,58
:61:081222C000000003000,00NTRF000000381663//180007
PAGO
:61:081222C000000005000,00NTRF000000344702//180007
PAGO
:61:081222C000000002206,00NTRF000000087938//180007
PAGO
:61:081222C000000125409,89NTRF000000086045//180007
PAGO
:61:081222C000000000090,00NTRF000000086742//180007
PAGO
:61:081222C000000015000,00NTRF000000086675//180007
PAGO
:61:081222C000000000380,00NTRF000000086655//180007
PAGO
:61:081222C000000000331,00NTRF000000087900//180007
PAGO
:61:081222C000000002000,00NTRF000000087814//180007
PAGO
:62M:C081222VEF000027245069,47
-}{5:{CHK:1143FB20924B}}{S:{COP:S}}${1:F21VZCRVECAAXXX5410610696}{4:{177:0404021720}{451:0}}{1:F01VZCRVECAAXXX5410610696}{2:09501717040402VZCRVECAAXXX40812675430404021720N}{3:{108:SCONNECT}}{4:
:20:MI081222
:25:2222222222
:28C:0524/148
:60M:C081222VEF000027245069,47
:61:081222C000000000341,00NTRF000000087509//180007
PAGO
:61:081222C000000004340,00NTRF000000087487//180007
PAGO
:61:081222C000000005830,00NTRF000000087104//180007
PAGO
:61:081222C000000000200,00NTRF000000087092//180007
PAGO
:61:081222C000000000200,00NTRF000000087093//180007
PAGO
:61:081222C000000000100,00NTRF000000087042//180007
PAGO
:61:081222C000000009833,85NTRF000000086022//180007
PAGO
:61:081222C000000193269,86NTRF000000086028//180007
PAGO
:61:081222C000000073205,91NTRF000000086029//180007
PAGO
:62M:C081222VEF000027532390,09
-}{5:{CHK:1143FB20924B}}{S:{COP:S}}${1:F21VZCRVECAAXXX5410610696}{4:{177:0404021720}{451:0}}{1:F01VZCRVECAAXXX5410610696}{2:09501717040402VZCRVECAAXXX40812675430404021720N}{3:{108:SCONNECT}}{4:
:20:MI081222
:25:2222222222
:28C:0524/149
:60M:C081222VEF000027532390,09
:61:081222C000000731819,89NTRF000000086030//180007
PAGO
:61:081222C000000066364,05NTRF000000086031//180007
PAGO
:61:081222C000000020518,91NTRF000000086032//180007
PAGO
:61:081222C000000001000,00NTRF000000083970//180007
PAGO
:61:081222C000000001000,00NTRF000000083971//180007
PAGO
:61:081222C000000000330,00NTRF000000083683//180007
PAGO
:61:081222C000000002000,00NTRF000000083603//180007
PAGO
:61:081222C000000004000,00NTRF000000083239//180007
PAGO
:61:081222C000000000400,00NTRF000000087598//180007
PAGO
:62M:C081222VEF000028359822,94
-}{5:{CHK:1143FB20924B}}{S:{COP:S}}${1:F21VZCRVECAAXXX5410610696}{4:{177:0404021720}{451:0}}{1:F01VZCRVECAAXXX5410610696}{2:09501717040402VZCRVECAAXXX40812675430404021720N}{3:{108:SCONNECT}}{4:
:20:MI081222
:25:2222222222
:28C:0524/150
:60M:C081222VEF000028359822,94
:61:081222C000000002000,00NTRF000000087219//180007
PAGO
:61:081222C000000002000,00NTRF000000086169//180007
PAGO
:61:081222C000000000110,00NTRF000000086153//180007
PAGO
:61:081222C000000000200,00NTRF000000086117//180007
PAGO
:61:081222C000000000930,00NTRF000000086077//180007
PAGO
:61:081222C000000001101,75NTRF000000086035//180007
PAGO
:61:081222C000000030416,37NTRF000000086039//180007
PAGO
:61:081222C000000000040,00NTRF000000083096//180007
PAGO
:61:081222C000000004810,00NTRF000000083014//180007
PAGO
:62M:C081222VEF000028401431,06
-}{5:{CHK:1143FB20924B}}{S:{COP:S}}${1:F21VZCRVECAAXXX5410610696}{4:{177:0404021720}{451:0}}{1:F01VZCRVECAAXXX5410610696}{2:09501717040402VZCRVECAAXXX40812675430404021720N}{3:{108:SCONNECT}}{4:
:20:MI081222
:25:2222222222
:28C:0524/151
:60M:C081222VEF000028401431,06
:61:081222C000000002500,00NTRF000000082935//180007
PAGO
:61:081222C000000000180,00NTRF000000082851//180007
PAGO
:61:081222C000000004000,00NTRF000000082842//180007
PAGO
:61:081222C000000000120,00NTRF000000082800//180007
PAGO
:61:081222C000000001000,00NTRF000000082802//180007
PAGO
:61:081222C000000001000,00NTRF000000082805//180007
PAGO
:61:081222C000000001300,00NTRF000000082573//180007
PAGO
:61:081222C000000002000,00NTRF000000082555//180007
PAGO
:61:081222C000000000500,00NTRF000000082471//180007
PAGO
:62M:C081222VEF000028414031,06
-}{5:{CHK:1143FB20924B}}{S:{COP:S}}${1:F21VZCRVECAAXXX5410610696}{4:{177:0404021720}{451:0}}{1:F01VZCRVECAAXXX5410610696}{2:09501717040402VZCRVECAAXXX40812675430404021720N}{3:{108:SCONNECT}}{4:
:20:MI081222
:25:2222222222
:28C:0524/152
:60M:C081222VEF000028414031,06
:61:081222C000000000500,00NTRF000000082473//180007
PAGO
:61:081222C000000001000,00NTRF000000082383//180007
PAGO
:61:081222C000000005700,00NTRF000000082349//180007
PAGO
:61:081222C000000000100,00NTRF000000082263//180007
PAGO
:61:081222C000000000364,00NTRF000000082732//180007
PAGO
:61:081222C000000002500,00NTRF000000082521//180007
PAGO
:61:081222C000000002000,00NTRF000000082505//180007
PAGO
:61:081222C000000002000,00NTRF000000082806//180007
PAGO
:61:081222C000000001000,00NTRF000000082784//180007
PAGO
:62M:C081222VEF000028429195,06
-}{5:{CHK:1143FB20924B}}{S:{COP:S}}${1:F21VZCRVECAAXXX5410610696}{4:{177:0404021720}{451:0}}{1:F01VZCRVECAAXXX5410610696}{2:09501717040402VZCRVECAAXXX40812675430404021720N}{3:{108:SCONNECT}}{4:
:20:MI081222
:25:2222222222
:28C:0524/153
:60M:C081222VEF000028429195,06
:61:081222C000000000500,00NTRF000000082785//180007
PAGO
:61:081222C000000001500,00NTRF000000082780//180007
PAGO
:61:081222C000000001500,00NTRF000000082781//180007
PAGO
:61:081222C000000000400,00NTRF000000082678//180007
PAGO
:61:081222C000000000250,00NTRF000000082679//180007
PAGO
:61:081222C000000002000,00NTRF000000082597//180007
PAGO
:61:081222C000000005500,00NTRF000000082598//180007
PAGO
:61:081222C000000277164,99NTRF000000086040//180007
PAGO
:61:081222C000000000620,00NTRF000000083959//180007
PAGO
:62M:C081222VEF000028718630,05
-}{5:{CHK:1143FB20924B}}{S:{COP:S}}${1:F21VZCRVECAAXXX5410610696}{4:{177:0404021720}{451:0}}{1:F01VZCRVECAAXXX5410610696}{2:09501717040402VZCRVECAAXXX40812675430404021720N}{3:{108:SCONNECT}}{4:
:20:MI081222
:25:2222222222
:28C:0524/154
:60M:C081222VEF000028718630,05
:61:081222C000000000133,32NTRF000000083830//180007
PAGO
:61:081222C000000000600,00NTRF000000083818//180007
PAGO
:61:081222C000000001500,00NTRF000000083383//180007
PAGO
:61:081222C000000000214,00NTRF000000083344//180007
PAGO
:61:081222C000000010000,00NTRF000000083340//180007
PAGO
:61:081222C000000000140,00NTRF000000083317//180007
PAGO
:61:081222C000000001800,00NTRF000000083137//180007
PAGO
:61:081222C000000009640,00NTRF000000087004//180007
PAGO
:61:081222C000000000200,00NTRF000000086991//180007
PAGO
:62M:C081222VEF000028742857,37
-}{5:{CHK:1143FB20924B}}{S:{COP:S}}${1:F21VZCRVECAAXXX5410610696}{4:{177:0404021720}{451:0}}{1:F01VZCRVECAAXXX5410610696}{2:09501717040402VZCRVECAAXXX40812675430404021720N}{3:{108:SCONNECT}}{4:
:20:MI081222
:25:2222222222
:28C:0524/155
:60M:C081222VEF000028742857,37
:61:081222C000000000100,00NTRF000000086942//180007
PAGO
:61:081222C000000000430,00NTRF000000086920//180007
PAGO
:61:081222C000000000202,00NTRF000000086580//180007
PAGO
:61:081222C000000000800,00NTRF000000086563//180007
PAGO
:61:081222C000000001250,00NTRF000000086443//180007
PAGO
:61:081222C000000002260,00NTRF000000086407//180007
PAGO
:61:081222C000000000150,00NTRF000000086329//180007
PAGO
:61:081222C000000000400,00NTRF000000083293//180007
PAGO
:61:081222C000000002500,00NTRF000000083294//180007
PAGO
:62M:C081222VEF000028750949,37
-}{5:{CHK:1143FB20924B}}{S:{COP:S}}${1:F21VZCRVECAAXXX5410610696}{4:{177:0404021720}{451:0}}{1:F01VZCRVECAAXXX5410610696}{2:09501717040402VZCRVECAAXXX40812675430404021720N}{3:{108:SCONNECT}}{4:
:20:MI081222
:25:2222222222
:28C:0524/156
:60M:C081222VEF000028750949,37
:61:081222C000000015000,00NTRF000000083297//180007
PAGO
:61:081222C000000066761,25NTRF000000087946//180007
PAGO
:61:081222C000000812747,68NTRF000000088322//180007
PAGO
:61:081222C000000000444,00NTRF000000041826//180007
PAGO
:61:081222C000000000540,00NTRF000000041581//180007
PAGO
:61:081222C000000001500,00NTRF000000041567//180007
PAGO
:61:081222C000000003440,00NTRF000000041399//180007
PAGO
:61:081222C000000000400,00NTRF000000041336//180007
PAGO
:61:081222C000000000400,00NTRF000000041329//180007
PAGO
:62M:C081222VEF000029652182,30
-}{5:{CHK:1143FB20924B}}{S:{COP:S}}${1:F21VZCRVECAAXXX5410610696}{4:{177:0404021720}{451:0}}{1:F01VZCRVECAAXXX5410610696}{2:09501717040402VZCRVECAAXXX40812675430404021720N}{3:{108:SCONNECT}}{4:
:20:MI081222
:25:2222222222
:28C:0524/157
:60M:C081222VEF000029652182,30
:61:081222C000000003000,00NTRF000000041255//180007
PAGO
:61:081222C000000000615,00NTRF000000041078//180007
PAGO
:61:081222C000000001020,00NTRF000000040996//180007
PAGO
:61:081222C000000001300,00NTRF000000040965//180007
PAGO
:61:081222C000000002000,00NTRF000000040933//180007
PAGO
:61:081222C000000001500,00NTRF000000040908//180007
PAGO
:61:081222C000000011500,00NTRF000000040871//180007
PAGO
:61:081222C000000305135,23NTRF000000040792//180007
PAGO
:61:081222C000000000110,00NTRF000000041725//180007
PAGO
:62M:C081222VEF000029978362,53
-}{5:{CHK:1143FB20924B}}{S:{COP:S}}${1:F21VZCRVECAAXXX5410610696}{4:{177:0404021720}{451:0}}{1:F01VZCRVECAAXXX5410610696}{2:09501717040402VZCRVECAAXXX40812675430404021720N}{3:{108:SCONNECT}}{4:
:20:MI081222
:25:2222222222
:28C:0524/158
:60M:C081222VEF000029978362,53
:61:081222C000000001500,00NTRF000000041851//180007
PAGO
:61:081222C000000004250,00NTRF000000016197//180007
PAGO
:61:081222C000000003000,00NTRF000000016044//180007
PAGO
:61:081222C000000001680,00NTRF000000016114//180007
PAGO
:61:081222C000000000642,00NTRF000000016109//180007
PAGO
:61:081222C000000001200,00NTRF000000016103//180007
PAGO
:61:081222C000000002700,00NTRF000000041947//180007
PAGO
:61:081222C000000002500,00NTRF000000041948//180007
PAGO
:61:081222C000000002700,00NTRF000000041949//180007
PAGO
:62M:C081222VEF000029998534,53
-}{5:{CHK:1143FB20924B}}{S:{COP:S}}${1:F21VZCRVECAAXXX5410610696}{4:{177:0404021720}{451:0}}{1:F01VZCRVECAAXXX5410610696}{2:09501717040402VZCRVECAAXXX40812675430404021720N}{3:{108:SCONNECT}}{4:
:20:MI081222
:25:2222222222
:28C:0524/159
:60M:C081222VEF000029998534,53
:61:081222C000000002700,00NTRF000000041950//180007
PAGO
:61:081222C000000000250,00NTRF000000016048//180007
PAGO
:61:081222C000000003000,00NTRF000000016043//180007
PAGO
:61:081222C000000001000,00NTRF000000015998//180007
PAGO
:61:081222C000000000500,00NTRF000000015936//180007
PAGO
:61:081222C000000001500,00NTRF000000015792//180007
PAGO
:61:081222C000000009400,00NTRF000000015662//180007
PAGO
:61:081222C000000001000,00NTRF000000015579//180007
PAGO
:61:081222C000000000450,00NTRF000000015580//180007
PAGO
:62M:C081222VEF000030018334,53
-}{5:{CHK:1143FB20924B}}{S:{COP:S}}${1:F21VZCRVECAAXXX5410610696}{4:{177:0404021720}{451:0}}{1:F01VZCRVECAAXXX5410610696}{2:09501717040402VZCRVECAAXXX40812675430404021720N}{3:{108:SCONNECT}}{4:
:20:MI081222
:25:2222222222
:28C:0524/160
:60M:C081222VEF000030018334,53
:61:081222C000000001100,00NTRF000000015564//180007
PAGO
:61:081222C000000000700,00NTRF000000015518//180007
PAGO
:61:081222C000000000200,00NTRF000000016234//180007
PAGO
:61:081222C000000013475,00NTRF000000040700//180007
PAGO
:61:081222C000000004000,00NTRF000000040681//180007
PAGO
:61:081222C000000008000,00NTRF000000040690//180007
PAGO
:61:081222C000000002040,50NTRF000000040680//180007
PAGO
:61:081222C000000000900,00NTRF000000040704//180007
PAGO
:61:081222C000000064844,13NTRF000000040751//180007
PAGO
:62M:C081222VEF000030113594,16
-}{5:{CHK:1143FB20924B}}{S:{COP:S}}${1:F21VZCRVECAAXXX5410610696}{4:{177:0404021720}{451:0}}{1:F01VZCRVECAAXXX5410610696}{2:09501717040402VZCRVECAAXXX40812675430404021720N}{3:{108:SCONNECT}}{4:
:20:MI081222
:25:2222222222
:28C:0524/161
:60M:C081222VEF000030113594,16
:61:081222C000000003500,00NTRF000000040229//180007
PAGO
:61:081222C000000010000,00NTRF000000040016//180007
PAGO
:61:081222C000000001000,00NTRF000000039969//180007
PAGO
:61:081222C000000000300,00NTRF000000039905//180007
PAGO
:61:081222C000000000830,00NTRF000000039755//180007
PAGO
:61:081222C000000002011,50NTRF000000039577//180007
PAGO
:61:081222C000000015000,00NTRF000000039457//180007
PAGO
:61:081222C000000008446,00NTRF000000040675//180007
PAGO
:61:081222C000000004810,00NTRF000000040539//180007
PAGO
:62M:C081222VEF000030159491,66
-}{5:{CHK:1143FB20924B}}{S:{COP:S}}${1:F21VZCRVECAAXXX5410610696}{4:{177:0404021720}{451:0}}{1:F01VZCRVECAAXXX5410610696}{2:09501717040402VZCRVECAAXXX40812675430404021720N}{3:{108:SCONNECT}}{4:
:20:MI081222
:25:2222222222
:28C:0524/162
:60M:C081222VEF000030159491,66
:61:081222C000000017000,00NTRF000000040524//180007
PAGO
:61:081222C000000002300,00NTRF000000040511//180007
PAGO
:61:081222C000000001000,00NTRF000000040380//180007
PAGO
:61:081222C000000000215,22NTRF000000040381//180007
PAGO
:61:081222C000000015000,00NTRF000000040332//180007
PAGO
:61:081222C000000000260,00NTRF000000040302//180007
PAGO
:61:081222C000000003800,00NTRF000000040307//180007
PAGO
:61:081222C000000016308,00NTRF000000040192//180007
PAGO
:61:081222C000000001013,00NTRF000000040167//180007
PAGO
:62M:C081222VEF000030216387,88
-}{5:{CHK:1143FB20924B}}{S:{COP:S}}${1:F21VZCRVECAAXXX5410610696}{4:{177:0404021720}{451:0}}{1:F01VZCRVECAAXXX5410610696}{2:09501717040402VZCRVECAAXXX40812675430404021720N}{3:{108:SCONNECT}}{4:
:20:MI081222
:25:2222222222
:28C:0524/163
:60M:C081222VEF000030216387,88
:61:081222C000000002877,27NTRF000000040127//180007
PAGO
:61:081222C000000003400,00NTRF000000040104//180007
PAGO
:61:081222C000000005000,00NTRF000000040096//180007
PAGO
:61:081222C000001304506,86NTRF000000040752//180007
PAGO
:61:081222C000000002278,79NTRF000000016853//180007
PAGO
:61:081222C000000000005,00NTRF000000016840//180007
PAGO
:61:081222C000000001745,41NTRF000000016930//180007
PAGO
:61:081222C000000005000,00NTRF000000016751//180007
PAGO
:61:081222C000000001018,00NTRF000000016742//180007
PAGO
:62M:C081222VEF000031542219,21
-}{5:{CHK:1143FB20924B}}{S:{COP:S}}${1:F21VZCRVECAAXXX5410610696}{4:{177:0404021720}{451:0}}{1:F01VZCRVECAAXXX5410610696}{2:09501717040402VZCRVECAAXXX40812675430404021720N}{3:{108:SCONNECT}}{4:
:20:MI081222
:25:2222222222
:28C:0524/164
:60M:C081222VEF000031542219,21
:61:081222C000000003340,00NTRF000000016743//180007
PAGO
:61:081222C000000000670,00NTRF000000016386//180007
PAGO
:61:081222C000000001000,00NTRF000000016378//180007
PAGO
:61:081222C000000000400,00NTRF000000016380//180007
PAGO
:61:081222C000000007984,25NTRF000000016280//180007
PAGO
:61:081222C000000001800,00NTRF000000016267//180007
PAGO
:61:081222C000000000200,00NTRF000000016942//180007
PAGO
:61:081222C000000000600,00NTRF000000039171//180007
PAGO
:61:081222C000000004800,00NTRF000000039083//180007
PAGO
:62M:C081222VEF000031563013,46
-}{5:{CHK:1143FB20924B}}{S:{COP:S}}${1:F21VZCRVECAAXXX5410610696}{4:{177:0404021720}{451:0}}{1:F01VZCRVECAAXXX5410610696}{2:09501717040402VZCRVECAAXXX40812675430404021720N}{3:{108:SCONNECT}}{4:
:20:MI081222
:25:2222222222
:28C:0524/165
:60M:C081222VEF000031563013,46
:61:081222C000000003600,00NTRF000000038851//180007
PAGO
:61:081222C000000000250,00NTRF000000038955//180007
PAGO
:61:081222C000000000230,00NTRF000000039188//180007
PAGO
:61:081222C000000000600,00NTRF000000039298//180007
PAGO
:61:081222C000000000474,23NTRF000000036824//180007
PAGO
:61:081222C000000000270,00NTRF000000036748//180007
PAGO
:61:081222C000000007000,00NTRF000000036729//180007
PAGO
:61:081222C000000000160,86NTRF000000036794//180007
PAGO
:61:081222C000000000779,35NTRF000000036805//180007
PAGO
:62M:C081222VEF000031576377,90
-}{5:{CHK:1143FB20924B}}{S:{COP:S}}${1:F21VZCRVECAAXXX5410610696}{4:{177:0404021720}{451:0}}{1:F01VZCRVECAAXXX5410610696}{2:09501717040402VZCRVECAAXXX40812675430404021720N}{3:{108:SCONNECT}}{4:
:20:MI081222
:25:2222222222
:28C:0524/166
:60M:C081222VEF000031576377,90
:61:081222C000000001000,00NTRF000000036706//180007
PAGO
:61:081222C000000001500,00NTRF000000036601//180007
PAGO
:61:081222C000000003381,09NTRF000000035403//180007
PAGO
:61:081222C000000000430,00NTRF000000036548//180007
PAGO
:61:081222C000000001558,13NTRF000000036474//180007
PAGO
:61:081222C000000000218,00NTRF000000036393//180007
PAGO
:61:081222C000000000500,00NTRF000000036336//180007
PAGO
:61:081222C000000001123,19NTRF000000036073//180007
PAGO
:61:081222C000000003200,74NTRF000000036036//180007
PAGO
:62M:C081222VEF000031589289,05
-}{5:{CHK:1143FB20924B}}{S:{COP:S}}${1:F21VZCRVECAAXXX5410610696}{4:{177:0404021720}{451:0}}{1:F01VZCRVECAAXXX5410610696}{2:09501717040402VZCRVECAAXXX40812675430404021720N}{3:{108:SCONNECT}}{4:
:20:MI081222
:25:2222222222
:28C:0524/167
:60M:C081222VEF000031589289,05
:61:081222C000000002000,78NTRF000000036019//180007
PAGO
:61:081222C000000007000,00NTRF000000035901//180007
PAGO
:61:081222C000000001256,86NTRF000000026974//180007
PAGO
:61:081222C000000001600,00NTRF000000026905//180007
PAGO
:61:081222C000000000379,80NTRF000000026870//180007
PAGO
:61:081222C000000000072,00NTRF000000026694//180007
PAGO
:61:081222C000000000250,00NTRF000000026546//180007
PAGO
:61:081222C000000000400,00NTRF000000026497//180007
PAGO
:61:081222C000000001000,00NTRF000000026441//180007
PAGO
:62M:C081222VEF000031603248,49
-}{5:{CHK:1143FB20924B}}{S:{COP:S}}${1:F21VZCRVECAAXXX5410610696}{4:{177:0404021720}{451:0}}{1:F01VZCRVECAAXXX5410610696}{2:09501717040402VZCRVECAAXXX40812675430404021720N}{3:{108:SCONNECT}}{4:
:20:MI081222
:25:2222222222
:28C:0524/168
:60M:C081222VEF000031603248,49
:61:081222C000000003870,00NTRF000000026444//180007
PAGO
:61:081222C000000001675,63NTRF000000026425//180007
PAGO
:61:081222C000000000846,93NTRF000000035892//180007
PAGO
:61:081222C000000000620,24NTRF000000035753//180007
PAGO
:61:081222C000000000100,00NTRF000000035392//180007
PAGO
:61:081222C000000001600,00NTRF000000035379//180007
PAGO
:61:081222C000000000180,00NTRF000000035315//180007
PAGO
:61:081222C000000004900,00NTRF000000035288//180007
PAGO
:61:081222C000000015000,00NTRF000000035142//180007
PAGO
:62M:C081222VEF000031632041,29
-}{5:{CHK:1143FB20924B}}{S:{COP:S}}${1:F21VZCRVECAAXXX5410610696}{4:{177:0404021720}{451:0}}{1:F01VZCRVECAAXXX5410610696}{2:09501717040402VZCRVECAAXXX40812675430404021720N}{3:{108:SCONNECT}}{4:
:20:MI081222
:25:2222222222
:28C:0524/169
:60M:C081222VEF000031632041,29
:61:081222C000000000200,00NTRF000000035063//180007
PAGO
:61:081222C000000001000,00NTRF000000035042//180007
PAGO
:61:081222C000000002556,52NTRF000000026426//180007
PAGO
:61:081222C000000000130,00NTRF000000026357//180007
PAGO
:61:081222C000000001597,12NTRF000000026295//180007
PAGO
:61:081222C000000001000,00NTRF000000026296//180007
PAGO
:61:081222C000000002000,00NTRF000000026275//180007
PAGO
:61:081222C000000000500,00NTRF000000026185//180007
PAGO
:61:081222C000000003300,00NTRF000000026188//180007
PAGO
:62M:C081222VEF000031644324,93
-}{5:{CHK:1143FB20924B}}{S:{COP:S}}${1:F21VZCRVECAAXXX5410610696}{4:{177:0404021720}{451:0}}{1:F01VZCRVECAAXXX5410610696}{2:09501717040402VZCRVECAAXXX40812675430404021720N}{3:{108:SCONNECT}}{4:
:20:MI081222
:25:2222222222
:28C:0524/170
:60M:C081222VEF000031644324,93
:61:081222C000000000500,00NTRF000000025864//180007
PAGO
:61:081222C000000000200,00NTRF000000025703//180007
PAGO
:61:081222C000000000500,00NTRF000000025677//180007
PAGO
:61:081222C000000001364,00NTRF000000025568//180007
PAGO
:61:081222C000000002650,00NTRF000000025521//180007
PAGO
:61:081222C000000006000,00NTRF000000025410//180007
PAGO
:61:081222C000000015000,00NTRF000000017345//180007
PAGO
:61:081222C000000000500,00NTRF000000017301//180007
PAGO
:61:081222C000000002200,00NTRF000000017303//180007
PAGO
:62M:C081222VEF000031673238,93
-}{5:{CHK:1143FB20924B}}{S:{COP:S}}${1:F21VZCRVECAAXXX5410610696}{4:{177:0404021720}{451:0}}{1:F01VZCRVECAAXXX5410610696}{2:09501717040402VZCRVECAAXXX40812675430404021720N}{3:{108:SCONNECT}}{4:
:20:MI081222
:25:2222222222
:28C:0524/171
:60M:C081222VEF000031673238,93
:61:081222C000000000100,00NTRF000000017271//180007
PAGO
:61:081222C000000000142,50NTRF000000017264//180007
PAGO
:61:081222C000000001000,00NTRF000000017222//180007
PAGO
:61:081222C000000001000,00NTRF000000017142//180007
PAGO
:61:081222C000000000315,00NTRF000000026097//180007
PAGO
:61:081222C000000003247,77NTRF000000026081//180007
PAGO
:61:081222C000000002707,65NTRF000000026082//180007
PAGO
:61:081222C000000002500,00NTRF000000026084//180007
PAGO
:61:081222C000000000087,00NTRF000000026060//180007
PAGO
:62M:C081222VEF000031684338,85
-}{5:{CHK:1143FB20924B}}{S:{COP:S}}${1:F21VZCRVECAAXXX5410610696}{4:{177:0404021720}{451:0}}{1:F01VZCRVECAAXXX5410610696}{2:09501717040402VZCRVECAAXXX40812675430404021720N}{3:{108:SCONNECT}}{4:
:20:MI081222
:25:2222222222
:28C:0524/172
:60M:C081222VEF000031684338,85
:61:081222C000000000625,00NTRF000000025938//180007
PAGO
:61:081222C000000000180,00NTRF000000025918//180007
PAGO
:61:081222C000000003000,00NTRF000000025922//180007
PAGO
:61:081222C000000000142,00NTRF000000025900//180007
PAGO
:61:081222C000000006000,00NTRF000000036576//180007
PAGO
:61:081222C000000000200,00NTRF000000036694//180007
PAGO
:61:081222C000000000100,00NTRF000000036851//180007
PAGO
:61:081222C000000021050,36NTRF000000080178//180007
PAGO
:61:081222C000002153017,16NTRF000000074474//180007
PAGO
:62M:C081222VEF000033868653,37
-}{5:{CHK:1143FB20924B}}{S:{COP:S}}${1:F21VZCRVECAAXXX5410610696}{4:{177:0404021720}{451:0}}{1:F01VZCRVECAAXXX5410610696}{2:09501717040402VZCRVECAAXXX40812675430404021720N}{3:{108:SCONNECT}}{4:
:20:MI081222
:25:2222222222
:28C:0524/173
:60M:C081222VEF000033868653,37
:61:081222C000000000230,00NTRF000000071077//180007
PAGO
:61:081222C000000000620,00NTRF000000070986//180007
PAGO
:61:081222C000000002500,00NTRF000000070921//180007
PAGO
:61:081222C000000000450,00NTRF000000070860//180007
PAGO
:61:081222C000000000580,00NTRF000000070597//180007
PAGO
:61:081222C000000000800,00NTRF000000070546//180007
PAGO
:61:081222C000000000300,00NTRF000000070548//180007
PAGO
:61:081222C000000001200,00NTRF000000070540//180007
PAGO
:61:081222C000000001000,00NTRF000000070369//180007
PAGO
:62M:C081222VEF000033876333,37
-}{5:{CHK:1143FB20924B}}{S:{COP:S}}${1:F21VZCRVECAAXXX5410610696}{4:{177:0404021720}{451:0}}{1:F01VZCRVECAAXXX5410610696}{2:09501717040402VZCRVECAAXXX40812675430404021720N}{3:{108:SCONNECT}}{4:
:20:MI081222
:25:2222222222
:28C:0524/174
:60M:C081222VEF000033876333,37
:61:081222C000000000333,33NTRF000000070356//180007
PAGO
:61:081222C000000001800,00NTRF000000070363//180007
PAGO
:61:081222C000000001000,00NTRF000000070367//180007
PAGO
:61:081222C000000013500,00NTRF000000070348//180007
PAGO
:61:081222C000000000500,00NTRF000000070298//180007
PAGO
:61:081222C000000002600,00NTRF000000070182//180007
PAGO
:61:081222C000000001283,00NTRF000000070160//180007
PAGO
:61:081222C000000002606,30NTRF000000068261//180007
PAGO
:61:081222C000000002606,30NTRF000000068262//180007
PAGO
:62M:C081222VEF000033902562,30
-}{5:{CHK:1143FB20924B}}{S:{COP:S}}${1:F21VZCRVECAAXXX5410610696}{4:{177:0404021720}{451:0}}{1:F01VZCRVECAAXXX5410610696}{2:09501717040402VZCRVECAAXXX40812675430404021720N}{3:{108:SCONNECT}}{4:
:20:MI081222
:25:2222222222
:28C:0524/175
:60M:C081222VEF000033902562,30
:61:081222C000000000410,00NTRF000000068237//180007
PAGO
:61:081222C000000000100,00NTRF000000068182//180007
PAGO
:61:081222C000000002000,00NTRF000000068116//180007
PAGO
:61:081222C000000001000,00NTRF000000068037//180007
PAGO
:61:081222C000000000800,00NTRF000000068010//180007
PAGO
:61:081222C000000003200,00NTRF000000067839//180007
PAGO
:61:081222C000000000500,00NTRF000000062029//180007
PAGO
:61:081222C000000001000,00NTRF000000069929//180007
PAGO
:61:081222C000000000250,00NTRF000000070038//180007
PAGO
:62M:C081222VEF000033911822,30
-}{5:{CHK:1143FB20924B}}{S:{COP:S}}${1:F21VZCRVECAAXXX5410610696}{4:{177:0404021720}{451:0}}{1:F01VZCRVECAAXXX5410610696}{2:09501717040402VZCRVECAAXXX40812675430404021720N}{3:{108:SCONNECT}}{4:
:20:MI081222
:25:2222222222
:28C:0524/176
:60M:C081222VEF000033911822,30
:61:081222C000000000070,00NTRF000000070646//180007
PAGO
:61:081222C000000000630,00NTRF000000070429//180007
PAGO
:61:081222C000000001500,00NTRF000000068499//180007
PAGO
:61:081222C000000004000,00NTRF000000068440//180007
PAGO
:61:081222C000000003670,00NTRF000000068397//180007
PAGO
:61:081222C000000001000,00NTRF000000068226//180007
PAGO
:61:081222C000000002219,68NTRF000000070398//180007
PAGO
:61:081222C000000001000,00NTRF000000068717//180007
PAGO
:61:081222C000000006345,00NTRF000000061843//180007
PAGO
:62M:C081222VEF000033932256,98
-}{5:{CHK:1143FB20924B}}{S:{COP:S}}${1:F21VZCRVECAAXXX5410610696}{4:{177:0404021720}{451:0}}{1:F01VZCRVECAAXXX5410610696}{2:09501717040402VZCRVECAAXXX40812675430404021720N}{3:{108:SCONNECT}}{4:
:20:MI081222
:25:2222222222
:28C:0524/177
:60M:C081222VEF000033932256,98
:61:081222C000000010500,00NTRF000000061729//180007
PAGO
:61:081222C000000000600,00NTRF000000061686//180007
PAGO
:61:081222C000000001500,00NTRF000000061609//180007
PAGO
:61:081222C000000000500,00NTRF000000061009//180007
PAGO
:61:081222C000000005500,00NTRF000000061015//180007
PAGO
:61:081222C000000000750,00NTRF000000060985//180007
PAGO
:61:081222C000000000100,00NTRF000000060991//180007
PAGO
:61:081222C000000000096,00NTRF000000060873//180007
PAGO
:61:081222C000000000200,00NTRF000000060790//180007
PAGO
:62M:C081222VEF000033952002,98
-}{5:{CHK:1143FB20924B}}{S:{COP:S}}${1:F21VZCRVECAAXXX5410610696}{4:{177:0404021720}{451:0}}{1:F01VZCRVECAAXXX5410610696}{2:09501717040402VZCRVECAAXXX40812675430404021720N}{3:{108:SCONNECT}}{4:
:20:MI081222
:25:2222222222
:28C:0524/178
:60M:C081222VEF000033952002,98
:61:081222C000000006500,00NTRF000000060786//180007
PAGO
:61:081222C000000001000,00NTRF000000060724//180007
PAGO
:61:081222C000000007000,00NTRF000000060665//180007
PAGO
:61:081222C000000003000,00NTRF000000061610//180007
PAGO
:61:081222C000000009000,00NTRF000000061614//180007
PAGO
:61:081222C000000000250,00NTRF000000061325//180007
PAGO
:61:081222C000000003505,95NTRF000000061264//180007
PAGO
:61:081222C000000000500,00NTRF000000061232//180007
PAGO
:61:081222C000000007000,00NTRF000000061217//180007
PAGO
:62M:C081222VEF000033989758,93
-}{5:{CHK:1143FB20924B}}{S:{COP:S}}${1:F21VZCRVECAAXXX5410610696}{4:{177:0404021720}{451:0}}{1:F01VZCRVECAAXXX5410610696}{2:09501717040402VZCRVECAAXXX40812675430404021720N}{3:{108:SCONNECT}}{4:
:20:MI081222
:25:2222222222
:28C:0524/179
:60M:C081222VEF000033989758,93
:61:081222C000000003000,00NTRF000000061212//180007
PAGO
:61:081222C000000003300,00NTRF000000061107//180007
PAGO
:61:081222C000000000150,00NTRF000000061073//180007
PAGO
:61:081222C000000005500,00NTRF000000070792//180007
PAGO
:61:081222C000000002300,00NTRF000000070922//180007
PAGO
:61:081222C000000005500,00NTRF000000070935//180007
PAGO
:61:081222C000000000480,00NTRF000000071038//180007
PAGO
:61:081222C000000001050,00NTRF000000071512//180007
PAGO
:61:081222C000000000280,00NTRF000000071540//180007
PAGO
:62M:C081222VEF000034011318,93
-}{5:{CHK:1143FB20924B}}{S:{COP:S}}${1:F21VZCRVECAAXXX5410610696}{4:{177:0404021720}{451:0}}{1:F01VZCRVECAAXXX5410610696}{2:09501717040402VZCRVECAAXXX40812675430404021720N}{3:{108:SCONNECT}}{4:
:20:MI081222
:25:2222222222
:28C:0524/180
:60M:C081222VEF000034011318,93
:61:081222C000000000405,48NTRF000000073518//180007
PAGO
:61:081222C000000000700,00NTRF000000059715//180007
PAGO
:61:081222C000000015520,00NTRF000000059508//180007
PAGO
:61:081222C000000000405,00NTRF000000059506//180007
PAGO
:61:081222C000000000935,00NTRF000000059698//180007
PAGO
:61:081222C000000000700,00NTRF000000059036//180007
PAGO
:61:081222C000000000150,00NTRF000000058872//180007
PAGO
:61:081222C000000004466,40NTRF000000058795//180007
PAGO
:61:081222C000000003500,00NTRF000000058729//180007
PAGO
:62M:C081222VEF000034038100,81
-}{5:{CHK:1143FB20924B}}{S:{COP:S}}${1:F21VZCRVECAAXXX5410610696}{4:{177:0404021720}{451:0}}{1:F01VZCRVECAAXXX5410610696}{2:09501717040402VZCRVECAAXXX40812675430404021720N}{3:{108:SCONNECT}}{4:
:20:MI081222
:25:2222222222
:28C:0524/181
:60M:C081222VEF000034038100,81
:61:081222C000000000100,00NTRF000000058695//180007
PAGO
:61:081222C000000010000,00NTRF000000059255//180007
PAGO
:61:081222C000000000600,00NTRF000000059616//180007
PAGO
:61:081222C000000000150,00NTRF000000058109//180007
PAGO
:61:081222C000000000514,00NTRF000000060963//180007
PAGO
:61:081222C000000041506,30NTRF000000059959//180007
PAGO
:61:081222C000000243732,91NTRF000000059970//180007
PAGO
:61:081222C000000001546,27NTRF000000060061//180007
PAGO
:61:081222C000000000900,00NTRF000000060311//180007
PAGO
:62M:C081222VEF000034337150,29
-}{5:{CHK:1143FB20924B}}{S:{COP:S}}${1:F21VZCRVECAAXXX5410610696}{4:{177:0404021720}{451:0}}{1:F01VZCRVECAAXXX5410610696}{2:09501717040402VZCRVECAAXXX40812675430404021720N}{3:{108:SCONNECT}}{4:
:20:MI081222
:25:2222222222
:28C:0524/182
:60M:C081222VEF000034337150,29
:61:081222C000001212243,66NTRF000000059920//180007
PAGO
:61:081222C000000796078,39NTRF000000059857//180007
PAGO
:61:081222C000000024614,66NTRF000000059840//180007
PAGO
:61:081222C000000062637,11NTRF000000059842//180007
PAGO
:61:081222C000000017351,25NTRF000000059830//180007
PAGO
:61:081222C000000033010,82NTRF000000059831//180007
PAGO
:61:081222C000000008975,44NTRF000000059893//180007
PAGO
:61:081222C000000003345,17NTRF000000059876//180007
PAGO
:61:081222C000000040060,00NTRF000000059880//180007
PAGO
:62M:C081222VEF000036535466,79
-}{5:{CHK:1143FB20924B}}{S:{COP:S}}${1:F21VZCRVECAAXXX5410610696}{4:{177:0404021720}{451:0}}{1:F01VZCRVECAAXXX5410610696}{2:09501717040402VZCRVECAAXXX40812675430404021720N}{3:{108:SCONNECT}}{4:
:20:MI081222
:25:2222222222
:28C:0524/183
:60M:C081222VEF000036535466,79
:61:081222C000000124232,50NTRF000000059862//180007
PAGO
:61:081222C000000075459,33NTRF000000059865//180007
PAGO
:61:081222C000000026175,48NTRF000000059867//180007
PAGO
:61:081222C000000089790,42NTRF000000059870//180007
PAGO
:61:081222C000000017975,26NTRF000000059871//180007
PAGO
:61:081222C000000643097,45NTRF000000059849//180007
PAGO
:61:081222C000000057690,00NTRF000000059926//180007
PAGO
:61:081222C000000001400,00NTRF000000060342//180007
PAGO
:61:081222C000000000500,00NTRF000000041330//180007
PAGO
:62M:C081222VEF000037571787,23
-}{5:{CHK:1143FB20924B}}{S:{COP:S}}${1:F21VZCRVECAAXXX5410610696}{4:{177:0404021720}{451:0}}{1:F01VZCRVECAAXXX5410610696}{2:09501717040402VZCRVECAAXXX40812675430404021720N}{3:{108:SCONNECT}}{4:
:20:MI081222
:25:2222222222
:28C:0524/184
:60M:C081222VEF000037571787,23
:61:081222C000000008301,00NTRF000000040855//180007
PAGO
:61:081222C000000000418,00NTRF000000042021//180007
PAGO
:61:081222C000000000300,00NTRF000000041512//180007
PAGO
:61:081222C000000012370,00NTRF000000043895//180007
PAGO
:61:081222C000000000100,00NTRF000000043848//180007
PAGO
:61:081222C000000007000,00NTRF000000043555//180007
PAGO
:61:081222C000000000675,00NTRF000000043444//180007
PAGO
:61:081222C000000005000,00NTRF000000043465//180007
PAGO
:61:081222C000000001000,00NTRF000000043262//180007
PAGO
:62M:C081222VEF000037606951,23
-}{5:{CHK:1143FB20924B}}{S:{COP:S}}${1:F21VZCRVECAAXXX5410610696}{4:{177:0404021720}{451:0}}{1:F01VZCRVECAAXXX5410610696}{2:09501717040402VZCRVECAAXXX40812675430404021720N}{3:{108:SCONNECT}}{4:
:20:MI081222
:25:2222222222
:28C:0524/185
:60M:C081222VEF000037606951,23
:61:081222C000000000300,00NTRF000000043816//180007
PAGO
:61:081222C000000000500,00NTRF000000044325//180007
PAGO
:61:081222C000000000480,00NTRF000000041818//180007
PAGO
:61:081222C000000023201,10NTRF000000040750//180007
PAGO
:61:081222C000000001850,00NTRF000000041418//180007
PAGO
:61:081222C000000000416,67NTRF000000039576//180007
PAGO
:61:081222C000000005000,00NTRF000000042704//180007
PAGO
:61:081222C000000013000,00NTRF000000042507//180007
PAGO
:61:081222C000000000023,50NTRF000000042591//180007
PAGO
:62M:C081222VEF000037651722,50
-}{5:{CHK:1143FB20924B}}{S:{COP:S}}${1:F21VZCRVECAAXXX5410610696}{4:{177:0404021720}{451:0}}{1:F01VZCRVECAAXXX5410610696}{2:09501717040402VZCRVECAAXXX40812675430404021720N}{3:{108:SCONNECT}}{4:
:20:MI081222
:25:2222222222
:28C:0524/186
:60M:C081222VEF000037651722,50
:61:081222C000000000504,00NTRF000000042735//180007
PAGO
:61:081222C000000000374,00NTRF000000058591//180007
PAGO
:61:081222C000000000100,00NTRF000000057941//180007
PAGO
:61:081222C000000001000,00NTRF000000058928//180007
PAGO
:61:081222C000000000300,00NTRF000000058902//180007
PAGO
:61:081222C000000000800,00NTRF000000058547//180007
PAGO
:61:081222C000000000850,20NTRF000000058146//180007
PAGO
:61:081222C000000006000,00NTRF000000058112//180007
PAGO
:61:081222C000000000130,00NTRF000000059507//180007
PAGO
:62M:C081222VEF000037661780,70
-}{5:{CHK:1143FB20924B}}{S:{COP:S}}${1:F21VZCRVECAAXXX5410610696}{4:{177:0404021720}{451:0}}{1:F01VZCRVECAAXXX5410610696}{2:09501717040402VZCRVECAAXXX40812675430404021720N}{3:{108:SCONNECT}}{4:
:20:MI081222
:25:2222222222
:28C:0524/187
:60M:C081222VEF000037661780,70
:61:081222C000000010430,00NTRF000000059509//180007
PAGO
:61:081222C000000000190,00NTRF000000058257//180007
PAGO
:61:081222C000000001005,00NTRF000000058265//180007
PAGO
:61:081222C000000000100,00NTRF000000058484//180007
PAGO
:61:081222C000000001350,00NTRF000000058487//180007
PAGO
:61:081222C000000000380,00NTRF000000058366//180007
PAGO
:61:081222C000000308123,94NTRF000000057922//180007
PAGO
:61:081222C000000000210,00NTRF000000044565//180007
PAGO
:61:081222C000000015000,00NTRF000000044476//180007
PAGO
:62M:C081222VEF000037998569,64
-}{5:{CHK:1143FB20924B}}{S:{COP:S}}${1:F21VZCRVECAAXXX5410610696}{4:{177:0404021720}{451:0}}{1:F01VZCRVECAAXXX5410610696}{2:09501717040402VZCRVECAAXXX40812675430404021720N}{3:{108:SCONNECT}}{4:
:20:MI081222
:25:2222222222
:28C:0524/188
:60M:C081222VEF000037998569,64
:61:081222C000000000866,25NTRF000000058613//180007
PAGO
:61:081222C000000000100,00NTRF000000044167//180007
PAGO
:61:081222C000000003000,00NTRF000000044101//180007
PAGO
:61:081222C000000009600,00NTRF000000043765//180007
PAGO
:61:081222C000000000600,00NTRF000000043547//180007
PAGO
:61:081222C000000001106,00NTRF000000043490//180007
PAGO
:61:081222C000000001500,00NTRF000000043390//180007
PAGO
:61:081222C000000000500,00NTRF000000043271//180007
PAGO
:61:081222C000000001700,00NTRF000000043198//180007
PAGO
:62M:C081222VEF000038017541,89
-}{5:{CHK:1143FB20924B}}{S:{COP:S}}${1:F21VZCRVECAAXXX5410610696}{4:{177:0404021720}{451:0}}{1:F01VZCRVECAAXXX5410610696}{2:09501717040402VZCRVECAAXXX40812675430404021720N}{3:{108:SCONNECT}}{4:
:20:MI081222
:25:2222222222
:28C:0524/189
:60M:C081222VEF000038017541,89
:61:081222C000000000500,00NTRF000000043181//180007
PAGO
:61:081222C000000000200,00NTRF000000042952//180007
PAGO
:61:081222C000000000170,00NTRF000000043492//180007
PAGO
:61:081222C000000000300,00NTRF000000043505//180007
PAGO
:61:081222C000000000080,00NTRF000000043568//180007
PAGO
:61:081222C000000010000,00NTRF000000043869//180007
PAGO
:61:081222C000000002000,00NTRF000000044315//180007
PAGO
:61:081222C000000001389,88NTRF000000044314//180007
PAGO
:61:081222C000000003340,00NTRF000095120001//180007
PAGO
:62M:C081222VEF000038035521,77
-}{5:{CHK:1143FB20924B}}{S:{COP:S}}${1:F21VZCRVECAAXXX5410610696}{4:{177:0404021720}{451:0}}{1:F01VZCRVECAAXXX5410610696}{2:09501717040402VZCRVECAAXXX40812675430404021720N}{3:{108:SCONNECT}}{4:
:20:MI081222
:25:2222222222
:28C:0524/190
:60M:C081222VEF000038035521,77
:61:081222C000000000600,00NTRF000095120001//180007
PAGO
:61:081222C000000000170,00NTRF000095120001//180007
PAGO
:61:081222C000000001817,85NTRF000000012722//180007
PAGO
:61:081222C000000005000,00NTRF000000068081//180007
PAGO
:61:081222C000000003100,00NTRF000000068086//180007
PAGO
:61:081222C000000004678,08NTRF000000012721//180007
PAGO
:61:081222C000000001420,00NTRF000000068132//180007
PAGO
:61:081222C000000005000,00NTRF000000068143//180007
PAGO
:61:081222C000000000334,00NTRF000000172473//180007
PAGO
:62M:C081222VEF000038057641,70
-}{5:{CHK:1143FB20924B}}{S:{COP:S}}${1:F21VZCRVECAAXXX5410610696}{4:{177:0404021720}{451:0}}{1:F01VZCRVECAAXXX5410610696}{2:09501717040402VZCRVECAAXXX40812675430404021720N}{3:{108:SCONNECT}}{4:
:20:MI081222
:25:2222222222
:28C:0524/191
:60M:C081222VEF000038057641,70
:61:081222C000000058943,33NTRF000008001849//180007
PAGO
:61:081222C000000011951,02NTRF000000000804//180007
PAGO
:61:081222C000000000148,25NTRF000000228668//180007
PAGO
:61:081222C000000006470,55NTRF000000102957//180007
PAGO
:61:081222C000000000642,52NTRF000000102959//180007
PAGO
:61:081222C000000000115,00NTRF000000228651//180007
PAGO
:61:081222C000000005754,35NTRF000027912008//180007
PAGO
:61:081222C000000515104,03NTRF000008001912//180007
PAGO
:61:081222C000000027315,00NTRF000008001919//180007
PAGO
:62M:C081222VEF000038684085,75
-}{5:{CHK:1143FB20924B}}{S:{COP:S}}${1:F21VZCRVECAAXXX5410610696}{4:{177:0404021720}{451:0}}{1:F01VZCRVECAAXXX5410610696}{2:09501717040402VZCRVECAAXXX40812675430404021720N}{3:{108:SCONNECT}}{4:
:20:MI081222
:25:2222222222
:28C:0524/192
:60M:C081222VEF000038684085,75
:61:081222C000000000067,12NTRF000027442008//180007
PAGO
:61:081222C000000007155,00NTRF000027752008//180007
PAGO
:61:081222C000000087283,78NTRF000002213538//180007
PAGO
:61:081222C000000000319,77NTRF000000102958//180007
PAGO
:61:081222C000000001230,00NTRF000000102960//180007
PAGO
:61:081222C000000002695,72NTRF000008001909//180007
PAGO
:61:081222C000000000890,00NTRF000000102955//180007
PAGO
:61:081222C000000002347,40NTRF000000102956//180007
PAGO
:61:081222C000000036648,08NTRF000003548080//180007
PAGO
:62M:C081222VEF000038822722,62
-}{5:{CHK:1143FB20924B}}{S:{COP:S}}${1:F21VZCRVECAAXXX5410610696}{4:{177:0404021720}{451:0}}{1:F01VZCRVECAAXXX5410610696}{2:09501717040402VZCRVECAAXXX40812675430404021720N}{3:{108:SCONNECT}}{4:
:20:MI081222
:25:2222222222
:28C:0524/193
:60M:C081222VEF000038822722,62
:61:081222C000000021281,26NTRF000003548080//180007
PAGO
:61:081222C000000018506,84NTRF000027042008//180007
PAGO
:61:081222C000000000358,00NTRF000003548080//180007
PAGO
:61:081222C000000000200,50NTRF000027792008//180007
PAGO
:61:081222C000000113849,14NTRF000027112008//180007
PAGO
:61:081222C000000031720,75NTRF000027122008//180007
PAGO
:61:081222C000000007130,48NTRF000014262008//180007
PAGO
:61:081222C000000000751,87NTRF000008001821//180007
PAGO
:61:081222C000000062547,38NTRF000005132008//180007
PAGO
:62M:C081222VEF000039079068,84
-}{5:{CHK:1143FB20924B}}{S:{COP:S}}${1:F21VZCRVECAAXXX5410610696}{4:{177:0404021720}{451:0}}{1:F01VZCRVECAAXXX5410610696}{2:09501717040402VZCRVECAAXXX40812675430404021720N}{3:{108:SCONNECT}}{4:
:20:MI081222
:25:2222222222
:28C:0524/194
:60M:C081222VEF000039079068,84
:61:081222C000000000390,00NTRF000028422008//180007
PAGO
:61:081222C000000008028,40NTRF000005212008//180007
PAGO
:61:081222C000000011838,90NTRF000014082008//180007
PAGO
:61:081222C000000000243,12NTRF000008001841//180007
PAGO
:61:081222C000000048475,84NTRF000005029546//180007
PAGO
:61:081222C000000066411,72NTRF000054808000//180007
PAGO
:61:081222C000000001720,00NTRF000035480801//180007
PAGO
:61:081222C000000003470,00NTRF000000050006//180007
PAGO
:61:081222C000000000276,00NTRF000000001316//180007
PAGO
:62M:C081222VEF000039219922,82
-}{5:{CHK:1143FB20924B}}{S:{COP:S}}${1:F21VZCRVECAAXXX5410610696}{4:{177:0404021720}{451:0}}{1:F01VZCRVECAAXXX5410610696}{2:09501717040402VZCRVECAAXXX40812675430404021720N}{3:{108:SCONNECT}}{4:
:20:MI081222
:25:2222222222
:28C:0524/195
:60M:C081222VEF000039219922,82
:61:081222C000000000073,45NTRF000054808027//180007
PAGO
:61:081222C000000013646,49NTRF000054808034//180007
PAGO
:61:081222C000000004634,77NTRF000035480806//180007
PAGO
:61:081222C000001500000,00NTRF000035480804//180007
PAGO
:61:081222C000000009816,51NTRF000000016856//180007
PAGO
:61:081222C000000001125,00NTRF000000002463//180007
PAGO
:61:081222C000000061685,87NTRF000008001831//180007
PAGO
:61:081222C000000002000,00NTRF000000000000//180007
PAGO
:61:081222C000000002000,00NTRF000000000000//180007
PAGO
:62M:C081222VEF000040814904,91
-}{5:{CHK:1143FB20924B}}{S:{COP:S}}${1:F21VZCRVECAAXXX5410610696}{4:{177:0404021720}{451:0}}{1:F01VZCRVECAAXXX5410610696}{2:09501717040402VZCRVECAAXXX40812675430404021720N}{3:{108:SCONNECT}}{4:
:20:MI081222
:25:2222222222
:28C:0524/196
:60M:C081222VEF000040814904,91
:61:081222C000000002000,00NTRF000000000000//180007
PAGO
:61:081222C000000000350,00NTRF000000000000//180007
PAGO
:61:081222C000000000900,00NTRF000000000000//180007
PAGO
:61:081222C000000010000,00NTRF000000000000//180007
PAGO
:61:081222C000000000400,00NTRF000000000000//180007
PAGO
:61:081222C000000003000,00NTRF000000000000//180007
PAGO
:61:081222C000000000200,00NTRF000000000000//180007
PAGO
:61:081222C000000000330,00NTRF000000000000//180007
PAGO
:61:081222C000000002000,00NTRF000000000000//180007
PAGO
:62M:C081222VEF000040834084,91
-}{5:{CHK:1143FB20924B}}{S:{COP:S}}${1:F21VZCRVECAAXXX5410610696}{4:{177:0404021720}{451:0}}{1:F01VZCRVECAAXXX5410610696}{2:09501717040402VZCRVECAAXXX40812675430404021720N}{3:{108:SCONNECT}}{4:
:20:MI081222
:25:2222222222
:28C:0524/197
:60M:C081222VEF000040834084,91
:61:081222C000000004059,48NTRF000000000000//180007
PAGO
:61:081222C000000000200,00NTRF000000000000//180007
PAGO
:61:081222C000000000300,00NTRF000000000000//180007
PAGO
:61:081222C000000001400,00NTRF000000000000//180007
PAGO
:61:081222C000000000500,00NTRF000000000000//180007
PAGO
:61:081222C000000005000,00NTRF000000191208//180007
PAGO
:61:081222C000000001600,00NTRF000000000000//180007
PAGO
:61:081222C000000003000,00NTRF000000000000//180007
PAGO
:61:081222C000000005000,00NTRF000000000000//180007
PAGO
:62M:C081222VEF000040855144,39
-}{5:{CHK:1143FB20924B}}{S:{COP:S}}${1:F21VZCRVECAAXXX5410610696}{4:{177:0404021720}{451:0}}{1:F01VZCRVECAAXXX5410610696}{2:09501717040402VZCRVECAAXXX40812675430404021720N}{3:{108:SCONNECT}}{4:
:20:MI081222
:25:2222222222
:28C:0524/198
:60M:C081222VEF000040855144,39
:61:081222C000000004000,00NTRF000000000000//180007
PAGO
:61:081222C000000000265,00NTRF000019122008//180007
PAGO
:61:081222C000000000945,00NTRF000000000000//180007
PAGO
:61:081222C000000000100,00NTRF000000000000//180007
PAGO
:61:081222C000000002125,00NTRF000001912081//180007
PAGO
:61:081222C000000000800,00NTRF000000000001//180007
PAGO
:61:081222C000000000171,00NTRF000001208001//180007
PAGO
:61:081222C000000000341,00NTRF000000000000//180007
PAGO
:61:081222C000000005000,00NTRF000000211208//180007
PAGO
:62M:C081222VEF000040868891,39
-}{5:{CHK:1143FB20924B}}{S:{COP:S}}${1:F21VZCRVECAAXXX5410610696}{4:{177:0404021720}{451:0}}{1:F01VZCRVECAAXXX5410610696}{2:09501717040402VZCRVECAAXXX40812675430404021720N}{3:{108:SCONNECT}}{4:
:20:MI081222
:25:2222222222
:28C:0524/199
:60M:C081222VEF000040868891,39
:61:081222C000000001850,00NTRF000000000000//180007
PAGO
:61:081222C000000005000,00NTRF000000000000//180007
PAGO
:61:081222C000000005000,00NTRF000000000000//180007
PAGO
:61:081222C000000000540,00NTRF000000000000//180007
PAGO
:61:081222C000000002000,00NTRF000000000000//180007
PAGO
:61:081222C000000000200,00NTRF000000000000//180007
PAGO
:61:081222C000000002310,00NTRF000027643641//180007
PAGO
:61:081222C000000002000,00NTRF000027640941//180007
PAGO
:61:081222C000000000534,00NTRF000027643277//180007
PAGO
:62M:C081222VEF000040888325,39
-}{5:{CHK:1143FB20924B}}{S:{COP:S}}${1:F21VZCRVECAAXXX5410610696}{4:{177:0404021720}{451:0}}{1:F01VZCRVECAAXXX5410610696}{2:09501717040402VZCRVECAAXXX40812675430404021720N}{3:{108:SCONNECT}}{4:
:20:MI081222
:25:2222222222
:28C:0524/200
:60M:C081222VEF000040888325,39
:61:081222C000000000100,00NTRF000027655033//180007
PAGO
:61:081222C000000000508,00NTRF000027651079//180007
PAGO
:61:081222C000000000299,00NTRF000027647834//180007
PAGO
:61:081222C000000001585,00NTRF000027644335//180007
PAGO
:61:081222C000000000250,00NTRF000027643809//180007
PAGO
:61:081222C000000000600,00NTRF000027644354//180007
PAGO
:61:081222C000000001060,00NTRF000027648220//180007
PAGO
:61:081222C000000000250,00NTRF000027654998//180007
PAGO
:61:081222C000000000140,00NTRF000027643700//180007
PAGO
:62M:C081222VEF000040893117,39
-}{5:{CHK:1143FB20924B}}{S:{COP:S}}${1:F21VZCRVECAAXXX5410610696}{4:{177:0404021720}{451:0}}{1:F01VZCRVECAAXXX5410610696}{2:09501717040402VZCRVECAAXXX40812675430404021720N}{3:{108:SCONNECT}}{4:
:20:MI081222
:25:2222222222
:28C:0524/201
:60M:C081222VEF000040893117,39
:61:081222C000000000500,00NTRF000027640955//180007
PAGO
:61:081222C000000000150,00NTRF000027657638//180007
PAGO
:61:081222C000000000100,00NTRF000027643720//180007
PAGO
:61:081222C000000002000,00NTRF000027637800//180007
PAGO
:61:081222C000000005550,00NTRF000027637982//180007
PAGO
:61:081222C000000002000,00NTRF000027623792//180007
PAGO
:61:081222C000000001850,00NTRF000027639219//180007
PAGO
:61:081222C000000000100,00NTRF000027639266//180007
PAGO
:61:081222C000000000640,00NTRF000027640202//180007
PAGO
:62M:C081222VEF000040906007,39
-}{5:{CHK:1143FB20924B}}{S:{COP:S}}${1:F21VZCRVECAAXXX5410610696}{4:{177:0404021720}{451:0}}{1:F01VZCRVECAAXXX5410610696}{2:09501717040402VZCRVECAAXXX40812675430404021720N}{3:{108:SCONNECT}}{4:
:20:MI081222
:25:2222222222
:28C:0524/202
:60M:C081222VEF000040906007,39
:61:081222C000000000270,00NTRF000027628338//180007
PAGO
:61:081222C000000009450,00NTRF000027629344//180007
PAGO
:61:081222C000000011000,00NTRF000027631032//180007
PAGO
:61:081222C000000000100,00NTRF000027632983//180007
PAGO
:61:081222C000000000299,00NTRF000027634970//180007
PAGO
:61:081222C000000000299,00NTRF000027635024//180007
PAGO
:61:081222C000000000299,00NTRF000027635056//180007
PAGO
:61:081222C000000002000,00NTRF000027635865//180007
PAGO
:61:081222C000000003000,00NTRF000027636381//180007
PAGO
:62M:C081222VEF000040932724,39
-}{5:{CHK:1143FB20924B}}{S:{COP:S}}${1:F21VZCRVECAAXXX5410610696}{4:{177:0404021720}{451:0}}{1:F01VZCRVECAAXXX5410610696}{2:09501717040402VZCRVECAAXXX40812675430404021720N}{3:{108:SCONNECT}}{4:
:20:MI081222
:25:2222222222
:28C:0524/203
:60M:C081222VEF000040932724,39
:61:081222C000000000300,00NTRF000027637748//180007
PAGO
:61:081222C000000008200,00NTRF000027624717//180007
PAGO
:61:081222C000000004000,00NTRF000027626785//180007
PAGO
:61:081222C000000000350,00NTRF000027622970//180007
PAGO
:61:081222C000000000250,00NTRF000027621728//180007
PAGO
:61:081222C000000000500,00NTRF000027618502//180007
PAGO
:61:081222C000000000350,00NTRF000027620208//180007
PAGO
:61:081222C000000000350,00NTRF000027618533//180007
PAGO
:61:081222C000000000500,00NTRF000027620182//180007
PAGO
:62M:C081222VEF000040947524,39
-}{5:{CHK:1143FB20924B}}{S:{COP:S}}${1:F21VZCRVECAAXXX5410610696}{4:{177:0404021720}{451:0}}{1:F01VZCRVECAAXXX5410610696}{2:09501717040402VZCRVECAAXXX40812675430404021720N}{3:{108:SCONNECT}}{4:
:20:MI081222
:25:2222222222
:28C:0524/204
:60M:C081222VEF000040947524,39
:61:081222C000000004000,00NTRF000027619827//180007
PAGO
:61:081222C000000001500,00NTRF000009323600//180007
PAGO
:61:081222C000000002500,00NTRF000065372617//180007
PAGO
:61:081222C000000000030,00NTRF000044611775//180007
PAGO
:61:081222C000000005000,00NTRF000040303458//180007
PAGO
:61:081222C000000004000,00NTRF000023568252//180007
PAGO
:61:081222C000000004000,00NTRF000032974186//180007
PAGO
:61:081222C000000001630,00NTRF000010698540//180007
PAGO
:61:081222C000000000500,00NTRF000093964656//180007
PAGO
:62M:C081222VEF000040970684,39
-}{5:{CHK:1143FB20924B}}{S:{COP:S}}${1:F21VZCRVECAAXXX5410610696}{4:{177:0404021720}{451:0}}{1:F01VZCRVECAAXXX5410610696}{2:09501717040402VZCRVECAAXXX40812675430404021720N}{3:{108:SCONNECT}}{4:
:20:MI081222
:25:2222222222
:28C:0524/205
:60M:C081222VEF000040970684,39
:61:081222C000000000400,00NTRF000084866164//180007
PAGO
:61:081222C000000006000,00NTRF000003434605//180007
PAGO
:61:081222C000000000311,10NTRF000009885734//180007
PAGO
:61:081222C000000000100,00NTRF000000331443//180007
PAGO
:61:081222C000000000800,00NTRF000000331600//180007
PAGO
:61:081222C000000003000,00NTRF000000331611//180007
PAGO
:61:081222C000000000750,00NTRF000000331624//180007
PAGO
:61:081222C000000002500,00NTRF000000331778//180007
PAGO
:61:081222C000000000100,00NTRF000000331830//180007
PAGO
:62M:C081222VEF000040984645,49
-}{5:{CHK:1143FB20924B}}{S:{COP:S}}${1:F21VZCRVECAAXXX5410610696}{4:{177:0404021720}{451:0}}{1:F01VZCRVECAAXXX5410610696}{2:09501717040402VZCRVECAAXXX40812675430404021720N}{3:{108:SCONNECT}}{4:
:20:MI081222
:25:2222222222
:28C:0524/206
:60M:C081222VEF000040984645,49
:61:081222C000000001000,00NTRF000000331936//180007
PAGO
:61:081222C000000001000,00NTRF000000331938//180007
PAGO
:61:081222C000000001200,00NTRF000000331942//180007
PAGO
:61:081222C000000000540,00NTRF000000331958//180007
PAGO
:61:081222C000000001000,00NTRF000000331982//180007
PAGO
:61:081222C000000003000,00NTRF000000331995//180007
PAGO
:61:081222C000000007000,00NTRF000000332112//180007
PAGO
:61:081222C000000015000,00NTRF000000331157//180007
PAGO
:61:081222C000000000060,00NTRF000000331217//180007
PAGO
:62M:C081222VEF000041014445,49
-}{5:{CHK:1143FB20924B}}{S:{COP:S}}${1:F21VZCRVECAAXXX5410610696}{4:{177:0404021720}{451:0}}{1:F01VZCRVECAAXXX5410610696}{2:09501717040402VZCRVECAAXXX40812675430404021720N}{3:{108:SCONNECT}}{4:
:20:MI081222
:25:2222222222
:28C:0524/207
:60M:C081222VEF000041014445,49
:61:081222C000000001525,00NTRF000000331237//180007
PAGO
:61:081222C000000015000,00NTRF000000331247//180007
PAGO
:61:081222C000000002000,00NTRF000000331287//180007
PAGO
:61:081222C000000000260,00NTRF000000331296//180007
PAGO
:61:081222C000000005000,00NTRF000000331300//180007
PAGO
:61:081222C000000000733,00NTRF000000331301//180007
PAGO
:61:081222C000000005000,00NTRF000000331363//180007
PAGO
:61:081222C000000003000,00NTRF000000331366//180007
PAGO
:61:081222C000000002000,00NTRF000000331407//180007
PAGO
:62M:C081222VEF000041048963,49
-}{5:{CHK:1143FB20924B}}{S:{COP:S}}${1:F21VZCRVECAAXXX5410610696}{4:{177:0404021720}{451:0}}{1:F01VZCRVECAAXXX5410610696}{2:09501717040402VZCRVECAAXXX40812675430404021720N}{3:{108:SCONNECT}}{4:
:20:MI081222
:25:2222222222
:28C:0524/208
:60M:C081222VEF000041048963,49
:61:081222C000000001000,00NTRF000000331413//180007
PAGO
:61:081222C000000002000,00NTRF000000331431//180007
PAGO
:61:081222C000000000600,00NTRF000000330792//180007
PAGO
:61:081222C000000000660,00NTRF000000330816//180007
PAGO
:61:081222C000000000100,00NTRF000000330819//180007
PAGO
:61:081222C000000007000,00NTRF000000330839//180007
PAGO
:61:081222C000000000600,00NTRF000000330848//180007
PAGO
:61:081222C000000001000,00NTRF000000330865//180007
PAGO
:61:081222C000000002000,00NTRF000000330928//180007
PAGO
:62M:C081222VEF000041063923,49
-}{5:{CHK:1143FB20924B}}{S:{COP:S}}${1:F21VZCRVECAAXXX5410610696}{4:{177:0404021720}{451:0}}{1:F01VZCRVECAAXXX5410610696}{2:09501717040402VZCRVECAAXXX40812675430404021720N}{3:{108:SCONNECT}}{4:
:20:MI081222
:25:2222222222
:28C:0524/209
:60M:C081222VEF000041063923,49
:61:081222C000000002000,00NTRF000000330930//180007
PAGO
:61:081222C000000005000,00NTRF000000330982//180007
PAGO
:61:081222C000000003400,00NTRF000000331007//180007
PAGO
:61:081222C000000004950,00NTRF000000331025//180007
PAGO
:61:081222C000000007000,00NTRF000000331086//180007
PAGO
:61:081222C000000001800,00NTRF000000331142//180007
PAGO
:61:081222C000000000620,00NTRF000000330213//180007
PAGO
:61:081222C000000000100,00NTRF000000330279//180007
PAGO
:61:081222C000000000550,00NTRF000000330290//180007
PAGO
:62M:C081222VEF000041089343,49
-}{5:{CHK:1143FB20924B}}{S:{COP:S}}${1:F21VZCRVECAAXXX5410610696}{4:{177:0404021720}{451:0}}{1:F01VZCRVECAAXXX5410610696}{2:09501717040402VZCRVECAAXXX40812675430404021720N}{3:{108:SCONNECT}}{4:
:20:MI081222
:25:2222222222
:28C:0524/210
:60M:C081222VEF000041089343,49
:61:081222C000000000150,00NTRF000000330408//180007
PAGO
:61:081222C000000000500,00NTRF000000330449//180007
PAGO
:61:081222C000000003000,00NTRF000000330522//180007
PAGO
:61:081222C000000001200,00NTRF000000330640//180007
PAGO
:61:081222C000000002000,00NTRF000000330655//180007
PAGO
:61:081222C000000000500,00NTRF000000330688//180007
PAGO
:61:081222C000000000050,00NTRF000000330702//180007
PAGO
:61:081222C000000000440,00NTRF000000330744//180007
PAGO
:61:081222C000000000500,00NTRF000000330746//180007
PAGO
:62M:C081222VEF000041097683,49
-}{5:{CHK:1143FB20924B}}{S:{COP:S}}${1:F21VZCRVECAAXXX5410610696}{4:{177:0404021720}{451:0}}{1:F01VZCRVECAAXXX5410610696}{2:09501717040402VZCRVECAAXXX40812675430404021720N}{3:{108:SCONNECT}}{4:
:20:MI081222
:25:2222222222
:28C:0524/211
:60M:C081222VEF000041097683,49
:61:081222C000000000873,00NTRF000000330773//180007
PAGO
:61:081222C000000001748,38NTRF000003270976//180007
PAGO
:61:081222C000000113455,41NTRF000003270982//180007
PAGO
:61:081222C000000000430,00NTRF000000329986//180007
PAGO
:61:081222C000000000768,15NTRF000000330064//180007
PAGO
:61:081222C000000000112,17NTRF000000330080//180007
PAGO
:61:081222C000000005000,00NTRF000000330103//180007
PAGO
:61:081222C000000000620,00NTRF000000330210//180007
PAGO
:61:081222C000000000620,00NTRF000000330211//180007
PAGO
:62M:C081222VEF000041221310,60
-}{5:{CHK:1143FB20924B}}{S:{COP:S}}${1:F21VZCRVECAAXXX5410610696}{4:{177:0404021720}{451:0}}{1:F01VZCRVECAAXXX5410610696}{2:09501717040402VZCRVECAAXXX40812675430404021720N}{3:{108:SCONNECT}}{4:
:20:MI081222
:25:2222222222
:28C:0524/212
:60M:C081222VEF000041221310,60
:61:081222C000000002870,00NTRF000000335540//180007
PAGO
:61:081222C000000004600,00NTRF000000335594//180007
PAGO
:61:081222C000000000152,00NTRF000000335640//180007
PAGO
:61:081222C000000000500,00NTRF000000335663//180007
PAGO
:61:081222C000000000421,04NTRF000000335714//180007
PAGO
:61:081222C000000000400,00NTRF000000335716//180007
PAGO
:61:081222C000000000600,00NTRF000000335723//180007
PAGO
:61:081222C000000001546,00NTRF000000335741//180007
PAGO
:61:081222C000000009000,00NTRF000000335758//180007
PAGO
:62M:C081222VEF000041241399,64
-}{5:{CHK:1143FB20924B}}{S:{COP:S}}${1:F21VZCRVECAAXXX5410610696}{4:{177:0404021720}{451:0}}{1:F01VZCRVECAAXXX5410610696}{2:09501717040402VZCRVECAAXXX40812675430404021720N}{3:{108:SCONNECT}}{4:
:20:MI081222
:25:2222222222
:28C:0524/213
:60M:C081222VEF000041241399,64
:61:081222C000000000500,00NTRF000000335812//180007
PAGO
:61:081222C000000000300,00NTRF000000334946//180007
PAGO
:61:081222D000041242199,64NTRF000020081222//180007
N/D
:62F:C081222VEF000000000000,00
-}{5:{CHK:96FA6004455F}}{S:{COP:S}}
