{1:F21CONSVECAAXXX5123904494}{4:{177:0805230702}{451:0}}{1:F01CONSVECAAXXX5123904494}{2:O9500703080523BPROVECAAXXX63087158920805230703N}{4:
:20:EC95005120080522
:25:01080090150500000806
:28C:08143/00001
:60F:D080522VEF4071527,60
:61:0805220522DB3150000,00NCHK000003702//000003702
CAMARA RECIBIDA COMPENSACION      
:61:0805230522CB12393,22NLDP000076788//000076788
DEP. CHEQUE O/B 1 DIARAS          
:61:0805220522CB1000000,00NLDP000076789//000076789
DEPOSITO EN EFECTIVO              
:61:0805220522CB2150000,00NLDP000076790//000076790
DEPOSITO EN EFECTIVO              
:62F:D080522VEF4059134,38
:64:D080522VEF4071527,60
-}{5:{CHK:95F948821E97}}{S:{COP:S}}
