{1:F21VZCRVECAAXXX5410610696}{4:{177:0404021720}{451:0}}{1:F01VZCRVECAAXXX5410610696}{2:09501717040402VZCRVECAAXXX40812675430404021720N}{3:{108:SCONNECT}}{4:
:20:MI081223
:25:2222222222
:28C:0525/001
:60F:C081223VEF000000000000,00
:61:081223C000000016385,50NTRF000000000839//180028
PAGO
:61:081223C000000001492,73NTRF000000000367//180028
PAGO
:61:081223C000000000162,55NTRF000000000312//180028
PAGO
:61:081223C000000001519,68NTRF000000000254//180028
PAGO
:61:081223C000000000726,75NTRF000000000469//180028
PAGO
:61:081223C000000002920,52NTRF000000001250//180028
PAGO
:62M:C081223VEF000000023207,73
-}{5:{CHK:1143FB20924B}}{S:{COP:S}}${1:F21VZCRVECAAXXX5410610696}{4:{177:0404021720}{451:0}}{1:F01VZCRVECAAXXX5410610696}{2:09501717040402VZCRVECAAXXX40812675430404021720N}{3:{108:SCONNECT}}{4:
:20:MI081223
:25:2222222222
:28C:0525/002
:60M:C081223VEF000000023207,73
:61:081223C000000123982,57NTRF000000001214//180028
PAGO
:61:081223C000000045245,40NTRF000000001225//180028
PAGO
:61:081223C000000000460,12NTRF000000001207//180028
PAGO
:61:081223C000000004482,53NTRF000000001195//180028
PAGO
:61:081223C000000000245,40NTRF000000001196//180028
PAGO
:61:081223C000000030082,76NTRF000000001164//180028
PAGO
:61:081223C000000038336,32NTRF000000001119//180028
PAGO
:61:081223C000000001329,25NTRF000000000972//180028
PAGO
:61:081223C000000004291,86NTRF000000000921//180028
PAGO
:62M:C081223VEF000000271663,94
-}{5:{CHK:1143FB20924B}}{S:{COP:S}}${1:F21VZCRVECAAXXX5410610696}{4:{177:0404021720}{451:0}}{1:F01VZCRVECAAXXX5410610696}{2:09501717040402VZCRVECAAXXX40812675430404021720N}{3:{108:SCONNECT}}{4:
:20:MI081223
:25:2222222222
:28C:0525/003
:60M:C081223VEF000000271663,94
:61:081223C000000018496,83NTRF000000000892//180028
PAGO
:61:081223C000000135439,66NTRF000000000877//180028
PAGO
:61:081223C000000017280,25NTRF000000000864//180028
PAGO
:61:081223C000000008325,57NTRF000000000857//180028
PAGO
:61:081223C000000008691,25NTRF000000000838//180028
PAGO
:61:081223C000000001023,00NTRF000000342765//180028
PAGO
:61:081223C000000000300,00NTRF000000342801//180028
PAGO
:61:081223C000000001000,00NTRF000000342813//180028
PAGO
:61:081223C000000000510,00NTRF000000342860//180028
PAGO
:62M:C081223VEF000000462730,50
-}{5:{CHK:1143FB20924B}}{S:{COP:S}}${1:F21VZCRVECAAXXX5410610696}{4:{177:0404021720}{451:0}}{1:F01VZCRVECAAXXX5410610696}{2:09501717040402VZCRVECAAXXX40812675430404021720N}{3:{108:SCONNECT}}{4:
:20:MI081223
:25:2222222222
:28C:0525/004
:60M:C081223VEF000000462730,50
:61:081223C000000001000,00NTRF000000342920//180028
PAGO
:61:081223C000000001500,00NTRF000000342995//180028
PAGO
:61:081223C000000001300,00NTRF000000341935//180028
PAGO
:61:081223C000000000500,00NTRF000000341989//180028
PAGO
:61:081223C000000001000,00NTRF000000342030//180028
PAGO
:61:081223C000000000300,00NTRF000000342061//180028
PAGO
:61:081223C000000001000,00NTRF000000342069//180028
PAGO
:61:081223C000000003500,00NTRF000000342184//180028
PAGO
:61:081223C000000000200,00NTRF000000342290//180028
PAGO
:62M:C081223VEF000000473030,50
-}{5:{CHK:1143FB20924B}}{S:{COP:S}}${1:F21VZCRVECAAXXX5410610696}{4:{177:0404021720}{451:0}}{1:F01VZCRVECAAXXX5410610696}{2:09501717040402VZCRVECAAXXX40812675430404021720N}{3:{108:SCONNECT}}{4:
:20:MI081223
:25:2222222222
:28C:0525/005
:60M:C081223VEF000000473030,50
:61:081223C000000012000,00NTRF000000342293//180028
PAGO
:61:081223C000000004472,52NTRF000002457521//180028
PAGO
:61:081223C000000000168,57NTRF000003273465//180028
PAGO
:61:081223C000000000090,00NTRF000003273467//180028
PAGO
:61:081223C000000000340,61NTRF000003273357//180028
PAGO
:61:081223C000000000209,41NTRF000003273359//180028
PAGO
:61:081223C000000000400,00NTRF000003273360//180028
PAGO
:61:081223C000000000265,49NTRF000003273362//180028
PAGO
:61:081223C000000020166,07NTRF000003273374//180028
PAGO
:62M:C081223VEF000000511143,17
-}{5:{CHK:1143FB20924B}}{S:{COP:S}}${1:F21VZCRVECAAXXX5410610696}{4:{177:0404021720}{451:0}}{1:F01VZCRVECAAXXX5410610696}{2:09501717040402VZCRVECAAXXX40812675430404021720N}{3:{108:SCONNECT}}{4:
:20:MI081223
:25:2222222222
:28C:0525/006
:60M:C081223VEF000000511143,17
:61:081223C000000000820,10NTRF000003273389//180028
PAGO
:61:081223C000000001925,86NTRF000003273402//180028
PAGO
:61:081223C000000000156,75NTRF000003273410//180028
PAGO
:61:081223C000000006700,00NTRF000000348006//180028
PAGO
:61:081223C000000002400,00NTRF000003273423//180028
PAGO
:61:081223C000000000092,25NTRF000003273435//180028
PAGO
:61:081223C000000000035,44NTRF000003273436//180028
PAGO
:61:081223C000000000272,98NTRF000003273438//180028
PAGO
:61:081223C000000000106,79NTRF000003273338//180028
PAGO
:62M:C081223VEF000000523653,34
-}{5:{CHK:1143FB20924B}}{S:{COP:S}}${1:F21VZCRVECAAXXX5410610696}{4:{177:0404021720}{451:0}}{1:F01VZCRVECAAXXX5410610696}{2:09501717040402VZCRVECAAXXX40812675430404021720N}{3:{108:SCONNECT}}{4:
:20:MI081223
:25:2222222222
:28C:0525/007
:60M:C081223VEF000000523653,34
:61:081223C000000000462,60NTRF000003273339//180028
PAGO
:61:081223C000000000461,45NTRF000003273341//180028
PAGO
:61:081223C000000000068,90NTRF000003273342//180028
PAGO
:61:081223C000000000532,43NTRF000003273343//180028
PAGO
:61:081223C000000000957,07NTRF000003273344//180028
PAGO
:61:081223C000000000265,28NTRF000003273346//180028
PAGO
:61:081223C000000000388,00NTRF000003273347//180028
PAGO
:61:081223C000000000177,93NTRF000003273349//180028
PAGO
:61:081223C000000000902,31NTRF000003273350//180028
PAGO
:62M:C081223VEF000000527869,31
-}{5:{CHK:1143FB20924B}}{S:{COP:S}}${1:F21VZCRVECAAXXX5410610696}{4:{177:0404021720}{451:0}}{1:F01VZCRVECAAXXX5410610696}{2:09501717040402VZCRVECAAXXX40812675430404021720N}{3:{108:SCONNECT}}{4:
:20:MI081223
:25:2222222222
:28C:0525/008
:60M:C081223VEF000000527869,31
:61:081223C000000000262,07NTRF000003273352//180028
PAGO
:61:081223C000000000779,51NTRF000003273355//180028
PAGO
:61:081223C000000000403,04NTRF000003273318//180028
PAGO
:61:081223C000000000652,09NTRF000003273319//180028
PAGO
:61:081223C000000002334,23NTRF000003273320//180028
PAGO
:61:081223C000000000070,00NTRF000003273321//180028
PAGO
:61:081223C000000000450,00NTRF000003273322//180028
PAGO
:61:081223C000000000756,90NTRF000003273323//180028
PAGO
:61:081223C000000000274,09NTRF000003273327//180028
PAGO
:62M:C081223VEF000000533851,24
-}{5:{CHK:1143FB20924B}}{S:{COP:S}}${1:F21VZCRVECAAXXX5410610696}{4:{177:0404021720}{451:0}}{1:F01VZCRVECAAXXX5410610696}{2:09501717040402VZCRVECAAXXX40812675430404021720N}{3:{108:SCONNECT}}{4:
:20:MI081223
:25:2222222222
:28C:0525/009
:60M:C081223VEF000000533851,24
:61:081223C000000000435,45NTRF000003273328//180028
PAGO
:61:081223C000000000391,00NTRF000003273329//180028
PAGO
:61:081223C000000000100,00NTRF000003273330//180028
PAGO
:61:081223C000000000239,31NTRF000003273332//180028
PAGO
:61:081223C000000000690,00NTRF000003273336//180028
PAGO
:61:081223C000000000230,91NTRF000003273337//180028
PAGO
:61:081223C000000000360,00NTRF000000347599//180028
PAGO
:61:081223C000000000100,00NTRF000000347604//180028
PAGO
:61:081223C000000003500,00NTRF000000347630//180028
PAGO
:62M:C081223VEF000000539897,91
-}{5:{CHK:1143FB20924B}}{S:{COP:S}}${1:F21VZCRVECAAXXX5410610696}{4:{177:0404021720}{451:0}}{1:F01VZCRVECAAXXX5410610696}{2:09501717040402VZCRVECAAXXX40812675430404021720N}{3:{108:SCONNECT}}{4:
:20:MI081223
:25:2222222222
:28C:0525/010
:60M:C081223VEF000000539897,91
:61:081223C000000000396,00NTRF000000347669//180028
PAGO
:61:081223C000000003000,00NTRF000000347702//180028
PAGO
:61:081223C000000000100,00NTRF000000347717//180028
PAGO
:61:081223C000000001100,00NTRF000000347756//180028
PAGO
:61:081223C000000000800,00NTRF000000347783//180028
PAGO
:61:081223C000000003000,00NTRF000000347799//180028
PAGO
:61:081223C000000000100,00NTRF000000347831//180028
PAGO
:61:081223C000000008963,25NTRF000003273270//180028
PAGO
:61:081223C000000003403,75NTRF000003273286//180028
PAGO
:62M:C081223VEF000000560760,91
-}{5:{CHK:1143FB20924B}}{S:{COP:S}}${1:F21VZCRVECAAXXX5410610696}{4:{177:0404021720}{451:0}}{1:F01VZCRVECAAXXX5410610696}{2:09501717040402VZCRVECAAXXX40812675430404021720N}{3:{108:SCONNECT}}{4:
:20:MI081223
:25:2222222222
:28C:0525/011
:60M:C081223VEF000000560760,91
:61:081223C000000001131,60NTRF000003273308//180028
PAGO
:61:081223C000000005510,00NTRF000000347201//180028
PAGO
:61:081223C000000000500,00NTRF000000347221//180028
PAGO
:61:081223C000000002000,00NTRF000000347222//180028
PAGO
:61:081223C000000000721,09NTRF000000347235//180028
PAGO
:61:081223C000000001000,00NTRF000000347238//180028
PAGO
:61:081223C000000002000,00NTRF000000347243//180028
PAGO
:61:081223C000000000580,00NTRF000000347244//180028
PAGO
:61:081223C000000006000,00NTRF000000347299//180028
PAGO
:62M:C081223VEF000000580203,60
-}{5:{CHK:1143FB20924B}}{S:{COP:S}}${1:F21VZCRVECAAXXX5410610696}{4:{177:0404021720}{451:0}}{1:F01VZCRVECAAXXX5410610696}{2:09501717040402VZCRVECAAXXX40812675430404021720N}{3:{108:SCONNECT}}{4:
:20:MI081223
:25:2222222222
:28C:0525/012
:60M:C081223VEF000000580203,60
:61:081223C000000000140,00NTRF000000347318//180028
PAGO
:61:081223C000000005000,00NTRF000000347331//180028
PAGO
:61:081223C000000003000,00NTRF000000347337//180028
PAGO
:61:081223C000000004500,00NTRF000002457761//180028
PAGO
:61:081223C000000000625,36NTRF000000347589//180028
PAGO
:61:081223C000000010000,00NTRF000000346672//180028
PAGO
:61:081223C000000000220,00NTRF000000346690//180028
PAGO
:61:081223C000000004000,00NTRF000000346698//180028
PAGO
:61:081223C000000000410,00NTRF000000346725//180028
PAGO
:62M:C081223VEF000000608098,96
-}{5:{CHK:1143FB20924B}}{S:{COP:S}}${1:F21VZCRVECAAXXX5410610696}{4:{177:0404021720}{451:0}}{1:F01VZCRVECAAXXX5410610696}{2:09501717040402VZCRVECAAXXX40812675430404021720N}{3:{108:SCONNECT}}{4:
:20:MI081223
:25:2222222222
:28C:0525/013
:60M:C081223VEF000000608098,96
:61:081223C000000000250,00NTRF000000346810//180028
PAGO
:61:081223C000000000100,00NTRF000000346818//180028
PAGO
:61:081223C000000005373,75NTRF000002458148//180028
PAGO
:61:081223C000000003124,28NTRF000002458152//180028
PAGO
:61:081223C000000001315,70NTRF000002458284//180028
PAGO
:61:081223C000000000535,00NTRF000002458405//180028
PAGO
:61:081223C000000000150,00NTRF000000350485//180028
PAGO
:61:081223C000000001000,00NTRF000000349027//180028
PAGO
:61:081223C000000001000,00NTRF000000349033//180028
PAGO
:62M:C081223VEF000000620947,69
-}{5:{CHK:1143FB20924B}}{S:{COP:S}}${1:F21VZCRVECAAXXX5410610696}{4:{177:0404021720}{451:0}}{1:F01VZCRVECAAXXX5410610696}{2:09501717040402VZCRVECAAXXX40812675430404021720N}{3:{108:SCONNECT}}{4:
:20:MI081223
:25:2222222222
:28C:0525/014
:60M:C081223VEF000000620947,69
:61:081223C000000001270,00NTRF000000349036//180028
PAGO
:61:081223C000000001000,00NTRF000000349045//180028
PAGO
:61:081223C000000000788,80NTRF000003273594//180028
PAGO
:61:081223C000000000479,25NTRF000003273595//180028
PAGO
:61:081223C000000001212,19NTRF000003273597//180028
PAGO
:61:081223C000000000910,02NTRF000003273598//180028
PAGO
:61:081223C000000001264,55NTRF000003273599//180028
PAGO
:61:081223C000000000919,25NTRF000003273600//180028
PAGO
:61:081223C000000001468,52NTRF000003273622//180028
PAGO
:62M:C081223VEF000000630260,27
-}{5:{CHK:1143FB20924B}}{S:{COP:S}}${1:F21VZCRVECAAXXX5410610696}{4:{177:0404021720}{451:0}}{1:F01VZCRVECAAXXX5410610696}{2:09501717040402VZCRVECAAXXX40812675430404021720N}{3:{108:SCONNECT}}{4:
:20:MI081223
:25:2222222222
:28C:0525/015
:60M:C081223VEF000000630260,27
:61:081223C000000010149,00NTRF000003273623//180028
PAGO
:61:081223C000000001237,65NTRF000003273624//180028
PAGO
:61:081223C000000000606,55NTRF000003273625//180028
PAGO
:61:081223C000000004413,12NTRF000003273626//180028
PAGO
:61:081223C000000004818,12NTRF000003273627//180028
PAGO
:61:081223C000000011958,20NTRF000003273631//180028
PAGO
:61:081223C000000001799,33NTRF000003273816//180028
PAGO
:61:081223C000000001253,80NTRF000003273868//180028
PAGO
:61:081223C000000000386,12NTRF000003273896//180028
PAGO
:62M:C081223VEF000000666882,16
-}{5:{CHK:1143FB20924B}}{S:{COP:S}}${1:F21VZCRVECAAXXX5410610696}{4:{177:0404021720}{451:0}}{1:F01VZCRVECAAXXX5410610696}{2:09501717040402VZCRVECAAXXX40812675430404021720N}{3:{108:SCONNECT}}{4:
:20:MI081223
:25:2222222222
:28C:0525/016
:60M:C081223VEF000000666882,16
:61:081223C000000003333,31NTRF000003273920//180028
PAGO
:61:081223C000000000864,95NTRF000003273924//180028
PAGO
:61:081223C000000001000,00NTRF000000351237//180028
PAGO
:61:081223C000000003741,85NTRF000000351240//180028
PAGO
:61:081223C000000002500,00NTRF000000351243//180028
PAGO
:61:081223C000000000320,00NTRF000000351262//180028
PAGO
:61:081223C000000002000,00NTRF000000351280//180028
PAGO
:61:081223C000000000250,00NTRF000000351299//180028
PAGO
:61:081223C000000000500,00NTRF000000351432//180028
PAGO
:62M:C081223VEF000000681392,27
-}{5:{CHK:1143FB20924B}}{S:{COP:S}}${1:F21VZCRVECAAXXX5410610696}{4:{177:0404021720}{451:0}}{1:F01VZCRVECAAXXX5410610696}{2:09501717040402VZCRVECAAXXX40812675430404021720N}{3:{108:SCONNECT}}{4:
:20:MI081223
:25:2222222222
:28C:0525/017
:60M:C081223VEF000000681392,27
:61:081223C000000000300,00NTRF000000351436//180028
PAGO
:61:081223C000000000875,97NTRF000000351595//180028
PAGO
:61:081223C000000001000,00NTRF000000351603//180028
PAGO
:61:081223C000000000500,00NTRF000000351620//180028
PAGO
:61:081223C000000025000,00NTRF000000351644//180028
PAGO
:61:081223C000000005000,00NTRF000000351167//180028
PAGO
:61:081223C000000002463,82NTRF000000351226//180028
PAGO
:61:081223C000000005000,00NTRF000000351160//180028
PAGO
:61:081223C000000005000,00NTRF000000351155//180028
PAGO
:62M:C081223VEF000000726532,06
-}{5:{CHK:1143FB20924B}}{S:{COP:S}}${1:F21VZCRVECAAXXX5410610696}{4:{177:0404021720}{451:0}}{1:F01VZCRVECAAXXX5410610696}{2:09501717040402VZCRVECAAXXX40812675430404021720N}{3:{108:SCONNECT}}{4:
:20:MI081223
:25:2222222222
:28C:0525/018
:60M:C081223VEF000000726532,06
:61:081223C000000010000,00NTRF000000351657//180028
PAGO
:61:081223C000000002883,15NTRF000003273988//180028
PAGO
:61:081223C000000001996,00NTRF000000350987//180028
PAGO
:61:081223C000000004000,00NTRF000027699947//180028
PAGO
:61:081223C000000004000,00NTRF000027699581//180028
PAGO
:61:081223C000000001020,00NTRF000027699283//180028
PAGO
:61:081223C000000000075,00NTRF000027698641//180028
PAGO
:61:081223C000000002000,00NTRF000027698094//180028
PAGO
:61:081223C000000000205,00NTRF000027698789//180028
PAGO
:62M:C081223VEF000000752711,21
-}{5:{CHK:1143FB20924B}}{S:{COP:S}}${1:F21VZCRVECAAXXX5410610696}{4:{177:0404021720}{451:0}}{1:F01VZCRVECAAXXX5410610696}{2:09501717040402VZCRVECAAXXX40812675430404021720N}{3:{108:SCONNECT}}{4:
:20:MI081223
:25:2222222222
:28C:0525/019
:60M:C081223VEF000000752711,21
:61:081223C000000010000,00NTRF000027698027//180028
PAGO
:61:081223C000000000420,00NTRF000027694459//180028
PAGO
:61:081223C000000001000,00NTRF000027687395//180028
PAGO
:61:081223C000000000025,00NTRF000027694745//180028
PAGO
:61:081223C000000001000,00NTRF000027690040//180028
PAGO
:61:081223C000000000500,00NTRF000027693099//180028
PAGO
:61:081223C000000000200,00NTRF000027687665//180028
PAGO
:61:081223C000000000400,00NTRF000027694997//180028
PAGO
:61:081223C000000004000,00NTRF000027671653//180028
PAGO
:62M:C081223VEF000000770256,21
-}{5:{CHK:1143FB20924B}}{S:{COP:S}}${1:F21VZCRVECAAXXX5410610696}{4:{177:0404021720}{451:0}}{1:F01VZCRVECAAXXX5410610696}{2:09501717040402VZCRVECAAXXX40812675430404021720N}{3:{108:SCONNECT}}{4:
:20:MI081223
:25:2222222222
:28C:0525/020
:60M:C081223VEF000000770256,21
:61:081223C000000000761,00NTRF000027675715//180028
PAGO
:61:081223C000000003710,00NTRF000027676002//180028
PAGO
:61:081223C000000000450,00NTRF000027676965//180028
PAGO
:61:081223C000000000300,00NTRF000027677466//180028
PAGO
:61:081223C000000000500,00NTRF000027679027//180028
PAGO
:61:081223C000000010000,00NTRF000027679047//180028
PAGO
:61:081223C000000000070,00NTRF000027679325//180028
PAGO
:61:081223C000000001500,00NTRF000027679451//180028
PAGO
:61:081223C000000020000,00NTRF000027680153//180028
PAGO
:62M:C081223VEF000000807547,21
-}{5:{CHK:1143FB20924B}}{S:{COP:S}}${1:F21VZCRVECAAXXX5410610696}{4:{177:0404021720}{451:0}}{1:F01VZCRVECAAXXX5410610696}{2:09501717040402VZCRVECAAXXX40812675430404021720N}{3:{108:SCONNECT}}{4:
:20:MI081223
:25:2222222222
:28C:0525/021
:60M:C081223VEF000000807547,21
:61:081223C000000000100,00NTRF000027680881//180028
PAGO
:61:081223C000000002000,00NTRF000027674822//180028
PAGO
:61:081223C000000002135,00NTRF000027673986//180028
PAGO
:61:081223C000000000100,00NTRF000027673884//180028
PAGO
:61:081223C000000003985,00NTRF000027674135//180028
PAGO
:61:081223C000000007500,00NTRF000027674748//180028
PAGO
:61:081223C000000007000,00NTRF000027682286//180028
PAGO
:61:081223C000000001800,00NTRF000027684091//180028
PAGO
:61:081223C000000011000,00NTRF000027684334//180028
PAGO
:62M:C081223VEF000000843167,21
-}{5:{CHK:1143FB20924B}}{S:{COP:S}}${1:F21VZCRVECAAXXX5410610696}{4:{177:0404021720}{451:0}}{1:F01VZCRVECAAXXX5410610696}{2:09501717040402VZCRVECAAXXX40812675430404021720N}{3:{108:SCONNECT}}{4:
:20:MI081223
:25:2222222222
:28C:0525/022
:60M:C081223VEF000000843167,21
:61:081223C000000002500,00NTRF000027684391//180028
PAGO
:61:081223C000000003000,00NTRF000027684954//180028
PAGO
:61:081223C000000000300,00NTRF000027685050//180028
PAGO
:61:081223C000000003000,00NTRF000027686533//180028
PAGO
:61:081223C000000001252,29NTRF000000000258//180028
PAGO
:61:081223C000000004034,75NTRF000000001321//180028
PAGO
:61:081223C000000010491,25NTRF000000001322//180028
PAGO
:61:081223C000000058179,15NTRF000000001305//180028
PAGO
:61:081223C000000000383,06NTRF000000001519//180028
PAGO
:62M:C081223VEF000000926307,71
-}{5:{CHK:1143FB20924B}}{S:{COP:S}}${1:F21VZCRVECAAXXX5410610696}{4:{177:0404021720}{451:0}}{1:F01VZCRVECAAXXX5410610696}{2:09501717040402VZCRVECAAXXX40812675430404021720N}{3:{108:SCONNECT}}{4:
:20:MI081223
:25:2222222222
:28C:0525/023
:60M:C081223VEF000000926307,71
:61:081223C000000000610,00NTRF000000001532//180028
PAGO
:61:081223C000000015610,99NTRF000000001285//180028
PAGO
:61:081223C000000004338,57NTRF000000001284//180028
PAGO
:61:081223C000000011759,92NTRF000000000959//180028
PAGO
:61:081223C000000001127,00NTRF000000000788//180028
PAGO
:61:081223C000000082985,98NTRF000000000773//180028
PAGO
:61:081223C000000000302,50NTRF000000000760//180028
PAGO
:61:081223C000000000804,00NTRF000000000762//180028
PAGO
:61:081223C000000016102,68NTRF000000000768//180028
PAGO
:62M:C081223VEF000001059949,35
-}{5:{CHK:1143FB20924B}}{S:{COP:S}}${1:F21VZCRVECAAXXX5410610696}{4:{177:0404021720}{451:0}}{1:F01VZCRVECAAXXX5410610696}{2:09501717040402VZCRVECAAXXX40812675430404021720N}{3:{108:SCONNECT}}{4:
:20:MI081223
:25:2222222222
:28C:0525/024
:60M:C081223VEF000001059949,35
:61:081223C000000003044,00NTRF000000000756//180028
PAGO
:61:081223C000000000804,00NTRF000000000757//180028
PAGO
:61:081223C000000035483,80NTRF000000000743//180028
PAGO
:61:081223C000000039245,11NTRF000000000659//180028
PAGO
:61:081223C000000119457,02NTRF000000000641//180028
PAGO
:61:081223C000000000164,50NTRF000000000598//180028
PAGO
:61:081223C000000000770,00NTRF000000000601//180028
PAGO
:61:081223C000000001920,93NTRF000000000530//180028
PAGO
:61:081223C000000008000,00NTRF000000000426//180028
PAGO
:62M:C081223VEF000001268838,71
-}{5:{CHK:1143FB20924B}}{S:{COP:S}}${1:F21VZCRVECAAXXX5410610696}{4:{177:0404021720}{451:0}}{1:F01VZCRVECAAXXX5410610696}{2:09501717040402VZCRVECAAXXX40812675430404021720N}{3:{108:SCONNECT}}{4:
:20:MI081223
:25:2222222222
:28C:0525/025
:60M:C081223VEF000001268838,71
:61:081223C000000001653,75NTRF000000763957//180028
PAGO
:61:081223C000000000600,00NTRF000000757121//180028
PAGO
:61:081223C000000005461,00NTRF000000000021//180028
PAGO
:61:081223C000000001000,00NTRF000000083557//180028
PAGO
:61:081223C000000000014,02NTRF000000083905//180028
PAGO
:61:081223C000000001000,00NTRF000000000000//180028
PAGO
:61:081223C000000001000,00NTRF000000000000//180028
PAGO
:61:081223C000000001505,00NTRF000056274557//180028
PAGO
:61:081223C000000000683,33NTRF000056278542//180028
PAGO
:62M:C081223VEF000001281755,81
-}{5:{CHK:1143FB20924B}}{S:{COP:S}}${1:F21VZCRVECAAXXX5410610696}{4:{177:0404021720}{451:0}}{1:F01VZCRVECAAXXX5410610696}{2:09501717040402VZCRVECAAXXX40812675430404021720N}{3:{108:SCONNECT}}{4:
:20:MI081223
:25:2222222222
:28C:0525/026
:60M:C081223VEF000001281755,81
:61:081223C000000003000,00NTRF000056267457//180028
PAGO
:61:081223C000000000700,00NTRF000056401429//180028
PAGO
:61:081223C000000000200,00NTRF000056400316//180028
PAGO
:61:081223C000000001000,00NTRF000056360195//180028
PAGO
:61:081223C000000000650,00NTRF000056388848//180028
PAGO
:61:081223C000000000250,00NTRF000056349282//180028
PAGO
:61:081223C000000000750,00NTRF000056349485//180028
PAGO
:61:081223C000000000750,00NTRF000056348945//180028
PAGO
:61:081223C000000000800,00NTRF000056331336//180028
PAGO
:62M:C081223VEF000001289855,81
-}{5:{CHK:1143FB20924B}}{S:{COP:S}}${1:F21VZCRVECAAXXX5410610696}{4:{177:0404021720}{451:0}}{1:F01VZCRVECAAXXX5410610696}{2:09501717040402VZCRVECAAXXX40812675430404021720N}{3:{108:SCONNECT}}{4:
:20:MI081223
:25:2222222222
:28C:0525/027
:60M:C081223VEF000001289855,81
:61:081223C000000000400,00NTRF000056367172//180028
PAGO
:61:081223C000000002520,00NTRF000056382689//180028
PAGO
:61:081223C000000001500,00NTRF000056400046//180028
PAGO
:61:081223C000000000275,00NTRF000056401149//180028
PAGO
:61:081223C000000002000,00NTRF000056406601//180028
PAGO
:61:081223C000000001000,00NTRF000056285882//180028
PAGO
:61:081223C000000000510,00NTRF000000551199//180028
PAGO
:61:081223C000000001440,00NTRF000000553556//180028
PAGO
:61:081223C000000002500,00NTRF000000553512//180028
PAGO
:62M:C081223VEF000001302000,81
-}{5:{CHK:1143FB20924B}}{S:{COP:S}}${1:F21VZCRVECAAXXX5410610696}{4:{177:0404021720}{451:0}}{1:F01VZCRVECAAXXX5410610696}{2:09501717040402VZCRVECAAXXX40812675430404021720N}{3:{108:SCONNECT}}{4:
:20:MI081223
:25:2222222222
:28C:0525/028
:60M:C081223VEF000001302000,81
:61:081223C000000003000,00NTRF000000553425//180028
PAGO
:61:081223C000000004492,50NTRF000000552927//180028
PAGO
:61:081223C000000000400,00NTRF000000552855//180028
PAGO
:61:081223C000000000391,00NTRF000000552834//180028
PAGO
:61:081223C000000000900,00NTRF000000551237//180028
PAGO
:61:081223C000000001000,00NTRF000000001148//180028
PAGO
:61:081223C000000008059,92NTRF000000001085//180028
PAGO
:61:081223C000000042397,23NTRF000000001088//180028
PAGO
:61:081223C000000005424,06NTRF000000001076//180028
PAGO
:62M:C081223VEF000001368065,52
-}{5:{CHK:1143FB20924B}}{S:{COP:S}}${1:F21VZCRVECAAXXX5410610696}{4:{177:0404021720}{451:0}}{1:F01VZCRVECAAXXX5410610696}{2:09501717040402VZCRVECAAXXX40812675430404021720N}{3:{108:SCONNECT}}{4:
:20:MI081223
:25:2222222222
:28C:0525/029
:60M:C081223VEF000001368065,52
:61:081223C000000012099,90NTRF000000001046//180028
PAGO
:61:081223C000000013057,74NTRF000000001032//180028
PAGO
:61:081223C000000001840,50NTRF000000001086//180028
PAGO
:61:081223C000001000000,00NTRF000000001114//180028
PAGO
:61:081223C000000001100,00NTRF000000001199//180028
PAGO
:61:081223C000000000392,20NTRF000000001307//180028
PAGO
:61:081223C000000007375,31NTRF000000001304//180028
PAGO
:61:081223C000000005608,86NTRF000000001305//180028
PAGO
:61:081223C000000000300,00NTRF000000001345//180028
PAGO
:62M:C081223VEF000002409840,03
-}{5:{CHK:1143FB20924B}}{S:{COP:S}}${1:F21VZCRVECAAXXX5410610696}{4:{177:0404021720}{451:0}}{1:F01VZCRVECAAXXX5410610696}{2:09501717040402VZCRVECAAXXX40812675430404021720N}{3:{108:SCONNECT}}{4:
:20:MI081223
:25:2222222222
:28C:0525/030
:60M:C081223VEF000002409840,03
:61:081223C000000002730,00NTRF000000001446//180028
PAGO
:61:081223C000000003000,00NTRF000029945490//180028
PAGO
:61:081223C000000002000,00NTRF000083850885//180028
PAGO
:61:081223C000000004000,00NTRF000083851456//180028
PAGO
:61:081223C000000000720,00NTRF000083851762//180028
PAGO
:61:081223C000000000800,00NTRF000083850900//180028
PAGO
:61:081223C000000002000,00NTRF000083850384//180028
PAGO
:61:081223C000000000200,00NTRF000083849861//180028
PAGO
:61:081223C000000001500,00NTRF000083882385//180028
PAGO
:62M:C081223VEF000002426790,03
-}{5:{CHK:1143FB20924B}}{S:{COP:S}}${1:F21VZCRVECAAXXX5410610696}{4:{177:0404021720}{451:0}}{1:F01VZCRVECAAXXX5410610696}{2:09501717040402VZCRVECAAXXX40812675430404021720N}{3:{108:SCONNECT}}{4:
:20:MI081223
:25:2222222222
:28C:0525/031
:60M:C081223VEF000002426790,03
:61:081223C000000050000,00NTRF000083883332//180028
PAGO
:61:081223C000000000480,00NTRF000083863264//180028
PAGO
:61:081223C000000002627,26NTRF000083865740//180028
PAGO
:61:081223C000000000150,00NTRF000083871830//180028
PAGO
:61:081223C000000002000,00NTRF000083875212//180028
PAGO
:61:081223C000000002000,00NTRF000083857572//180028
PAGO
:61:081223C000000000500,00NTRF000083859042//180028
PAGO
:61:081223C000000000200,00NTRF000083859720//180028
PAGO
:61:081223C000000003000,00NTRF000083859893//180028
PAGO
:62M:C081223VEF000002487747,29
-}{5:{CHK:1143FB20924B}}{S:{COP:S}}${1:F21VZCRVECAAXXX5410610696}{4:{177:0404021720}{451:0}}{1:F01VZCRVECAAXXX5410610696}{2:09501717040402VZCRVECAAXXX40812675430404021720N}{3:{108:SCONNECT}}{4:
:20:MI081223
:25:2222222222
:28C:0525/032
:60M:C081223VEF000002487747,29
:61:081223C000000000340,00NTRF000083860103//180028
PAGO
:61:081223C000000000470,00NTRF000083861164//180028
PAGO
:61:081223C000000001000,00NTRF000083861234//180028
PAGO
:61:081223C000000002000,00NTRF000083879703//180028
PAGO
:61:081223C000000300000,00NTRF000083880160//180028
PAGO
:61:081223C000000000540,00NTRF000083880436//180028
PAGO
:61:081223C000000001000,00NTRF000083851810//180028
PAGO
:61:081223C000000005000,00NTRF000083852134//180028
PAGO
:61:081223C000000004000,00NTRF000083853781//180028
PAGO
:62M:C081223VEF000002802097,29
-}{5:{CHK:1143FB20924B}}{S:{COP:S}}${1:F21VZCRVECAAXXX5410610696}{4:{177:0404021720}{451:0}}{1:F01VZCRVECAAXXX5410610696}{2:09501717040402VZCRVECAAXXX40812675430404021720N}{3:{108:SCONNECT}}{4:
:20:MI081223
:25:2222222222
:28C:0525/033
:60M:C081223VEF000002802097,29
:61:081223C000000001000,00NTRF000083854960//180028
PAGO
:61:081223C000000000100,00NTRF000083856010//180028
PAGO
:61:081223C000000005000,00NTRF000083856404//180028
PAGO
:61:081223C000000017600,00NTRF000083875702//180028
PAGO
:61:081223C000000005000,00NTRF000083874884//180028
PAGO
:61:081223C000000002441,00NTRF000083871605//180028
PAGO
:61:081223C000000000300,00NTRF000083871196//180028
PAGO
:61:081223C000000004200,00NTRF000083865305//180028
PAGO
:61:081223C000000000200,00NTRF000083881534//180028
PAGO
:62M:C081223VEF000002837938,29
-}{5:{CHK:1143FB20924B}}{S:{COP:S}}${1:F21VZCRVECAAXXX5410610696}{4:{177:0404021720}{451:0}}{1:F01VZCRVECAAXXX5410610696}{2:09501717040402VZCRVECAAXXX40812675430404021720N}{3:{108:SCONNECT}}{4:
:20:MI081223
:25:2222222222
:28C:0525/034
:60M:C081223VEF000002837938,29
:61:081223C000000002200,00NTRF000083880775//180028
PAGO
:61:081223C000000500000,00NTRF000083880554//180028
PAGO
:61:081223C000000000035,00NTRF000083880451//180028
PAGO
:61:081223C000000000672,00NTRF000083885071//180028
PAGO
:61:081223C000000002010,00NTRF000083871955//180028
PAGO
:61:081223C000000009800,00NTRF000083860276//180028
PAGO
:61:081223C000000000500,00NTRF000083858902//180028
PAGO
:61:081223C000000000400,00NTRF000000000000//180028
PAGO
:61:081223C000000017617,93NTRF000000001046//180028
PAGO
:62M:C081223VEF000003371173,22
-}{5:{CHK:1143FB20924B}}{S:{COP:S}}${1:F21VZCRVECAAXXX5410610696}{4:{177:0404021720}{451:0}}{1:F01VZCRVECAAXXX5410610696}{2:09501717040402VZCRVECAAXXX40812675430404021720N}{3:{108:SCONNECT}}{4:
:20:MI081223
:25:2222222222
:28C:0525/035
:60M:C081223VEF000003371173,22
:61:081223C000000001873,61NTRF000000001046//180028
PAGO
:61:081223C000000008000,00NTRF000000410741//180028
PAGO
:61:081223C000000000463,10NTRF000000412684//180028
PAGO
:61:081223C000000000580,00NTRF000000413340//180028
PAGO
:61:081223C000000000580,00NTRF000000413344//180028
PAGO
:61:081223C000000000200,00NTRF000000413349//180028
PAGO
:61:081223C000000001500,00NTRF000000413129//180028
PAGO
:61:081223C000000001263,40NTRF000000413016//180028
PAGO
:61:081223C000000000507,60NTRF000000413020//180028
PAGO
:62M:C081223VEF000003386140,93
-}{5:{CHK:1143FB20924B}}{S:{COP:S}}${1:F21VZCRVECAAXXX5410610696}{4:{177:0404021720}{451:0}}{1:F01VZCRVECAAXXX5410610696}{2:09501717040402VZCRVECAAXXX40812675430404021720N}{3:{108:SCONNECT}}{4:
:20:MI081223
:25:2222222222
:28C:0525/036
:60M:C081223VEF000003386140,93
:61:081223C000000000807,68NTRF000000413025//180028
PAGO
:61:081223C000000000320,00NTRF000000413347//180028
PAGO
:61:081223C000000000510,00NTRF000000413348//180028
PAGO
:61:081223C000000001000,00NTRF000000413423//180028
PAGO
:61:081223C000000000200,00NTRF000000286987//180028
PAGO
:61:081223C000000003000,00NTRF000000286965//180028
PAGO
:61:081223C000000000875,00NTRF000000286557//180028
PAGO
:61:081223C000000000500,00NTRF000000286450//180028
PAGO
:61:081223C000000020000,00NTRF000000414263//180028
PAGO
:62M:C081223VEF000003413353,61
-}{5:{CHK:1143FB20924B}}{S:{COP:S}}${1:F21VZCRVECAAXXX5410610696}{4:{177:0404021720}{451:0}}{1:F01VZCRVECAAXXX5410610696}{2:09501717040402VZCRVECAAXXX40812675430404021720N}{3:{108:SCONNECT}}{4:
:20:MI081223
:25:2222222222
:28C:0525/037
:60M:C081223VEF000003413353,61
:61:081223C000000000175,00NTRF000000413914//180028
PAGO
:61:081223C000000003000,00NTRF000000413887//180028
PAGO
:61:081223C000000000100,00NTRF000000413843//180028
PAGO
:61:081223C000000000945,00NTRF000000413589//180028
PAGO
:61:081223C000000002582,99NTRF000000414536//180028
PAGO
:61:081223C000000002400,00NTRF000000286539//180028
PAGO
:61:081223C000000000400,00NTRF000000286952//180028
PAGO
:61:081223C000000006000,00NTRF000000287229//180028
PAGO
:61:081223C000000000220,00NTRF000003114111//180028
PAGO
:62M:C081223VEF000003429176,60
-}{5:{CHK:1143FB20924B}}{S:{COP:S}}${1:F21VZCRVECAAXXX5410610696}{4:{177:0404021720}{451:0}}{1:F01VZCRVECAAXXX5410610696}{2:09501717040402VZCRVECAAXXX40812675430404021720N}{3:{108:SCONNECT}}{4:
:20:MI081223
:25:2222222222
:28C:0525/038
:60M:C081223VEF000003429176,60
:61:081223C000000002890,99NTRF000003110961//180028
PAGO
:61:081223C000000116770,20NTRF000000058318//180028
PAGO
:61:081223C000000097130,69NTRF000000058317//180028
PAGO
:61:081223C000000008100,00NTRF000000060024//180028
PAGO
:61:081223C000000001000,00NTRF000000059753//180028
PAGO
:61:081223C000000004000,00NTRF000000059700//180028
PAGO
:61:081223C000000001400,00NTRF000000059667//180028
PAGO
:61:081223C000000056395,57NTRF000000058734//180028
PAGO
:61:081223C000000016751,77NTRF000000058735//180028
PAGO
:62M:C081223VEF000003733615,82
-}{5:{CHK:1143FB20924B}}{S:{COP:S}}${1:F21VZCRVECAAXXX5410610696}{4:{177:0404021720}{451:0}}{1:F01VZCRVECAAXXX5410610696}{2:09501717040402VZCRVECAAXXX40812675430404021720N}{3:{108:SCONNECT}}{4:
:20:MI081223
:25:2222222222
:28C:0525/039
:60M:C081223VEF000003733615,82
:61:081223C000000002800,00NTRF000000058689//180028
PAGO
:61:081223C000000000500,00NTRF000000058681//180028
PAGO
:61:081223C000000001800,00NTRF000000058663//180028
PAGO
:61:081223C000000001000,00NTRF000000059621//180028
PAGO
:61:081223C000000004698,50NTRF000000059622//180028
PAGO
:61:081223C000000024100,00NTRF000000059538//180028
PAGO
:61:081223C000000001000,00NTRF000000059475//180028
PAGO
:61:081223C000000005000,00NTRF000000059145//180028
PAGO
:61:081223C000000003000,00NTRF000000059089//180028
PAGO
:62M:C081223VEF000003777514,32
-}{5:{CHK:1143FB20924B}}{S:{COP:S}}${1:F21VZCRVECAAXXX5410610696}{4:{177:0404021720}{451:0}}{1:F01VZCRVECAAXXX5410610696}{2:09501717040402VZCRVECAAXXX40812675430404021720N}{3:{108:SCONNECT}}{4:
:20:MI081223
:25:2222222222
:28C:0525/040
:60M:C081223VEF000003777514,32
:61:081223C000000001100,00NTRF000000059050//180028
PAGO
:61:081223C000000000150,00NTRF000000058985//180028
PAGO
:61:081223C000000005000,00NTRF000000058906//180028
PAGO
:61:081223C000000000750,00NTRF000000058914//180028
PAGO
:61:081223C000000050000,00NTRF000000058893//180028
PAGO
:61:081223C000000003000,00NTRF000000058834//180028
PAGO
:61:081223C000000001792,29NTRF000000058628//180028
PAGO
:61:081223C000000002590,00NTRF000000059670//180028
PAGO
:61:081223C000000002000,00NTRF000000059708//180028
PAGO
:62M:C081223VEF000003843896,61
-}{5:{CHK:1143FB20924B}}{S:{COP:S}}${1:F21VZCRVECAAXXX5410610696}{4:{177:0404021720}{451:0}}{1:F01VZCRVECAAXXX5410610696}{2:09501717040402VZCRVECAAXXX40812675430404021720N}{3:{108:SCONNECT}}{4:
:20:MI081223
:25:2222222222
:28C:0525/041
:60M:C081223VEF000003843896,61
:61:081223C000000000900,00NTRF000000059728//180028
PAGO
:61:081223C000000002000,00NTRF000000059815//180028
PAGO
:61:081223C000000006000,00NTRF000000058371//180028
PAGO
:61:081223C000000013000,00NTRF000000056289//180028
PAGO
:61:081223C000000012000,00NTRF000000057935//180028
PAGO
:61:081223C000000001689,77NTRF000000057880//180028
PAGO
:61:081223C000000000800,00NTRF000000058005//180028
PAGO
:61:081223C000000001075,00NTRF000000058022//180028
PAGO
:61:081223C000000003500,00NTRF000000057762//180028
PAGO
:62M:C081223VEF000003884861,38
-}{5:{CHK:1143FB20924B}}{S:{COP:S}}${1:F21VZCRVECAAXXX5410610696}{4:{177:0404021720}{451:0}}{1:F01VZCRVECAAXXX5410610696}{2:09501717040402VZCRVECAAXXX40812675430404021720N}{3:{108:SCONNECT}}{4:
:20:MI081223
:25:2222222222
:28C:0525/042
:60M:C081223VEF000003884861,38
:61:081223C000000009800,00NTRF000000057733//180028
PAGO
:61:081223C000000001500,00NTRF000000057543//180028
PAGO
:61:081223C000000008000,00NTRF000000057421//180028
PAGO
:61:081223C000000000120,00NTRF000000057290//180028
PAGO
:61:081223C000000007528,81NTRF000000057288//180028
PAGO
:61:081223C000000000150,00NTRF000000057273//180028
PAGO
:61:081223C000000000890,00NTRF000000057225//180028
PAGO
:61:081223C000000000560,00NTRF000000057219//180028
PAGO
:61:081223C000000000260,00NTRF000000057224//180028
PAGO
:62M:C081223VEF000003913670,19
-}{5:{CHK:1143FB20924B}}{S:{COP:S}}${1:F21VZCRVECAAXXX5410610696}{4:{177:0404021720}{451:0}}{1:F01VZCRVECAAXXX5410610696}{2:09501717040402VZCRVECAAXXX40812675430404021720N}{3:{108:SCONNECT}}{4:
:20:MI081223
:25:2222222222
:28C:0525/043
:60M:C081223VEF000003913670,19
:61:081223C000000002000,00NTRF000000057210//180028
PAGO
:61:081223C000000001000,00NTRF000000056821//180028
PAGO
:61:081223C000000003439,60NTRF000000056799//180028
PAGO
:61:081223C000000000650,00NTRF000000056710//180028
PAGO
:61:081223C000000030000,00NTRF000000056715//180028
PAGO
:61:081223C000000000747,00NTRF000000056420//180028
PAGO
:61:081223C000000002000,00NTRF000000057655//180028
PAGO
:61:081223C000000000500,00NTRF000000057754//180028
PAGO
:61:081223C000000001000,00NTRF000000056345//180028
PAGO
:62M:C081223VEF000003955006,79
-}{5:{CHK:1143FB20924B}}{S:{COP:S}}${1:F21VZCRVECAAXXX5410610696}{4:{177:0404021720}{451:0}}{1:F01VZCRVECAAXXX5410610696}{2:09501717040402VZCRVECAAXXX40812675430404021720N}{3:{108:SCONNECT}}{4:
:20:MI081223
:25:2222222222
:28C:0525/044
:60M:C081223VEF000003955006,79
:61:081223C000000014419,59NTRF000000868773//180028
PAGO
:61:081223C000000016380,29NTRF000000868793//180028
PAGO
:61:081223C000000016594,54NTRF000000868782//180028
PAGO
:61:081223C000000025324,99NTRF000000868767//180028
PAGO
:61:081223C000000013420,50NTRF000000875650//180028
PAGO
:61:081223C000000000355,00NTRF000000000104//180028
PAGO
:61:081223C000000002000,00NTRF000000122852//180028
PAGO
:61:081223C000000001000,00NTRF000000092761//180028
PAGO
:61:081223C000000000193,00NTRF000000122704//180028
PAGO
:62M:C081223VEF000004044694,70
-}{5:{CHK:1143FB20924B}}{S:{COP:S}}${1:F21VZCRVECAAXXX5410610696}{4:{177:0404021720}{451:0}}{1:F01VZCRVECAAXXX5410610696}{2:09501717040402VZCRVECAAXXX40812675430404021720N}{3:{108:SCONNECT}}{4:
:20:MI081223
:25:2222222222
:28C:0525/045
:60M:C081223VEF000004044694,70
:61:081223C000000000345,00NTRF000000122655//180028
PAGO
:61:081223C000000000300,00NTRF000000122686//180028
PAGO
:61:081223C000000002000,00NTRF000000122935//180028
PAGO
:61:081223C000000009000,00NTRF000027716910//180028
PAGO
:61:081223C000000003200,00NTRF000027716374//180028
PAGO
:61:081223C000000000100,00NTRF000000004735//180028
PAGO
:61:081223C000000001000,00NTRF000029919484//180028
PAGO
:61:081223C000000238244,68NTRF000000005239//180028
PAGO
:61:081223C000000096858,66NTRF000000005255//180028
PAGO
:62M:C081223VEF000004395743,04
-}{5:{CHK:1143FB20924B}}{S:{COP:S}}${1:F21VZCRVECAAXXX5410610696}{4:{177:0404021720}{451:0}}{1:F01VZCRVECAAXXX5410610696}{2:09501717040402VZCRVECAAXXX40812675430404021720N}{3:{108:SCONNECT}}{4:
:20:MI081223
:25:2222222222
:28C:0525/046
:60M:C081223VEF000004395743,04
:61:081223C000000015120,19NTRF000000429372//180028
PAGO
:61:081223C000000054769,69NTRF000000429318//180028
PAGO
:61:081223C000004078720,17NTRF000000005259//180028
PAGO
:61:081223C000000048177,53NTRF000000429268//180028
PAGO
:61:081223C000000004101,85NTRF000035880813//180028
PAGO
:61:081223C000000002290,54NTRF000035880813//180028
PAGO
:61:081223C000000006246,39NTRF000058808133//180028
PAGO
:61:081223C000000004189,37NTRF000088081576//180028
PAGO
:61:081223C000000001419,12NTRF000088081576//180028
PAGO
:62M:C081223VEF000008610777,89
-}{5:{CHK:1143FB20924B}}{S:{COP:S}}${1:F21VZCRVECAAXXX5410610696}{4:{177:0404021720}{451:0}}{1:F01VZCRVECAAXXX5410610696}{2:09501717040402VZCRVECAAXXX40812675430404021720N}{3:{108:SCONNECT}}{4:
:20:MI081223
:25:2222222222
:28C:0525/047
:60M:C081223VEF000008610777,89
:61:081223C000000002303,91NTRF000088081576//180028
PAGO
:61:081223C000000008606,02NTRF000088081576//180028
PAGO
:61:081223C000000005569,71NTRF000080815761//180028
PAGO
:61:081223C000000001394,59NTRF000000005232//180028
PAGO
:61:081223C000000025501,15NTRF000000005240//180028
PAGO
:61:081223C000000002681,85NTRF000088081576//180028
PAGO
:61:081223C000000003928,17NTRF000035880813//180028
PAGO
:61:081223C000000000561,43NTRF000035880813//180028
PAGO
:61:081223C000000002104,78NTRF000035880813//180028
PAGO
:62M:C081223VEF000008663429,50
-}{5:{CHK:1143FB20924B}}{S:{COP:S}}${1:F21VZCRVECAAXXX5410610696}{4:{177:0404021720}{451:0}}{1:F01VZCRVECAAXXX5410610696}{2:09501717040402VZCRVECAAXXX40812675430404021720N}{3:{108:SCONNECT}}{4:
:20:MI081223
:25:2222222222
:28C:0525/048
:60M:C081223VEF000008663429,50
:61:081223C000000020287,28NTRF000035880813//180028
PAGO
:61:081223C000000005759,44NTRF000080815750//180028
PAGO
:61:081223C000000003395,70NTRF000035880813//180028
PAGO
:61:081223C000000031046,70NTRF000000429234//180028
PAGO
:61:081223C000000002100,00NTRF000000026989//180028
PAGO
:61:081223C000000004160,00NTRF000000026808//180028
PAGO
:61:081223C000000000500,00NTRF000000026606//180028
PAGO
:61:081223C000000001500,00NTRF000000026584//180028
PAGO
:61:081223C000000000277,20NTRF000000026712//180028
PAGO
:62M:C081223VEF000008732455,82
-}{5:{CHK:1143FB20924B}}{S:{COP:S}}${1:F21VZCRVECAAXXX5410610696}{4:{177:0404021720}{451:0}}{1:F01VZCRVECAAXXX5410610696}{2:09501717040402VZCRVECAAXXX40812675430404021720N}{3:{108:SCONNECT}}{4:
:20:MI081223
:25:2222222222
:28C:0525/049
:60M:C081223VEF000008732455,82
:61:081223C000000000900,00NTRF000000026758//180028
PAGO
:61:081223C000000004160,00NTRF000000026809//180028
PAGO
:61:081223C000000001320,00NTRF000000026552//180028
PAGO
:61:081223C000000000100,00NTRF000000026447//180028
PAGO
:61:081223C000000000290,00NTRF000000026413//180028
PAGO
:61:081223C000000007549,23NTRF000000026264//180028
PAGO
:61:081223C000000007290,00NTRF000000026260//180028
PAGO
:61:081223C000000000563,52NTRF000000026137//180028
PAGO
:61:081223C000000002936,27NTRF000000026054//180028
PAGO
:62M:C081223VEF000008757564,84
-}{5:{CHK:1143FB20924B}}{S:{COP:S}}${1:F21VZCRVECAAXXX5410610696}{4:{177:0404021720}{451:0}}{1:F01VZCRVECAAXXX5410610696}{2:09501717040402VZCRVECAAXXX40812675430404021720N}{3:{108:SCONNECT}}{4:
:20:MI081223
:25:2222222222
:28C:0525/050
:60M:C081223VEF000008757564,84
:61:081223C000000000140,00NTRF000000027117//180028
PAGO
:61:081223C000000001000,00NTRF000000028115//180028
PAGO
:61:081223C000000001530,00NTRF000000028090//180028
PAGO
:61:081223C000000010000,00NTRF000000028183//180028
PAGO
:61:081223C000000001000,00NTRF000000028276//180028
PAGO
:61:081223C000000003000,00NTRF000000027206//180028
PAGO
:61:081223C000000001735,00NTRF000000028025//180028
PAGO
:61:081223C000000000225,00NTRF000000027979//180028
PAGO
:61:081223C000000000540,00NTRF000000027891//180028
PAGO
:62M:C081223VEF000008776734,84
-}{5:{CHK:1143FB20924B}}{S:{COP:S}}${1:F21VZCRVECAAXXX5410610696}{4:{177:0404021720}{451:0}}{1:F01VZCRVECAAXXX5410610696}{2:09501717040402VZCRVECAAXXX40812675430404021720N}{3:{108:SCONNECT}}{4:
:20:MI081223
:25:2222222222
:28C:0525/051
:60M:C081223VEF000008776734,84
:61:081223C000000000280,00NTRF000000027858//180028
PAGO
:61:081223C000000003000,00NTRF000000027853//180028
PAGO
:61:081223C000000000250,00NTRF000000027687//180028
PAGO
:61:081223C000000000600,00NTRF000000027552//180028
PAGO
:61:081223C000000000300,00NTRF000000027387//180028
PAGO
:61:081223C000000001000,00NTRF000000027356//180028
PAGO
:61:081223C000000001300,00NTRF000000027362//180028
PAGO
:61:081223C000000000400,00NTRF000000027349//180028
PAGO
:61:081223C000000005685,00NTRF000000027352//180028
PAGO
:62M:C081223VEF000008789549,84
-}{5:{CHK:1143FB20924B}}{S:{COP:S}}${1:F21VZCRVECAAXXX5410610696}{4:{177:0404021720}{451:0}}{1:F01VZCRVECAAXXX5410610696}{2:09501717040402VZCRVECAAXXX40812675430404021720N}{3:{108:SCONNECT}}{4:
:20:MI081223
:25:2222222222
:28C:0525/052
:60M:C081223VEF000008789549,84
:61:081223C000000006000,00NTRF000000028024//180028
PAGO
:61:081223C000000009000,00NTRF000000028287//180028
PAGO
:61:081223C000000000381,69NTRF000000028827//180028
PAGO
:61:081223C000000020000,00NTRF000000028719//180028
PAGO
:61:081223C000000001000,00NTRF000000028448//180028
PAGO
:61:081223C000000001200,00NTRF000000028317//180028
PAGO
:61:081223C000000008000,00NTRF000000028582//180028
PAGO
:61:081223C000000005000,00NTRF000000028824//180028
PAGO
:61:081223C000000000700,00NTRF000000028840//180028
PAGO
:62M:C081223VEF000008840831,53
-}{5:{CHK:1143FB20924B}}{S:{COP:S}}${1:F21VZCRVECAAXXX5410610696}{4:{177:0404021720}{451:0}}{1:F01VZCRVECAAXXX5410610696}{2:09501717040402VZCRVECAAXXX40812675430404021720N}{3:{108:SCONNECT}}{4:
:20:MI081223
:25:2222222222
:28C:0525/053
:60M:C081223VEF000008840831,53
:61:081223C000000004000,00NTRF000000029087//180028
PAGO
:61:081223C000000006000,00NTRF000000029088//180028
PAGO
:61:081223C000000000400,00NTRF000000029597//180028
PAGO
:61:081223C000000002500,00NTRF000000029601//180028
PAGO
:61:081223C000000004500,00NTRF000000029577//180028
PAGO
:61:081223C000000000565,42NTRF000000029996//180028
PAGO
:61:081223C000000000292,07NTRF000000029995//180028
PAGO
:61:081223C000000000600,00NTRF000000029956//180028
PAGO
:61:081223C000000002800,00NTRF000000029943//180028
PAGO
:62M:C081223VEF000008862489,02
-}{5:{CHK:1143FB20924B}}{S:{COP:S}}${1:F21VZCRVECAAXXX5410610696}{4:{177:0404021720}{451:0}}{1:F01VZCRVECAAXXX5410610696}{2:09501717040402VZCRVECAAXXX40812675430404021720N}{3:{108:SCONNECT}}{4:
:20:MI081223
:25:2222222222
:28C:0525/054
:60M:C081223VEF000008862489,02
:61:081223C000000000801,50NTRF000000029860//180028
PAGO
:61:081223C000000003000,00NTRF000000029728//180028
PAGO
:61:081223C000000000300,00NTRF000000029721//180028
PAGO
:61:081223C000000009800,00NTRF000000029645//180028
PAGO
:61:081223C000000000050,00NTRF000000029620//180028
PAGO
:61:081223C000000000500,00NTRF000000029519//180028
PAGO
:61:081223C000000005000,00NTRF000000029526//180028
PAGO
:61:081223C000000001690,90NTRF000000029495//180028
PAGO
:61:081223C000000001600,00NTRF000000029372//180028
PAGO
:62M:C081223VEF000008885231,42
-}{5:{CHK:1143FB20924B}}{S:{COP:S}}${1:F21VZCRVECAAXXX5410610696}{4:{177:0404021720}{451:0}}{1:F01VZCRVECAAXXX5410610696}{2:09501717040402VZCRVECAAXXX40812675430404021720N}{3:{108:SCONNECT}}{4:
:20:MI081223
:25:2222222222
:28C:0525/055
:60M:C081223VEF000008885231,42
:61:081223C000000008000,00NTRF000000030262//180028
PAGO
:61:081223C000000000500,00NTRF000000027236//180028
PAGO
:61:081223C000000005850,00NTRF000000026898//180028
PAGO
:61:081223C000000004275,00NTRF000000029048//180028
PAGO
:61:081223C000000001000,00NTRF000000028879//180028
PAGO
:61:081223C000000002000,00NTRF000000037319//180028
PAGO
:61:081223C000000000500,00NTRF000000037280//180028
PAGO
:61:081223C000000001574,00NTRF000000037235//180028
PAGO
:61:081223C000000000670,00NTRF000000037238//180028
PAGO
:62M:C081223VEF000008909600,42
-}{5:{CHK:1143FB20924B}}{S:{COP:S}}${1:F21VZCRVECAAXXX5410610696}{4:{177:0404021720}{451:0}}{1:F01VZCRVECAAXXX5410610696}{2:09501717040402VZCRVECAAXXX40812675430404021720N}{3:{108:SCONNECT}}{4:
:20:MI081223
:25:2222222222
:28C:0525/056
:60M:C081223VEF000008909600,42
:61:081223C000000000270,00NTRF000000037097//180028
PAGO
:61:081223C000000000470,00NTRF000000036993//180028
PAGO
:61:081223C000000005000,00NTRF000000036931//180028
PAGO
:61:081223C000000003590,00NTRF000000036934//180028
PAGO
:61:081223C000000000612,64NTRF000000036123//180028
PAGO
:61:081223C000000000878,00NTRF000000030537//180028
PAGO
:61:081223C000000001000,00NTRF000000030184//180028
PAGO
:61:081223C000000003634,00NTRF000000029891//180028
PAGO
:61:081223C000000002000,00NTRF000000029955//180028
PAGO
:62M:C081223VEF000008927055,06
-}{5:{CHK:1143FB20924B}}{S:{COP:S}}${1:F21VZCRVECAAXXX5410610696}{4:{177:0404021720}{451:0}}{1:F01VZCRVECAAXXX5410610696}{2:09501717040402VZCRVECAAXXX40812675430404021720N}{3:{108:SCONNECT}}{4:
:20:MI081223
:25:2222222222
:28C:0525/057
:60M:C081223VEF000008927055,06
:61:081223C000000002000,00NTRF000000029816//180028
PAGO
:61:081223C000000026906,64NTRF000000047301//180028
PAGO
:61:081223C000000000005,00NTRF000000037664//180028
PAGO
:61:081223C000000000300,00NTRF000000037628//180028
PAGO
:61:081223C000000006000,00NTRF000000031087//180028
PAGO
:61:081223C000000001000,00NTRF000000030733//180028
PAGO
:61:081223C000000001500,00NTRF000000030737//180028
PAGO
:61:081223C000000010000,00NTRF000000030695//180028
PAGO
:61:081223C000000000320,00NTRF000000030640//180028
PAGO
:62M:C081223VEF000008975086,70
-}{5:{CHK:1143FB20924B}}{S:{COP:S}}${1:F21VZCRVECAAXXX5410610696}{4:{177:0404021720}{451:0}}{1:F01VZCRVECAAXXX5410610696}{2:09501717040402VZCRVECAAXXX40812675430404021720N}{3:{108:SCONNECT}}{4:
:20:MI081223
:25:2222222222
:28C:0525/058
:60M:C081223VEF000008975086,70
:61:081223C000000002194,00NTRF000000030538//180028
PAGO
:61:081223C000000005000,00NTRF000000037314//180028
PAGO
:61:081223C000000000700,00NTRF000000036780//180028
PAGO
:61:081223C000000000060,00NTRF000000036638//180028
PAGO
:61:081223C000000000538,00NTRF000000036054//180028
PAGO
:61:081223C000000003400,00NTRF000000035985//180028
PAGO
:61:081223C000000010000,00NTRF000000035955//180028
PAGO
:61:081223C000000000050,00NTRF000000035952//180028
PAGO
:61:081223C000000003000,00NTRF000000035894//180028
PAGO
:62M:C081223VEF000009000028,70
-}{5:{CHK:1143FB20924B}}{S:{COP:S}}${1:F21VZCRVECAAXXX5410610696}{4:{177:0404021720}{451:0}}{1:F01VZCRVECAAXXX5410610696}{2:09501717040402VZCRVECAAXXX40812675430404021720N}{3:{108:SCONNECT}}{4:
:20:MI081223
:25:2222222222
:28C:0525/059
:60M:C081223VEF000009000028,70
:61:081223C000000007456,00NTRF000000035850//180028
PAGO
:61:081223C000000001000,00NTRF000000032003//180028
PAGO
:61:081223C000000001440,00NTRF000000031990//180028
PAGO
:61:081223C000000003500,00NTRF000000031936//180028
PAGO
:61:081223C000000002000,00NTRF000000031922//180028
PAGO
:61:081223C000000000860,00NTRF000000031772//180028
PAGO
:61:081223C000000001560,00NTRF000000031614//180028
PAGO
:61:081223C000000000600,00NTRF000000031574//180028
PAGO
:61:081223C000000000100,00NTRF000000028560//180028
PAGO
:62M:C081223VEF000009018544,70
-}{5:{CHK:1143FB20924B}}{S:{COP:S}}${1:F21VZCRVECAAXXX5410610696}{4:{177:0404021720}{451:0}}{1:F01VZCRVECAAXXX5410610696}{2:09501717040402VZCRVECAAXXX40812675430404021720N}{3:{108:SCONNECT}}{4:
:20:MI081223
:25:2222222222
:28C:0525/060
:60M:C081223VEF000009018544,70
:61:081223C000000000130,00NTRF000000028954//180028
PAGO
:61:081223C000000000868,00NTRF000000029311//180028
PAGO
:61:081223C000000000659,00NTRF000000027249//180028
PAGO
:61:081223C000000000500,00NTRF000000028096//180028
PAGO
:61:081223C000000001500,00NTRF000000028188//180028
PAGO
:61:081223C000000001000,00NTRF000000357676//180028
PAGO
:61:081223C000000002000,00NTRF000000357688//180028
PAGO
:61:081223C000000000400,00NTRF000000356390//180028
PAGO
:61:081223C000000000200,00NTRF000000356420//180028
PAGO
:62M:C081223VEF000009025801,70
-}{5:{CHK:1143FB20924B}}{S:{COP:S}}${1:F21VZCRVECAAXXX5410610696}{4:{177:0404021720}{451:0}}{1:F01VZCRVECAAXXX5410610696}{2:09501717040402VZCRVECAAXXX40812675430404021720N}{3:{108:SCONNECT}}{4:
:20:MI081223
:25:2222222222
:28C:0525/061
:60M:C081223VEF000009025801,70
:61:081223C000000000265,50NTRF000000356441//180028
PAGO
:61:081223C000000003000,00NTRF000000356564//180028
PAGO
:61:081223C000000002000,00NTRF000000356310//180028
PAGO
:61:081223C000000001000,00NTRF000000356338//180028
PAGO
:61:081223C000000000300,00NTRF000000356373//180028
PAGO
:61:081223C000000000300,00NTRF000000356381//180028
PAGO
:61:081223C000000000585,00NTRF000000349277//180028
PAGO
:61:081223C000000011392,83NTRF000000351049//180028
PAGO
:61:081223C000000002553,50NTRF000000351056//180028
PAGO
:62M:C081223VEF000009047198,53
-}{5:{CHK:1143FB20924B}}{S:{COP:S}}${1:F21VZCRVECAAXXX5410610696}{4:{177:0404021720}{451:0}}{1:F01VZCRVECAAXXX5410610696}{2:09501717040402VZCRVECAAXXX40812675430404021720N}{3:{108:SCONNECT}}{4:
:20:MI081223
:25:2222222222
:28C:0525/062
:60M:C081223VEF000009047198,53
:61:081223C000000003000,00NTRF000000355634//180028
PAGO
:61:081223C000000000016,05NTRF000000344833//180028
PAGO
:61:081223C000000006070,00NTRF000000344843//180028
PAGO
:61:081223C000000000165,00NTRF000000345227//180028
PAGO
:61:081223C000000000319,32NTRF000000346313//180028
PAGO
:61:081223C000000100000,00NTRF000000346900//180028
PAGO
:61:081223C000000000960,00NTRF000000347289//180028
PAGO
:61:081223C000000000218,00NTRF000000347292//180028
PAGO
:61:081223C000000002200,00NTRF000000347295//180028
PAGO
:62M:C081223VEF000009160146,90
-}{5:{CHK:1143FB20924B}}{S:{COP:S}}${1:F21VZCRVECAAXXX5410610696}{4:{177:0404021720}{451:0}}{1:F01VZCRVECAAXXX5410610696}{2:09501717040402VZCRVECAAXXX40812675430404021720N}{3:{108:SCONNECT}}{4:
:20:MI081223
:25:2222222222
:28C:0525/063
:60M:C081223VEF000009160146,90
:61:081223C000001200000,00NTRF000000343820//180028
PAGO
:61:081223C000000250000,00NTRF000000343839//180028
PAGO
:61:081223C000000015200,77NTRF000000343888//180028
PAGO
:61:081223C000000000508,95NTRF000000343836//180028
PAGO
:61:081223C000000051573,19NTRF000000343965//180028
PAGO
:61:081223C000000036079,20NTRF000000344117//180028
PAGO
:61:081223C000000207319,67NTRF000000344282//180028
PAGO
:61:081223C000000003411,99NTRF000000344305//180028
PAGO
:61:081223C000000050703,04NTRF000000344391//180028
PAGO
:62M:C081223VEF000010974943,71
-}{5:{CHK:1143FB20924B}}{S:{COP:S}}${1:F21VZCRVECAAXXX5410610696}{4:{177:0404021720}{451:0}}{1:F01VZCRVECAAXXX5410610696}{2:09501717040402VZCRVECAAXXX40812675430404021720N}{3:{108:SCONNECT}}{4:
:20:MI081223
:25:2222222222
:28C:0525/064
:60M:C081223VEF000010974943,71
:61:081223C000000001700,00NTRF000000347296//180028
PAGO
:61:081223C000000040000,00NTRF000000347378//180028
PAGO
:61:081223C000000002600,00NTRF000000348654//180028
PAGO
:61:081223C000000046275,68NTRF000000348742//180028
PAGO
:61:081223C000003200000,00NTRF000000348852//180028
PAGO
:61:081223C000000025000,00NTRF000000341814//180028
PAGO
:61:081223C000000054000,00NTRF000000342440//180028
PAGO
:61:081223C000015000000,00NTRF000000342991//180028
PAGO
:61:081223C000000004368,72NTRF000000343150//180028
PAGO
:62M:C081223VEF000029348888,11
-}{5:{CHK:1143FB20924B}}{S:{COP:S}}${1:F21VZCRVECAAXXX5410610696}{4:{177:0404021720}{451:0}}{1:F01VZCRVECAAXXX5410610696}{2:09501717040402VZCRVECAAXXX40812675430404021720N}{3:{108:SCONNECT}}{4:
:20:MI081223
:25:2222222222
:28C:0525/065
:60M:C081223VEF000029348888,11
:61:081223C000000000500,00NTRF000000355703//180028
PAGO
:61:081223C000000000243,00NTRF000000355776//180028
PAGO
:61:081223C000000000600,00NTRF000000355777//180028
PAGO
:61:081223C000000000350,00NTRF000000355778//180028
PAGO
:61:081223C000000001000,00NTRF000000355785//180028
PAGO
:61:081223C000000000480,00NTRF000000355867//180028
PAGO
:61:081223C000000000200,00NTRF000000355967//180028
PAGO
:61:081223C000000001800,00NTRF000000355988//180028
PAGO
:61:081223C000000001200,00NTRF000000355993//180028
PAGO
:62M:C081223VEF000029355261,11
-}{5:{CHK:1143FB20924B}}{S:{COP:S}}${1:F21VZCRVECAAXXX5410610696}{4:{177:0404021720}{451:0}}{1:F01VZCRVECAAXXX5410610696}{2:09501717040402VZCRVECAAXXX40812675430404021720N}{3:{108:SCONNECT}}{4:
:20:MI081223
:25:2222222222
:28C:0525/066
:60M:C081223VEF000029355261,11
:61:081223C000000000180,00NTRF000000356003//180028
PAGO
:61:081223C000000025000,00NTRF000000356054//180028
PAGO
:61:081223C000000001200,00NTRF000000356107//180028
PAGO
:61:081223C000000001000,00NTRF000000356207//180028
PAGO
:61:081223C000000002400,00NTRF000000356250//180028
PAGO
:61:081223C000000000500,00NTRF000000356254//180028
PAGO
:61:081223C000000000100,00NTRF000000356283//180028
PAGO
:61:081223C000000003000,00NTRF000000356293//180028
PAGO
:61:081223C000000003000,00NTRF000000356301//180028
PAGO
:62M:C081223VEF000029391641,11
-}{5:{CHK:1143FB20924B}}{S:{COP:S}}${1:F21VZCRVECAAXXX5410610696}{4:{177:0404021720}{451:0}}{1:F01VZCRVECAAXXX5410610696}{2:09501717040402VZCRVECAAXXX40812675430404021720N}{3:{108:SCONNECT}}{4:
:20:MI081223
:25:2222222222
:28C:0525/067
:60M:C081223VEF000029391641,11
:61:081223C000000025000,00NTRF000000356641//180028
PAGO
:61:081223C000000000300,00NTRF000000356693//180028
PAGO
:61:081223C000000002000,00NTRF000000357049//180028
PAGO
:61:081223C000000001000,00NTRF000000357079//180028
PAGO
:61:081223C000000010000,00NTRF000000357080//180028
PAGO
:61:081223C000000000800,00NTRF000000357114//180028
PAGO
:61:081223C000000001090,00NTRF000000357149//180028
PAGO
:61:081223C000000003900,00NTRF000000357165//180028
PAGO
:61:081223C000000002000,00NTRF000000357173//180028
PAGO
:62M:C081223VEF000029437731,11
-}{5:{CHK:1143FB20924B}}{S:{COP:S}}${1:F21VZCRVECAAXXX5410610696}{4:{177:0404021720}{451:0}}{1:F01VZCRVECAAXXX5410610696}{2:09501717040402VZCRVECAAXXX40812675430404021720N}{3:{108:SCONNECT}}{4:
:20:MI081223
:25:2222222222
:28C:0525/068
:60M:C081223VEF000029437731,11
:61:081223C000000000400,00NTRF000000357646//180028
PAGO
:61:081223C000000000700,00NTRF000000357310//180028
PAGO
:61:081223C000000001500,00NTRF000000357409//180028
PAGO
:61:081223C000000000350,00NTRF000000357552//180028
PAGO
:61:081223C000000009999,00NTRF000000357555//180028
PAGO
:61:081223C000000000200,00NTRF000000357405//180028
PAGO
:61:081223C000000001000,00NTRF000000357297//180028
PAGO
:61:081223C000000000500,00NTRF000000357254//180028
PAGO
:61:081223C000000000250,00NTRF000000357212//180028
PAGO
:62M:C081223VEF000029452630,11
-}{5:{CHK:1143FB20924B}}{S:{COP:S}}${1:F21VZCRVECAAXXX5410610696}{4:{177:0404021720}{451:0}}{1:F01VZCRVECAAXXX5410610696}{2:09501717040402VZCRVECAAXXX40812675430404021720N}{3:{108:SCONNECT}}{4:
:20:MI081223
:25:2222222222
:28C:0525/069
:60M:C081223VEF000029452630,11
:61:081223C000000004500,00NTRF000027712544//180028
PAGO
:61:081223C000000002700,00NTRF000027713521//180028
PAGO
:61:081223C000000000129,70NTRF000027713056//180028
PAGO
:61:081223C000000000400,00NTRF000027712432//180028
PAGO
:61:081223C000000223351,80NTRF000000055075//180028
PAGO
:61:081223C000000001206,55NTRF000000740655//180028
PAGO
:61:081223C000000000600,00NTRF000000731813//180028
PAGO
:61:081223C000000000550,00NTRF000037055000//180028
PAGO
:61:081223C000000005000,00NTRF000000000000//180028
PAGO
:62M:C081223VEF000029691068,16
-}{5:{CHK:1143FB20924B}}{S:{COP:S}}${1:F21VZCRVECAAXXX5410610696}{4:{177:0404021720}{451:0}}{1:F01VZCRVECAAXXX5410610696}{2:09501717040402VZCRVECAAXXX40812675430404021720N}{3:{108:SCONNECT}}{4:
:20:MI081223
:25:2222222222
:28C:0525/070
:60M:C081223VEF000029691068,16
:61:081223C000000004900,00NTRF000000000000//180028
PAGO
:61:081223C000000000500,00NTRF000000002000//180028
PAGO
:61:081223C000000002000,00NTRF000023122008//180028
PAGO
:61:081223C000000002000,00NTRF000023122008//180028
PAGO
:61:081223C000000006300,00NTRF000023122008//180028
PAGO
:61:081223C000000002000,00NTRF000023122008//180028
PAGO
:61:081223C000000003300,00NTRF000023122008//180028
PAGO
:61:081223C000000000500,00NTRF000023122008//180028
PAGO
:61:081223C000000020770,91NTRF000081223034//180028
PAGO
:62M:C081223VEF000029733339,07
-}{5:{CHK:1143FB20924B}}{S:{COP:S}}${1:F21VZCRVECAAXXX5410610696}{4:{177:0404021720}{451:0}}{1:F01VZCRVECAAXXX5410610696}{2:09501717040402VZCRVECAAXXX40812675430404021720N}{3:{108:SCONNECT}}{4:
:20:MI081223
:25:2222222222
:28C:0525/071
:60M:C081223VEF000029733339,07
:61:081223C000000001130,00NTRF000000054236//180028
PAGO
:61:081223C000000001130,00NTRF000000054237//180028
PAGO
:61:081223C000000001130,00NTRF000000054238//180028
PAGO
:61:081223C000000001130,00NTRF000000054239//180028
PAGO
:61:081223C000000001130,00NTRF000000054240//180028
PAGO
:61:081223C000000001130,00NTRF000000054235//180028
PAGO
:61:081223C000000001130,00NTRF000000054233//180028
PAGO
:61:081223C000000001130,00NTRF000000054234//180028
PAGO
:61:081223C000000001130,00NTRF000000054232//180028
PAGO
:62M:C081223VEF000029743509,07
-}{5:{CHK:1143FB20924B}}{S:{COP:S}}${1:F21VZCRVECAAXXX5410610696}{4:{177:0404021720}{451:0}}{1:F01VZCRVECAAXXX5410610696}{2:09501717040402VZCRVECAAXXX40812675430404021720N}{3:{108:SCONNECT}}{4:
:20:MI081223
:25:2222222222
:28C:0525/072
:60M:C081223VEF000029743509,07
:61:081223C000000001130,00NTRF000000054231//180028
PAGO
:61:081223C000000003000,00NTRF000000030919//180028
PAGO
:61:081223C000000005500,00NTRF000000030955//180028
PAGO
:61:081223C000000000614,79NTRF000000054041//180028
PAGO
:61:081223C000000001208,04NTRF000000429405//180028
PAGO
:61:081223C000000000660,00NTRF000008001936//180028
PAGO
:61:081223C000000062513,44NTRF000008001972//180028
PAGO
:61:081223C000000003908,81NTRF000008001939//180028
PAGO
:61:081223C000000003661,02NTRF000008001950//180028
PAGO
:62M:C081223VEF000029825705,17
-}{5:{CHK:1143FB20924B}}{S:{COP:S}}${1:F21VZCRVECAAXXX5410610696}{4:{177:0404021720}{451:0}}{1:F01VZCRVECAAXXX5410610696}{2:09501717040402VZCRVECAAXXX40812675430404021720N}{3:{108:SCONNECT}}{4:
:20:MI081223
:25:2222222222
:28C:0525/073
:60M:C081223VEF000029825705,17
:61:081223C000000001907,54NTRF000000011669//180028
PAGO
:61:081223C000000001268,36NTRF000000011670//180028
PAGO
:61:081223C000000009190,12NTRF000008001970//180028
PAGO
:61:081223C000000005170,64NTRF000000102972//180028
PAGO
:61:081223C000000001187,10NTRF000000102974//180028
PAGO
:61:081223C000000006056,16NTRF000000011668//180028
PAGO
:61:081223C000000004448,24NTRF000000102975//180028
PAGO
:61:081223C000000002105,34NTRF000000429314//180028
PAGO
:61:081223C000000003033,34NTRF000000429376//180028
PAGO
:62M:C081223VEF000029860072,01
-}{5:{CHK:1143FB20924B}}{S:{COP:S}}${1:F21VZCRVECAAXXX5410610696}{4:{177:0404021720}{451:0}}{1:F01VZCRVECAAXXX5410610696}{2:09501717040402VZCRVECAAXXX40812675430404021720N}{3:{108:SCONNECT}}{4:
:20:MI081223
:25:2222222222
:28C:0525/074
:60M:C081223VEF000029860072,01
:61:081223C000000008143,32NTRF000000011633//180028
PAGO
:61:081223C000000004106,76NTRF000000102969//180028
PAGO
:61:081223C000000000338,49NTRF000000102970//180028
PAGO
:61:081223C000000000430,00NTRF000000102971//180028
PAGO
:61:081223C000000001333,00NTRF000000102976//180028
PAGO
:61:081223C000000001773,17NTRF000000429257//180028
PAGO
:61:081223C000000001045,10NTRF000000102973//180028
PAGO
:61:081223C000000001768,50NTRF000000429329//180028
PAGO
:61:081223C000000003700,00NTRF000095120001//180028
PAGO
:62M:C081223VEF000029882710,35
-}{5:{CHK:1143FB20924B}}{S:{COP:S}}${1:F21VZCRVECAAXXX5410610696}{4:{177:0404021720}{451:0}}{1:F01VZCRVECAAXXX5410610696}{2:09501717040402VZCRVECAAXXX40812675430404021720N}{3:{108:SCONNECT}}{4:
:20:MI081223
:25:2222222222
:28C:0525/075
:60M:C081223VEF000029882710,35
:61:081223C000000000120,00NTRF000000000000//180028
PAGO
:61:081223C000000004000,00NTRF000000000000//180028
PAGO
:61:081223C000000004950,00NTRF000027707480//180028
PAGO
:61:081223C000000001350,00NTRF000027706842//180028
PAGO
:61:081223C000000000500,00NTRF000027706564//180028
PAGO
:61:081223C000000000800,00NTRF000027707499//180028
PAGO
:61:081223C000000005322,90NTRF000000565796//180028
PAGO
:61:081223C000000002500,00NTRF000000716793//180028
PAGO
:61:081223C000000002000,00NTRF000000604324//180028
PAGO
:62M:C081223VEF000029904253,25
-}{5:{CHK:1143FB20924B}}{S:{COP:S}}${1:F21VZCRVECAAXXX5410610696}{4:{177:0404021720}{451:0}}{1:F01VZCRVECAAXXX5410610696}{2:09501717040402VZCRVECAAXXX40812675430404021720N}{3:{108:SCONNECT}}{4:
:20:MI081223
:25:2222222222
:28C:0525/076
:60M:C081223VEF000029904253,25
:61:081223C000000000200,00NTRF000000675090//180028
PAGO
:61:081223C000000002000,00NTRF000000572798//180028
PAGO
:61:081223C000000005250,00NTRF000000648111//180028
PAGO
:61:081223C000000001000,00NTRF000000612517//180028
PAGO
:61:081223C000000000957,56NTRF000000665894//180028
PAGO
:61:081223C000000000500,00NTRF000000702051//180028
PAGO
:61:081223C000000000070,00NTRF000000640640//180028
PAGO
:61:081223C000000000500,00NTRF000000640953//180028
PAGO
:61:081223C000000003000,00NTRF000000714398//180028
PAGO
:62M:C081223VEF000029917730,81
-}{5:{CHK:1143FB20924B}}{S:{COP:S}}${1:F21VZCRVECAAXXX5410610696}{4:{177:0404021720}{451:0}}{1:F01VZCRVECAAXXX5410610696}{2:09501717040402VZCRVECAAXXX40812675430404021720N}{3:{108:SCONNECT}}{4:
:20:MI081223
:25:2222222222
:28C:0525/077
:60M:C081223VEF000029917730,81
:61:081223C000000000250,00NTRF000000716792//180028
PAGO
:61:081223C000000001000,00NTRF000000646393//180028
PAGO
:61:081223C000000007000,00NTRF000000706445//180028
PAGO
:61:081223C000000001300,00NTRF000000000000//180028
PAGO
:61:081223C000000002000,00NTRF000029842164//180028
PAGO
:61:081223C000000001000,00NTRF000000013335//180028
PAGO
:61:081223C000000001000,00NTRF000000013197//180028
PAGO
:61:081223C000000001500,00NTRF000000013162//180028
PAGO
:61:081223C000000000300,00NTRF000000013125//180028
PAGO
:62M:C081223VEF000029933080,81
-}{5:{CHK:1143FB20924B}}{S:{COP:S}}${1:F21VZCRVECAAXXX5410610696}{4:{177:0404021720}{451:0}}{1:F01VZCRVECAAXXX5410610696}{2:09501717040402VZCRVECAAXXX40812675430404021720N}{3:{108:SCONNECT}}{4:
:20:MI081223
:25:2222222222
:28C:0525/078
:60M:C081223VEF000029933080,81
:61:081223C000000003000,00NTRF000000013145//180028
PAGO
:61:081223C000000002499,89NTRF000000013096//180028
PAGO
:61:081223C000000003700,00NTRF000000013097//180028
PAGO
:61:081223C000000008650,00NTRF000000013064//180028
PAGO
:61:081223C000000001500,00NTRF000000013022//180028
PAGO
:61:081223C000000000400,00NTRF000000012910//180028
PAGO
:61:081223C000000001100,00NTRF000000012889//180028
PAGO
:61:081223C000000000325,00NTRF000000012871//180028
PAGO
:61:081223C000000000150,00NTRF000000012872//180028
PAGO
:62M:C081223VEF000029954405,70
-}{5:{CHK:1143FB20924B}}{S:{COP:S}}${1:F21VZCRVECAAXXX5410610696}{4:{177:0404021720}{451:0}}{1:F01VZCRVECAAXXX5410610696}{2:09501717040402VZCRVECAAXXX40812675430404021720N}{3:{108:SCONNECT}}{4:
:20:MI081223
:25:2222222222
:28C:0525/079
:60M:C081223VEF000029954405,70
:61:081223C000000000755,00NTRF000000012780//180028
PAGO
:61:081223C000000007900,00NTRF000000012747//180028
PAGO
:61:081223C000000000500,00NTRF000000013200//180028
PAGO
:61:081223C000000004054,23NTRF000000013356//180028
PAGO
:61:081223C000000002880,64NTRF000000013355//180028
PAGO
:61:081223C000000005500,00NTRF000000012327//180028
PAGO
:61:081223C000000005336,50NTRF000000012301//180028
PAGO
:61:081223C000000009000,00NTRF000000012298//180028
PAGO
:61:081223C000000000553,00NTRF000000012455//180028
PAGO
:62M:C081223VEF000029990885,07
-}{5:{CHK:1143FB20924B}}{S:{COP:S}}${1:F21VZCRVECAAXXX5410610696}{4:{177:0404021720}{451:0}}{1:F01VZCRVECAAXXX5410610696}{2:09501717040402VZCRVECAAXXX40812675430404021720N}{3:{108:SCONNECT}}{4:
:20:MI081223
:25:2222222222
:28C:0525/080
:60M:C081223VEF000029990885,07
:61:081223C000000000400,00NTRF000000012511//180028
PAGO
:61:081223C000000003000,00NTRF000000012470//180028
PAGO
:61:081223C000000000500,00NTRF000000012616//180028
PAGO
:61:081223C000000000700,00NTRF000000052375//180028
PAGO
:61:081223C000000000130,00NTRF000000052306//180028
PAGO
:61:081223C000000001000,00NTRF000000052161//180028
PAGO
:61:081223C000000001670,00NTRF000000052316//180028
PAGO
:61:081223C000000001670,00NTRF000000052315//180028
PAGO
:61:081223C000000005000,00NTRF000000052304//180028
PAGO
:62M:C081223VEF000030004955,07
-}{5:{CHK:1143FB20924B}}{S:{COP:S}}${1:F21VZCRVECAAXXX5410610696}{4:{177:0404021720}{451:0}}{1:F01VZCRVECAAXXX5410610696}{2:09501717040402VZCRVECAAXXX40812675430404021720N}{3:{108:SCONNECT}}{4:
:20:MI081223
:25:2222222222
:28C:0525/081
:60M:C081223VEF000030004955,07
:61:081223C000000000300,00NTRF000000052162//180028
PAGO
:61:081223C000000000200,00NTRF000000016222//180028
PAGO
:61:081223C000000003000,00NTRF000000015564//180028
PAGO
:61:081223C000000000150,00NTRF000000015423//180028
PAGO
:61:081223C000000000333,00NTRF000000015092//180028
PAGO
:61:081223C000000004000,00NTRF000000051972//180028
PAGO
:61:081223C000000000127,50NTRF000000051580//180028
PAGO
:61:081223C000000000200,00NTRF000000051331//180028
PAGO
:61:081223C000000001500,00NTRF000000051207//180028
PAGO
:62M:C081223VEF000030014765,57
-}{5:{CHK:1143FB20924B}}{S:{COP:S}}${1:F21VZCRVECAAXXX5410610696}{4:{177:0404021720}{451:0}}{1:F01VZCRVECAAXXX5410610696}{2:09501717040402VZCRVECAAXXX40812675430404021720N}{3:{108:SCONNECT}}{4:
:20:MI081223
:25:2222222222
:28C:0525/082
:60M:C081223VEF000030014765,57
:61:081223C000000001000,00NTRF000000051178//180028
PAGO
:61:081223C000000007000,00NTRF000000051868//180028
PAGO
:61:081223C000000001150,00NTRF000000051448//180028
PAGO
:61:081223C000000000200,00NTRF000000051442//180028
PAGO
:61:081223C000000000870,00NTRF000000014946//180028
PAGO
:61:081223C000000001000,00NTRF000000016240//180028
PAGO
:61:081223C000000001050,00NTRF000000015854//180028
PAGO
:61:081223C000000000150,00NTRF000000015761//180028
PAGO
:61:081223C000000002750,08NTRF000000015321//180028
PAGO
:62M:C081223VEF000030029935,65
-}{5:{CHK:1143FB20924B}}{S:{COP:S}}${1:F21VZCRVECAAXXX5410610696}{4:{177:0404021720}{451:0}}{1:F01VZCRVECAAXXX5410610696}{2:09501717040402VZCRVECAAXXX40812675430404021720N}{3:{108:SCONNECT}}{4:
:20:MI081223
:25:2222222222
:28C:0525/083
:60M:C081223VEF000030029935,65
:61:081223C000000000050,00NTRF000000015326//180028
PAGO
:61:081223C000000003000,00NTRF000000015244//180028
PAGO
:61:081223C000000000635,00NTRF000000015250//180028
PAGO
:61:081223C000000001040,00NTRF000000015239//180028
PAGO
:61:081223C000000001500,00NTRF000000014576//180028
PAGO
:61:081223C000000002000,00NTRF000000014415//180028
PAGO
:61:081223C000000000500,00NTRF000000014397//180028
PAGO
:61:081223C000000000500,00NTRF000000014363//180028
PAGO
:61:081223C000000015600,00NTRF000000014151//180028
PAGO
:62M:C081223VEF000030054760,65
-}{5:{CHK:1143FB20924B}}{S:{COP:S}}${1:F21VZCRVECAAXXX5410610696}{4:{177:0404021720}{451:0}}{1:F01VZCRVECAAXXX5410610696}{2:09501717040402VZCRVECAAXXX40812675430404021720N}{3:{108:SCONNECT}}{4:
:20:MI081223
:25:2222222222
:28C:0525/084
:60M:C081223VEF000030054760,65
:61:081223C000000018805,35NTRF000000014021//180028
PAGO
:61:081223C000000001188,00NTRF000000013707//180028
PAGO
:61:081223C000000036000,00NTRF000000013679//180028
PAGO
:61:081223C000000000125,45NTRF000000013617//180028
PAGO
:61:081223C000000001500,00NTRF000000013597//180028
PAGO
:61:081223C000000019600,00NTRF000000013598//180028
PAGO
:61:081223C000000001400,00NTRF000000013586//180028
PAGO
:61:081223C000000000300,00NTRF000000013587//180028
PAGO
:61:081223C000000001480,00NTRF000000013568//180028
PAGO
:62M:C081223VEF000030135159,45
-}{5:{CHK:1143FB20924B}}{S:{COP:S}}${1:F21VZCRVECAAXXX5410610696}{4:{177:0404021720}{451:0}}{1:F01VZCRVECAAXXX5410610696}{2:09501717040402VZCRVECAAXXX40812675430404021720N}{3:{108:SCONNECT}}{4:
:20:MI081223
:25:2222222222
:28C:0525/085
:60M:C081223VEF000030135159,45
:61:081223C000000001279,40NTRF000000015214//180028
PAGO
:61:081223C000000000600,00NTRF000000015188//180028
PAGO
:61:081223C000000010000,00NTRF000000015126//180028
PAGO
:61:081223C000000000445,00NTRF000000015129//180028
PAGO
:61:081223C000000001000,00NTRF000000014828//180028
PAGO
:61:081223C000000017500,00NTRF000000014834//180028
PAGO
:61:081223C000000000400,00NTRF000000014796//180028
PAGO
:61:081223C000000004000,00NTRF000000014775//180028
PAGO
:61:081223C000000000530,00NTRF000000014753//180028
PAGO
:62M:C081223VEF000030170913,85
-}{5:{CHK:1143FB20924B}}{S:{COP:S}}${1:F21VZCRVECAAXXX5410610696}{4:{177:0404021720}{451:0}}{1:F01VZCRVECAAXXX5410610696}{2:09501717040402VZCRVECAAXXX40812675430404021720N}{3:{108:SCONNECT}}{4:
:20:MI081223
:25:2222222222
:28C:0525/086
:60M:C081223VEF000030170913,85
:61:081223C000000000700,00NTRF000000052160//180028
PAGO
:61:081223C000000002890,00NTRF000000052584//180028
PAGO
:61:081223C000000135319,12NTRF000000000000//180028
PAGO
:61:081223C000000013486,14NTRF000000000540//180028
PAGO
:61:081223C000000001683,89NTRF000001290471//180028
PAGO
:61:081223C000000000577,20NTRF000001290455//180028
PAGO
:61:081223C000000011769,35NTRF000035480805//180028
PAGO
:61:081223C000000161407,88NTRF000000228682//180028
PAGO
:61:081223C000000043386,18NTRF000000050144//180028
PAGO
:62M:C081223VEF000030542133,61
-}{5:{CHK:1143FB20924B}}{S:{COP:S}}${1:F21VZCRVECAAXXX5410610696}{4:{177:0404021720}{451:0}}{1:F01VZCRVECAAXXX5410610696}{2:09501717040402VZCRVECAAXXX40812675430404021720N}{3:{108:SCONNECT}}{4:
:20:MI081223
:25:2222222222
:28C:0525/087
:60M:C081223VEF000030542133,61
:61:081223C000000002105,25NTRF000000050145//180028
PAGO
:61:081223C000000014587,50NTRF000000050081//180028
PAGO
:61:081223C000000000850,00NTRF000003548080//180028
PAGO
:61:081223C000000024177,20NTRF000010851764//180028
PAGO
:61:081223C000000059843,76NTRF000010941764//180028
PAGO
:61:081223C000000001377,83NTRF000001290432//180028
PAGO
:61:081223C000000000563,17NTRF000001290433//180028
PAGO
:61:081223C000000000872,53NTRF000001290435//180028
PAGO
:61:081223C000000000893,00NTRF000001290452//180028
PAGO
:62M:C081223VEF000030647403,85
-}{5:{CHK:1143FB20924B}}{S:{COP:S}}${1:F21VZCRVECAAXXX5410610696}{4:{177:0404021720}{451:0}}{1:F01VZCRVECAAXXX5410610696}{2:09501717040402VZCRVECAAXXX40812675430404021720N}{3:{108:SCONNECT}}{4:
:20:MI081223
:25:2222222222
:28C:0525/088
:60M:C081223VEF000030647403,85
:61:081223C000000000551,32NTRF000001290454//180028
PAGO
:61:081223C000000003849,70NTRF000000000951//180028
PAGO
:61:081223C000000036134,33NTRF000000000953//180028
PAGO
:61:081223C000000000136,00NTRF000000902902//180028
PAGO
:61:081223C000000001803,64NTRF000000050025//180028
PAGO
:61:081223C000000047060,97NTRF000000228681//180028
PAGO
:61:081223C000000006418,50NTRF000000050167//180028
PAGO
:61:081223C000000000092,65NTRF000001290436//180028
PAGO
:61:081223C000000007672,96NTRF000054808076//180028
PAGO
:62M:C081223VEF000030751123,92
-}{5:{CHK:1143FB20924B}}{S:{COP:S}}${1:F21VZCRVECAAXXX5410610696}{4:{177:0404021720}{451:0}}{1:F01VZCRVECAAXXX5410610696}{2:09501717040402VZCRVECAAXXX40812675430404021720N}{3:{108:SCONNECT}}{4:
:20:MI081223
:25:2222222222
:28C:0525/089
:60M:C081223VEF000030751123,92
:61:081223C000000010486,25NTRF000000050111//180028
PAGO
:61:081223C000000098214,93NTRF000035780807//180028
PAGO
:61:081223C000000006000,00NTRF000001290462//180028
PAGO
:61:081223C000000000399,22NTRF000000026492//180028
PAGO
:61:081223C000000019544,26NTRF000010761764//180028
PAGO
:61:081223C000000000155,18NTRF000001290449//180028
PAGO
:61:081223C000000001533,27NTRF000035780805//180028
PAGO
:61:081223C000000012039,63NTRF000035780806//180028
PAGO
:61:081223C000000025000,00NTRF000003578080//180028
PAGO
:62M:C081223VEF000030924496,66
-}{5:{CHK:1143FB20924B}}{S:{COP:S}}${1:F21VZCRVECAAXXX5410610696}{4:{177:0404021720}{451:0}}{1:F01VZCRVECAAXXX5410610696}{2:09501717040402VZCRVECAAXXX40812675430404021720N}{3:{108:SCONNECT}}{4:
:20:MI081223
:25:2222222222
:28C:0525/090
:60M:C081223VEF000030924496,66
:61:081223C000000001524,21NTRF000001290425//180028
PAGO
:61:081223C000000001260,68NTRF000001290437//180028
PAGO
:61:081223C000000000552,46NTRF000001290442//180028
PAGO
:61:081223C000000000134,05NTRF000001290448//180028
PAGO
:61:081223C000000000102,82NTRF000001290450//180028
PAGO
:61:081223C000000092481,13NTRF000000228680//180028
PAGO
:61:081223C000000001605,20NTRF000001290423//180028
PAGO
:61:081223C000000002747,97NTRF000078080920//180028
PAGO
:61:081223C000000003265,14NTRF000000050152//180028
PAGO
:62M:C081223VEF000031028170,32
-}{5:{CHK:1143FB20924B}}{S:{COP:S}}${1:F21VZCRVECAAXXX5410610696}{4:{177:0404021720}{451:0}}{1:F01VZCRVECAAXXX5410610696}{2:09501717040402VZCRVECAAXXX40812675430404021720N}{3:{108:SCONNECT}}{4:
:20:MI081223
:25:2222222222
:28C:0525/091
:60M:C081223VEF000031028170,32
:61:081223C000000000952,37NTRF000000050119//180028
PAGO
:61:081223C000000057339,18NTRF000000050050//180028
PAGO
:61:081223C000000058958,37NTRF000000005086//180028
PAGO
:61:081223C000004746492,57NTRF000000005105//180028
PAGO
:61:081223C000000000103,50NTRF000001290466//180028
PAGO
:61:081223C000000000249,61NTRF000001290468//180028
PAGO
:61:081223C000000001500,00NTRF000001290469//180028
PAGO
:61:081223C000000000573,33NTRF000001290470//180028
PAGO
:61:081223C000000000923,87NTRF000000005107//180028
PAGO
:62M:C081223VEF000035895263,12
-}{5:{CHK:1143FB20924B}}{S:{COP:S}}${1:F21VZCRVECAAXXX5410610696}{4:{177:0404021720}{451:0}}{1:F01VZCRVECAAXXX5410610696}{2:09501717040402VZCRVECAAXXX40812675430404021720N}{3:{108:SCONNECT}}{4:
:20:MI081223
:25:2222222222
:28C:0525/092
:60M:C081223VEF000035895263,12
:61:081223C000000000269,13NTRF000000049966//180028
PAGO
:61:081223C000000023918,32NTRF000000005090//180028
PAGO
:61:081223C000000011670,00NTRF000000020051//180028
PAGO
:61:081223C000000011655,86NTRF000000020092//180028
PAGO
:61:081223C000000002337,93NTRF000001290463//180028
PAGO
:61:081223C000000002987,50NTRF000001290465//180028
PAGO
:61:081223C000000008018,00NTRF000010951764//180028
PAGO
:61:081223C000000000917,14NTRF000002213624//180028
PAGO
:61:081223C000000008962,35NTRF000010831764//180028
PAGO
:62M:C081223VEF000035965999,35
-}{5:{CHK:1143FB20924B}}{S:{COP:S}}${1:F21VZCRVECAAXXX5410610696}{4:{177:0404021720}{451:0}}{1:F01VZCRVECAAXXX5410610696}{2:09501717040402VZCRVECAAXXX40812675430404021720N}{3:{108:SCONNECT}}{4:
:20:MI081223
:25:2222222222
:28C:0525/093
:60M:C081223VEF000035965999,35
:61:081223C000000000130,00NTRF000000428782//180028
PAGO
:61:081223C000000001840,00NTRF000001290445//180028
PAGO
:61:081223C000000000303,75NTRF000001290446//180028
PAGO
:61:081223C000000000059,03NTRF000001290447//180028
PAGO
:61:081223C000000000481,88NTRF000057808091//180028
PAGO
:61:081223C000000012703,40NTRF000000020103//180028
PAGO
:61:081223C000000000413,98NTRF000001290464//180028
PAGO
:61:081223C000000000052,84NTRF000000026495//180028
PAGO
:61:081223C000000002925,00NTRF000000050090//180028
PAGO
:62M:C081223VEF000035984909,23
-}{5:{CHK:1143FB20924B}}{S:{COP:S}}${1:F21VZCRVECAAXXX5410610696}{4:{177:0404021720}{451:0}}{1:F01VZCRVECAAXXX5410610696}{2:09501717040402VZCRVECAAXXX40812675430404021720N}{3:{108:SCONNECT}}{4:
:20:MI081223
:25:2222222222
:28C:0525/094
:60M:C081223VEF000035984909,23
:61:081223C000000004306,55NTRF000000049961//180028
PAGO
:61:081223C000000005000,00NTRF000000068530//180028
PAGO
:61:081223C000000002916,34NTRF000000012770//180028
PAGO
:61:081223C000000000100,00NTRF000000000000//180028
PAGO
:61:081223C000000004000,00NTRF000000000000//180028
PAGO
:61:081223C000000002000,00NTRF000000000000//180028
PAGO
:61:081223C000000000110,00NTRF000000000000//180028
PAGO
:61:081223C000000000500,00NTRF000000000000//180028
PAGO
:61:081223C000000005000,00NTRF000000000000//180028
PAGO
:62M:C081223VEF000036008842,12
-}{5:{CHK:1143FB20924B}}{S:{COP:S}}${1:F21VZCRVECAAXXX5410610696}{4:{177:0404021720}{451:0}}{1:F01VZCRVECAAXXX5410610696}{2:09501717040402VZCRVECAAXXX40812675430404021720N}{3:{108:SCONNECT}}{4:
:20:MI081223
:25:2222222222
:28C:0525/095
:60M:C081223VEF000036008842,12
:61:081223C000000004460,00NTRF000000000000//180028
PAGO
:61:081223C000000000485,00NTRF000012200801//180028
PAGO
:61:081223C000000005000,00NTRF000000221208//180028
PAGO
:61:081223C000000000300,00NTRF000012200802//180028
PAGO
:61:081223C000000003970,59NTRF000055953155//180028
PAGO
:61:081223C000000118393,13NTRF000055952688//180028
PAGO
:61:081223C000000142243,85NTRF000055952841//180028
PAGO
:61:081223C000000007211,25NTRF000055952873//180028
PAGO
:61:081223C000000039276,83NTRF000055952894//180028
PAGO
:62M:C081223VEF000036330182,77
-}{5:{CHK:1143FB20924B}}{S:{COP:S}}${1:F21VZCRVECAAXXX5410610696}{4:{177:0404021720}{451:0}}{1:F01VZCRVECAAXXX5410610696}{2:09501717040402VZCRVECAAXXX40812675430404021720N}{3:{108:SCONNECT}}{4:
:20:MI081223
:25:2222222222
:28C:0525/096
:60M:C081223VEF000036330182,77
:61:081223C000000542196,28NTRF000055952903//180028
PAGO
:61:081223C000000006111,16NTRF000055952977//180028
PAGO
:61:081223C000000060017,36NTRF000055952992//180028
PAGO
:61:081223C000000130400,78NTRF000055953035//180028
PAGO
:61:081223C000000029380,98NTRF000055953052//180028
PAGO
:61:081223C000000001552,99NTRF000055953064//180028
PAGO
:61:081223C000000007259,55NTRF000055953073//180028
PAGO
:61:081223C000000000773,01NTRF000055953091//180028
PAGO
:61:081223C000000009139,78NTRF000055953122//180028
PAGO
:62M:C081223VEF000037117014,66
-}{5:{CHK:1143FB20924B}}{S:{COP:S}}${1:F21VZCRVECAAXXX5410610696}{4:{177:0404021720}{451:0}}{1:F01VZCRVECAAXXX5410610696}{2:09501717040402VZCRVECAAXXX40812675430404021720N}{3:{108:SCONNECT}}{4:
:20:MI081223
:25:2222222222
:28C:0525/097
:60M:C081223VEF000037117014,66
:61:081223C000000301160,53NTRF000055953150//180028
PAGO
:61:081223C000000000400,00NTRF000000002000//180028
PAGO
:61:081223C000000005000,00NTRF000000002000//180028
PAGO
:61:081223C000000005000,00NTRF000000002000//180028
PAGO
:61:081223C000000000500,00NTRF000000000000//180028
PAGO
:61:081223C000000004335,00NTRF000000221208//180028
PAGO
:61:081223C000000000060,00NTRF000000000000//180028
PAGO
:61:081223C000000005000,00NTRF000022122008//180028
PAGO
:61:081223C000000001500,00NTRF000022122008//180028
PAGO
:62M:C081223VEF000037439970,19
-}{5:{CHK:1143FB20924B}}{S:{COP:S}}${1:F21VZCRVECAAXXX5410610696}{4:{177:0404021720}{451:0}}{1:F01VZCRVECAAXXX5410610696}{2:09501717040402VZCRVECAAXXX40812675430404021720N}{3:{108:SCONNECT}}{4:
:20:MI081223
:25:2222222222
:28C:0525/098
:60M:C081223VEF000037439970,19
:61:081223C000000003296,13NTRF000055953166//180028
PAGO
:61:081223C000000012652,41NTRF000055953175//180028
PAGO
:61:081223C000000110355,20NTRF000055953186//180028
PAGO
:61:081223C000000677233,29NTRF000055953202//180028
PAGO
:61:081223C000000046936,11NTRF000055952920//180028
PAGO
:61:081223C000000013616,37NTRF000055952937//180028
PAGO
:61:081223C000000006551,21NTRF000055952967//180028
PAGO
:61:081223C000000001800,00NTRF000000000000//180028
PAGO
:61:081223C000000004000,00NTRF000000000000//180028
PAGO
:62M:C081223VEF000038316410,91
-}{5:{CHK:1143FB20924B}}{S:{COP:S}}${1:F21VZCRVECAAXXX5410610696}{4:{177:0404021720}{451:0}}{1:F01VZCRVECAAXXX5410610696}{2:09501717040402VZCRVECAAXXX40812675430404021720N}{3:{108:SCONNECT}}{4:
:20:MI081223
:25:2222222222
:28C:0525/099
:60M:C081223VEF000038316410,91
:61:081223C000000000075,86NTRF000005673364//180028
PAGO
:61:081223C000000005000,00NTRF000026271584//180028
PAGO
:61:081223C000000001000,00NTRF000061194004//180028
PAGO
:61:081223C000000003000,00NTRF000071154122//180028
PAGO
:61:081223C000000000300,00NTRF000070449272//180028
PAGO
:61:081223C000000005000,00NTRF000077783054//180028
PAGO
:61:081223C000000001000,00NTRF000048540234//180028
PAGO
:61:081223C000000002500,00NTRF000041526344//180028
PAGO
:61:081223C000000006000,00NTRF000029558776//180028
PAGO
:62M:C081223VEF000038340286,77
-}{5:{CHK:1143FB20924B}}{S:{COP:S}}${1:F21VZCRVECAAXXX5410610696}{4:{177:0404021720}{451:0}}{1:F01VZCRVECAAXXX5410610696}{2:09501717040402VZCRVECAAXXX40812675430404021720N}{3:{108:SCONNECT}}{4:
:20:MI081223
:25:2222222222
:28C:0525/100
:60M:C081223VEF000038340286,77
:61:081223C000000000400,00NTRF000029366111//180028
PAGO
:61:081223C000000002000,00NTRF000029339018//180028
PAGO
:61:081223C000000000327,00NTRF000029330545//180028
PAGO
:61:081223C000000002500,00NTRF000028964993//180028
PAGO
:61:081223C000000002070,00NTRF000029364982//180028
PAGO
:61:081223C000000002500,00NTRF000029362488//180028
PAGO
:61:081223C000000000190,00NTRF000000173005//180028
PAGO
:61:081223C000000000100,00NTRF000000173041//180028
PAGO
:61:081223C000000001000,00NTRF000027702815//180028
PAGO
:62M:C081223VEF000038351373,77
-}{5:{CHK:1143FB20924B}}{S:{COP:S}}${1:F21VZCRVECAAXXX5410610696}{4:{177:0404021720}{451:0}}{1:F01VZCRVECAAXXX5410610696}{2:09501717040402VZCRVECAAXXX40812675430404021720N}{3:{108:SCONNECT}}{4:
:20:MI081223
:25:2222222222
:28C:0525/101
:60M:C081223VEF000038351373,77
:61:081223C000000005000,00NTRF000027704504//180028
PAGO
:61:081223C000000000380,00NTRF000027705734//180028
PAGO
:61:081223C000000007000,00NTRF000027705804//180028
PAGO
:61:081223C000000003000,00NTRF000027706488//180028
PAGO
:61:081223C000000001441,00NTRF000027702459//180028
PAGO
:61:081223C000000012500,00NTRF000027702965//180028
PAGO
:61:081223C000000000999,76NTRF000027701477//180028
PAGO
:61:081223C000000000101,00NTRF000023122008//180028
PAGO
:61:081223C000000000100,00NTRF000023122008//180028
PAGO
:62M:C081223VEF000038381895,53
-}{5:{CHK:1143FB20924B}}{S:{COP:S}}${1:F21VZCRVECAAXXX5410610696}{4:{177:0404021720}{451:0}}{1:F01VZCRVECAAXXX5410610696}{2:09501717040402VZCRVECAAXXX40812675430404021720N}{3:{108:SCONNECT}}{4:
:20:MI081223
:25:2222222222
:28C:0525/102
:60M:C081223VEF000038381895,53
:61:081223C000000000090,00NTRF000023122008//180028
PAGO
:61:081223C000000000847,43NTRF000023122008//180028
PAGO
:61:081223C000000000135,00NTRF000023122008//180028
PAGO
:61:081223C000000003000,00NTRF000023122008//180028
PAGO
:61:081223C000000002000,00NTRF000023122008//180028
PAGO
:61:081223C000000004500,00NTRF000023122008//180028
PAGO
:61:081223C000000000116,65NTRF000003275035//180028
PAGO
:61:081223C000000000696,27NTRF000003275044//180028
PAGO
:61:081223C000000000080,83NTRF000003275227//180028
PAGO
:62M:C081223VEF000038393361,71
-}{5:{CHK:1143FB20924B}}{S:{COP:S}}${1:F21VZCRVECAAXXX5410610696}{4:{177:0404021720}{451:0}}{1:F01VZCRVECAAXXX5410610696}{2:09501717040402VZCRVECAAXXX40812675430404021720N}{3:{108:SCONNECT}}{4:
:20:MI081223
:25:2222222222
:28C:0525/103
:60M:C081223VEF000038393361,71
:61:081223C000000001131,26NTRF000003274179//180028
PAGO
:61:081223C000000004761,22NTRF000003274188//180028
PAGO
:61:081223C000000001906,44NTRF000003274269//180028
PAGO
:61:081223C000000002120,11NTRF000003274366//180028
PAGO
:61:081223C000000019427,60NTRF000003274383//180028
PAGO
:61:081223C000000004363,37NTRF000003274456//180028
PAGO
:61:081223C000000009500,00NTRF000000352493//180028
PAGO
:61:081223C000000005000,00NTRF000000352494//180028
PAGO
:61:081223C000000005100,00NTRF000000352718//180028
PAGO
:62M:C081223VEF000038446671,71
-}{5:{CHK:1143FB20924B}}{S:{COP:S}}${1:F21VZCRVECAAXXX5410610696}{4:{177:0404021720}{451:0}}{1:F01VZCRVECAAXXX5410610696}{2:09501717040402VZCRVECAAXXX40812675430404021720N}{3:{108:SCONNECT}}{4:
:20:MI081223
:25:2222222222
:28C:0525/104
:60M:C081223VEF000038446671,71
:61:081223C000000153620,67NTRF000002458429//180028
PAGO
:61:081223C000000001000,00NTRF000000352112//180028
PAGO
:61:081223C000000000322,00NTRF000000352117//180028
PAGO
:61:081223C000000003000,00NTRF000000352134//180028
PAGO
:61:081223C000000000230,00NTRF000000352143//180028
PAGO
:61:081223C000000000600,00NTRF000000352194//180028
PAGO
:61:081223C000000010000,00NTRF000000352264//180028
PAGO
:61:081223C000000000050,00NTRF000000351809//180028
PAGO
:61:081223C000000002000,00NTRF000000351836//180028
PAGO
:62M:C081223VEF000038617494,38
-}{5:{CHK:1143FB20924B}}{S:{COP:S}}${1:F21VZCRVECAAXXX5410610696}{4:{177:0404021720}{451:0}}{1:F01VZCRVECAAXXX5410610696}{2:09501717040402VZCRVECAAXXX40812675430404021720N}{3:{108:SCONNECT}}{4:
:20:MI081223
:25:2222222222
:28C:0525/105
:60M:C081223VEF000038617494,38
:61:081223C000000000570,00NTRF000000351848//180028
PAGO
:61:081223C000000000500,00NTRF000000351868//180028
PAGO
:61:081223C000000000150,00NTRF000000351893//180028
PAGO
:61:081223C000000001460,00NTRF000000351926//180028
PAGO
:61:081223C000000000300,00NTRF000000351945//180028
PAGO
:61:081223C000000000300,00NTRF000000351959//180028
PAGO
:61:081223C000000000250,00NTRF000000351988//180028
PAGO
:61:081223C000000001000,00NTRF000000352001//180028
PAGO
:61:081223C000000005000,00NTRF000000352009//180028
PAGO
:62M:C081223VEF000038627024,38
-}{5:{CHK:1143FB20924B}}{S:{COP:S}}${1:F21VZCRVECAAXXX5410610696}{4:{177:0404021720}{451:0}}{1:F01VZCRVECAAXXX5410610696}{2:09501717040402VZCRVECAAXXX40812675430404021720N}{3:{108:SCONNECT}}{4:
:20:MI081223
:25:2222222222
:28C:0525/106
:60M:C081223VEF000038627024,38
:61:081223C000000000315,75NTRF000000352268//180028
PAGO
:61:081223C000000010000,00NTRF000000352269//180028
PAGO
:61:081223C000000002203,00NTRF000000352307//180028
PAGO
:61:081223C000000006320,00NTRF000000352362//180028
PAGO
:61:081223C000000000600,00NTRF000000352391//180028
PAGO
:61:081223C000000002700,00NTRF000000352426//180028
PAGO
:61:081223C000000001500,00NTRF000000352451//180028
PAGO
:61:081223C000000005000,00NTRF000000351787//180028
PAGO
:61:081223C000000000390,00NTRF000000351794//180028
PAGO
:62M:C081223VEF000038656053,13
-}{5:{CHK:1143FB20924B}}{S:{COP:S}}${1:F21VZCRVECAAXXX5410610696}{4:{177:0404021720}{451:0}}{1:F01VZCRVECAAXXX5410610696}{2:09501717040402VZCRVECAAXXX40812675430404021720N}{3:{108:SCONNECT}}{4:
:20:MI081223
:25:2222222222
:28C:0525/107
:60M:C081223VEF000038656053,13
:61:081223C000000000740,00NTRF000000352546//180028
PAGO
:61:081223C000000001000,00NTRF000000352589//180028
PAGO
:61:081223C000000000590,00NTRF000000352593//180028
PAGO
:61:081223C000000000300,00NTRF000000352602//180028
PAGO
:61:081223C000000003500,00NTRF000000352616//180028
PAGO
:61:081223C000000000500,00NTRF000000352645//180028
PAGO
:61:081223C000000001100,00NTRF000000352647//180028
PAGO
:61:081223C000000000095,00NTRF000000352678//180028
PAGO
:61:081223C000000011000,00NTRF000000352688//180028
PAGO
:62M:C081223VEF000038674878,13
-}{5:{CHK:1143FB20924B}}{S:{COP:S}}${1:F21VZCRVECAAXXX5410610696}{4:{177:0404021720}{451:0}}{1:F01VZCRVECAAXXX5410610696}{2:09501717040402VZCRVECAAXXX40812675430404021720N}{3:{108:SCONNECT}}{4:
:20:MI081223
:25:2222222222
:28C:0525/108
:60M:C081223VEF000038674878,13
:61:081223C000000000208,02NTRF000003275241//180028
PAGO
:61:081223C000000000141,55NTRF000003275244//180028
PAGO
:61:081223C000000000000,01NTRF000002458458//180028
PAGO
:61:081223C000000002916,68NTRF000003274093//180028
PAGO
:61:081223C000000001486,96NTRF000003274117//180028
PAGO
:61:081223C000000000097,83NTRF000003274148//180028
PAGO
:61:081223C000000000123,70NTRF000003274149//180028
PAGO
:61:081223C000000000496,79NTRF000003274161//180028
PAGO
:61:081223C000000150000,00NTRF000003274176//180028
PAGO
:62M:C081223VEF000038830349,67
-}{5:{CHK:1143FB20924B}}{S:{COP:S}}${1:F21VZCRVECAAXXX5410610696}{4:{177:0404021720}{451:0}}{1:F01VZCRVECAAXXX5410610696}{2:09501717040402VZCRVECAAXXX40812675430404021720N}{3:{108:SCONNECT}}{4:
:20:MI081223
:25:2222222222
:28C:0525/109
:60M:C081223VEF000038830349,67
:61:081223C000000002677,85NTRF000003275821//180028
PAGO
:61:081223C000000001592,37NTRF000003275825//180028
PAGO
:61:081223C000000001157,32NTRF000003275839//180028
PAGO
:61:081223C000000007423,20NTRF000003275992//180028
PAGO
:61:081223C000000002268,28NTRF000003276062//180028
PAGO
:61:081223C000000001054,09NTRF000003276284//180028
PAGO
:61:081223C000000008055,00NTRF000003274570//180028
PAGO
:61:081223C000000002969,02NTRF000003274617//180028
PAGO
:61:081223C000000000288,94NTRF000003274724//180028
PAGO
:62M:C081223VEF000038857835,74
-}{5:{CHK:1143FB20924B}}{S:{COP:S}}${1:F21VZCRVECAAXXX5410610696}{4:{177:0404021720}{451:0}}{1:F01VZCRVECAAXXX5410610696}{2:09501717040402VZCRVECAAXXX40812675430404021720N}{3:{108:SCONNECT}}{4:
:20:MI081223
:25:2222222222
:28C:0525/110
:60M:C081223VEF000038857835,74
:61:081223C000000006197,33NTRF000003275738//180028
PAGO
:61:081223C000000004607,39NTRF000003275706//180028
PAGO
:61:081223C000000000094,68NTRF000003275260//180028
PAGO
:61:081223C000000000042,08NTRF000003275261//180028
PAGO
:61:081223C000000000143,54NTRF000003275421//180028
PAGO
:61:081223C000000000013,24NTRF000003275317//180028
PAGO
:61:081223C000000005750,00NTRF000000355549//180028
PAGO
:61:081223C000000000066,66NTRF000000355545//180028
PAGO
:61:081223C000000002033,07NTRF000003276310//180028
PAGO
:62M:C081223VEF000038876783,73
-}{5:{CHK:1143FB20924B}}{S:{COP:S}}${1:F21VZCRVECAAXXX5410610696}{4:{177:0404021720}{451:0}}{1:F01VZCRVECAAXXX5410610696}{2:09501717040402VZCRVECAAXXX40812675430404021720N}{3:{108:SCONNECT}}{4:
:20:MI081223
:25:2222222222
:28C:0525/111
:60M:C081223VEF000038876783,73
:61:081223C000000003990,37NTRF000003275710//180028
PAGO
:61:081223C000000000104,25NTRF000003274736//180028
PAGO
:61:081223C000000001494,75NTRF000003274739//180028
PAGO
:61:081223C000000000526,98NTRF000003274753//180028
PAGO
:61:081223C000000000239,82NTRF000003274754//180028
PAGO
:61:081223C000000001500,39NTRF000003274866//180028
PAGO
:61:081223C000000000534,24NTRF000083846976//180028
PAGO
:61:081223C000000000280,66NTRF000083848236//180028
PAGO
:61:081223C000000004893,02NTRF000083843141//180028
PAGO
:62M:C081223VEF000038890348,21
-}{5:{CHK:1143FB20924B}}{S:{COP:S}}${1:F21VZCRVECAAXXX5410610696}{4:{177:0404021720}{451:0}}{1:F01VZCRVECAAXXX5410610696}{2:09501717040402VZCRVECAAXXX40812675430404021720N}{3:{108:SCONNECT}}{4:
:20:MI081223
:25:2222222222
:28C:0525/112
:60M:C081223VEF000038890348,21
:61:081223C000000005000,00NTRF000083819923//180028
PAGO
:61:081223C000000002900,00NTRF000083821511//180028
PAGO
:61:081223C000000008300,00NTRF000083822185//180028
PAGO
:61:081223C000000004662,76NTRF000083843325//180028
PAGO
:61:081223C000000014708,85NTRF000083843340//180028
PAGO
:61:081223C000000001209,50NTRF000083835765//180028
PAGO
:61:081223C000000000968,50NTRF000083835780//180028
PAGO
:61:081223C000000001472,00NTRF000083835802//180028
PAGO
:61:081223C000000026330,34NTRF000083837062//180028
PAGO
:62M:C081223VEF000038955900,16
-}{5:{CHK:1143FB20924B}}{S:{COP:S}}${1:F21VZCRVECAAXXX5410610696}{4:{177:0404021720}{451:0}}{1:F01VZCRVECAAXXX5410610696}{2:09501717040402VZCRVECAAXXX40812675430404021720N}{3:{108:SCONNECT}}{4:
:20:MI081223
:25:2222222222
:28C:0525/113
:60M:C081223VEF000038955900,16
:61:081223C000000002061,64NTRF000083837106//180028
PAGO
:61:081223C000000001064,12NTRF000083837261//180028
PAGO
:61:081223C000000001300,00NTRF000083828371//180028
PAGO
:61:081223C000000000345,68NTRF000083828570//180028
PAGO
:61:081223C000000023405,37NTRF000083828732//180028
PAGO
:61:081223C000000106809,41NTRF000083829292//180028
PAGO
:61:081223C000000349945,51NTRF000083829524//180028
PAGO
:61:081223C000000001017,13NTRF000083831602//180028
PAGO
:61:081223C000000001604,00NTRF000083831904//180028
PAGO
:62M:C081223VEF000039443453,02
-}{5:{CHK:1143FB20924B}}{S:{COP:S}}${1:F21VZCRVECAAXXX5410610696}{4:{177:0404021720}{451:0}}{1:F01VZCRVECAAXXX5410610696}{2:09501717040402VZCRVECAAXXX40812675430404021720N}{3:{108:SCONNECT}}{4:
:20:MI081223
:25:2222222222
:28C:0525/114
:60M:C081223VEF000039443453,02
:61:081223C000000019310,27NTRF000083831926//180028
PAGO
:61:081223C000000000160,00NTRF000083834321//180028
PAGO
:61:081223C000000000380,00NTRF000083834343//180028
PAGO
:61:081223C000000001607,50NTRF000083835625//180028
PAGO
:61:081223C000000000697,65NTRF000083822480//180028
PAGO
:61:081223C000000000173,45NTRF000083822502//180028
PAGO
:61:081223C000000000151,59NTRF000083822546//180028
PAGO
:61:081223C000000000735,00NTRF000083822955//180028
PAGO
:61:081223C000000000304,16NTRF000083822992//180028
PAGO
:62M:C081223VEF000039466972,64
-}{5:{CHK:1143FB20924B}}{S:{COP:S}}${1:F21VZCRVECAAXXX5410610696}{4:{177:0404021720}{451:0}}{1:F01VZCRVECAAXXX5410610696}{2:09501717040402VZCRVECAAXXX40812675430404021720N}{3:{108:SCONNECT}}{4:
:20:MI081223
:25:2222222222
:28C:0525/115
:60M:C081223VEF000039466972,64
:61:081223C000000004900,00NTRF000083823154//180028
PAGO
:61:081223C000000006334,16NTRF000083823235//180028
PAGO
:61:081223C000000018698,65NTRF000083823751//180028
PAGO
:61:081223C000000002922,85NTRF000083824355//180028
PAGO
:61:081223C000000000650,00NTRF000083824370//180028
PAGO
:61:081223C000000005797,42NTRF000083824473//180028
PAGO
:61:081223C000000000900,00NTRF000083827450//180028
PAGO
:61:081223C000000003554,28NTRF000083827332//180028
PAGO
:61:081223C000000000813,40NTRF000083837386//180028
PAGO
:62M:C081223VEF000039511543,40
-}{5:{CHK:1143FB20924B}}{S:{COP:S}}${1:F21VZCRVECAAXXX5410610696}{4:{177:0404021720}{451:0}}{1:F01VZCRVECAAXXX5410610696}{2:09501717040402VZCRVECAAXXX40812675430404021720N}{3:{108:SCONNECT}}{4:
:20:MI081223
:25:2222222222
:28C:0525/116
:60M:C081223VEF000039511543,40
:61:081223C000000000069,77NTRF000083837460//180028
PAGO
:61:081223C000000000820,01NTRF000083838285//180028
PAGO
:61:081223C000000000543,74NTRF000083840783//180028
PAGO
:61:081223C000000001729,92NTRF000083841741//180028
PAGO
:61:081223C000000007959,85NTRF000083842404//180028
PAGO
:61:081223C000000006733,67NTRF000083842463//180028
PAGO
:61:081223C000000001798,88NTRF000083827310//180028
PAGO
:61:081223C000000010286,19NTRF000083827295//180028
PAGO
:61:081223C000000012346,70NTRF000083843104//180028
PAGO
:62M:C081223VEF000039553832,13
-}{5:{CHK:1143FB20924B}}{S:{COP:S}}${1:F21VZCRVECAAXXX5410610696}{4:{177:0404021720}{451:0}}{1:F01VZCRVECAAXXX5410610696}{2:09501717040402VZCRVECAAXXX40812675430404021720N}{3:{108:SCONNECT}}{4:
:20:MI081223
:25:2222222222
:28C:0525/117
:60M:C081223VEF000039553832,13
:61:081223C000000004664,75NTRF000083843163//180028
PAGO
:61:081223C000000003166,07NTRF000083843185//180028
PAGO
:61:081223C000000002763,12NTRF000083843200//180028
PAGO
:61:081223C000000003731,80NTRF000083843222//180028
PAGO
:61:081223C000000015924,66NTRF000083843244//180028
PAGO
:61:081223C000000003850,90NTRF000083843266//180028
PAGO
:61:081223C000000008505,72NTRF000083843281//180028
PAGO
:61:081223C000000013136,23NTRF000083843303//180028
PAGO
:61:081223C000000016981,67NTRF000083843126//180028
PAGO
:62M:C081223VEF000039626557,05
-}{5:{CHK:1143FB20924B}}{S:{COP:S}}${1:F21VZCRVECAAXXX5410610696}{4:{177:0404021720}{451:0}}{1:F01VZCRVECAAXXX5410610696}{2:09501717040402VZCRVECAAXXX40812675430404021720N}{3:{108:SCONNECT}}{4:
:20:MI081223
:25:2222222222
:28C:0525/118
:60M:C081223VEF000039626557,05
:61:081223C000000002313,19NTRF000083848240//180028
PAGO
:61:081223C000000000746,29NTRF000083847540//180028
PAGO
:61:081223C000000007311,20NTRF000083846744//180028
PAGO
:61:081223C000000003960,07NTRF000083843384//180028
PAGO
:61:081223C000000001865,12NTRF000083844364//180028
PAGO
:61:081223C000000001786,50NTRF000083843406//180028
PAGO
:61:081223C000000008287,37NTRF000083843362//180028
PAGO
:61:081223C000000000200,00NTRF000027666487//180028
PAGO
:61:081223C000000010225,44NTRF000019883017//180028
PAGO
:62M:C081223VEF000039663252,23
-}{5:{CHK:1143FB20924B}}{S:{COP:S}}${1:F21VZCRVECAAXXX5410610696}{4:{177:0404021720}{451:0}}{1:F01VZCRVECAAXXX5410610696}{2:09501717040402VZCRVECAAXXX40812675430404021720N}{3:{108:SCONNECT}}{4:
:20:MI081223
:25:2222222222
:28C:0525/119
:60M:C081223VEF000039663252,23
:61:081223C000000000877,30NTRF000019885005//180028
PAGO
:61:081223C000000035038,62NTRF000020120033//180028
PAGO
:61:081223C000000001507,95NTRF000020120667//180028
PAGO
:61:081223C000000000102,11NTRF000020120984//180028
PAGO
:61:081223C000000003579,56NTRF000020121029//180028
PAGO
:61:081223C000000004308,53NTRF000020121140//180028
PAGO
:61:081223C000000001021,25NTRF000020119607//180028
PAGO
:61:081223C000000006565,38NTRF000020119915//180028
PAGO
:61:081223C000000001000,00NTRF000027689595//180028
PAGO
:62M:C081223VEF000039717252,93
-}{5:{CHK:1143FB20924B}}{S:{COP:S}}${1:F21VZCRVECAAXXX5410610696}{4:{177:0404021720}{451:0}}{1:F01VZCRVECAAXXX5410610696}{2:09501717040402VZCRVECAAXXX40812675430404021720N}{3:{108:SCONNECT}}{4:
:20:MI081223
:25:2222222222
:28C:0525/120
:60M:C081223VEF000039717252,93
:61:081223C000000011000,00NTRF000027691842//180028
PAGO
:61:081223C000000002250,00NTRF000027692384//180028
PAGO
:61:081223C000000000310,00NTRF000027683679//180028
PAGO
:61:081223C000000000200,00NTRF000027689218//180028
PAGO
:61:081223C000000007028,56NTRF000027690618//180028
PAGO
:61:081223C000000023826,25NTRF000000000001//180028
PAGO
:61:081223C000000000481,20NTRF000000000001//180028
PAGO
:61:081223C000000066977,88NTRF000027685349//180028
PAGO
:61:081223C000000004500,00NTRF000027689003//180028
PAGO
:62M:C081223VEF000039833826,82
-}{5:{CHK:1143FB20924B}}{S:{COP:S}}${1:F21VZCRVECAAXXX5410610696}{4:{177:0404021720}{451:0}}{1:F01VZCRVECAAXXX5410610696}{2:09501717040402VZCRVECAAXXX40812675430404021720N}{3:{108:SCONNECT}}{4:
:20:MI081223
:25:2222222222
:28C:0525/121
:60M:C081223VEF000039833826,82
:61:081223C000000020000,00NTRF000027684038//180028
PAGO
:61:081223C000000002468,46NTRF000020120549//180028
PAGO
:61:081223C000000061607,96NTRF000020120221//180028
PAGO
:61:081223C000000014000,00NTRF000083766561//180028
PAGO
:61:081223C000000003000,00NTRF000083783571//180028
PAGO
:61:081223C000000002900,00NTRF000083801373//180028
PAGO
:61:081223C000000001260,00NTRF000083802272//180028
PAGO
:61:081223C000000003000,00NTRF000083742293//180028
PAGO
:61:081223C000000001500,00NTRF000083743553//180028
PAGO
:62M:C081223VEF000039943563,24
-}{5:{CHK:1143FB20924B}}{S:{COP:S}}${1:F21VZCRVECAAXXX5410610696}{4:{177:0404021720}{451:0}}{1:F01VZCRVECAAXXX5410610696}{2:09501717040402VZCRVECAAXXX40812675430404021720N}{3:{108:SCONNECT}}{4:
:20:MI081223
:25:2222222222
:28C:0525/122
:60M:C081223VEF000039943563,24
:61:081223C000000005000,00NTRF000083744566//180028
PAGO
:61:081223C000000004000,00NTRF000083807776//180028
PAGO
:61:081223C000000004000,00NTRF000083808605//180028
PAGO
:61:081223C000000000120,00NTRF000083809740//180028
PAGO
:61:081223C000000000450,00NTRF000083809880//180028
PAGO
:61:081223C000000000100,00NTRF000083810366//180028
PAGO
:61:081223C000000120000,00NTRF000083776431//180028
PAGO
:61:081223C000000004000,00NTRF000083778155//180028
PAGO
:61:081223C000000120000,00NTRF000083778612//180028
PAGO
:62M:C081223VEF000040201233,24
-}{5:{CHK:1143FB20924B}}{S:{COP:S}}${1:F21VZCRVECAAXXX5410610696}{4:{177:0404021720}{451:0}}{1:F01VZCRVECAAXXX5410610696}{2:09501717040402VZCRVECAAXXX40812675430404021720N}{3:{108:SCONNECT}}{4:
:20:MI081223
:25:2222222222
:28C:0525/123
:60M:C081223VEF000040201233,24
:61:081223C000000000700,00NTRF000083779695//180028
PAGO
:61:081223C000000000366,67NTRF000083780896//180028
PAGO
:61:081223C000000002000,00NTRF000083780911//180028
PAGO
:61:081223C000000000260,00NTRF000083786625//180028
PAGO
:61:081223C000000005000,00NTRF000083786824//180028
PAGO
:61:081223C000000017028,54NTRF000083788423//180028
PAGO
:61:081223C000000000600,00NTRF000083789296//180028
PAGO
:61:081223C000000000060,00NTRF000083789451//180028
PAGO
:61:081223C000000005000,00NTRF000083789635//180028
PAGO
:62M:C081223VEF000040232248,45
-}{5:{CHK:1143FB20924B}}{S:{COP:S}}${1:F21VZCRVECAAXXX5410610696}{4:{177:0404021720}{451:0}}{1:F01VZCRVECAAXXX5410610696}{2:09501717040402VZCRVECAAXXX40812675430404021720N}{3:{108:SCONNECT}}{4:
:20:MI081223
:25:2222222222
:28C:0525/124
:60M:C081223VEF000040232248,45
:61:081223C000000005000,00NTRF000083791945//180028
PAGO
:61:081223C000000000500,00NTRF000083763046//180028
PAGO
:61:081223C000000000200,00NTRF000083763433//180028
PAGO
:61:081223C000000000170,00NTRF000083763562//180028
PAGO
:61:081223C000000003000,00NTRF000083768845//180028
PAGO
:61:081223C000000002000,00NTRF000083768834//180028
PAGO
:61:081223C000000004757,90NTRF000083769265//180028
PAGO
:61:081223C000000000100,00NTRF000083770481//180028
PAGO
:61:081223C000000000195,00NTRF000083772301//180028
PAGO
:62M:C081223VEF000040248171,35
-}{5:{CHK:1143FB20924B}}{S:{COP:S}}${1:F21VZCRVECAAXXX5410610696}{4:{177:0404021720}{451:0}}{1:F01VZCRVECAAXXX5410610696}{2:09501717040402VZCRVECAAXXX40812675430404021720N}{3:{108:SCONNECT}}{4:
:20:MI081223
:25:2222222222
:28C:0525/125
:60M:C081223VEF000040248171,35
:61:081223C000000000150,00NTRF000083773130//180028
PAGO
:61:081223C000000001300,00NTRF000083774843//180028
PAGO
:61:081223C000000005000,00NTRF000083775230//180028
PAGO
:61:081223C000000000496,00NTRF000083775731//180028
PAGO
:61:081223C000000000520,00NTRF000083776335//180028
PAGO
:61:081223C000000000098,00NTRF000083754882//180028
PAGO
:61:081223C000000000200,00NTRF000083757144//180028
PAGO
:61:081223C000000001500,00NTRF000083760526//180028
PAGO
:61:081223C000000001127,57NTRF000083762976//180028
PAGO
:62M:C081223VEF000040258562,92
-}{5:{CHK:1143FB20924B}}{S:{COP:S}}${1:F21VZCRVECAAXXX5410610696}{4:{177:0404021720}{451:0}}{1:F01VZCRVECAAXXX5410610696}{2:09501717040402VZCRVECAAXXX40812675430404021720N}{3:{108:SCONNECT}}{4:
:20:MI081223
:25:2222222222
:28C:0525/126
:60M:C081223VEF000040258562,92
:61:081223C000000002040,00NTRF000083739983//180028
PAGO
:61:081223C000000004000,00NTRF000083795596//180028
PAGO
:61:081223C000000001006,71NTRF000083796016//180028
PAGO
:61:081223C000000000800,00NTRF000083797512//180028
PAGO
:61:081223C000000001000,00NTRF000083802736//180028
PAGO
:61:081223C000000005000,00NTRF000083803156//180028
PAGO
:61:081223C000000004000,00NTRF000083804685//180028
PAGO
:61:081223C000000000100,00NTRF000083805595//180028
PAGO
:61:081223C000000000430,00NTRF000083807555//180028
PAGO
:62M:C081223VEF000040276939,63
-}{5:{CHK:1143FB20924B}}{S:{COP:S}}${1:F21VZCRVECAAXXX5410610696}{4:{177:0404021720}{451:0}}{1:F01VZCRVECAAXXX5410610696}{2:09501717040402VZCRVECAAXXX40812675430404021720N}{3:{108:SCONNECT}}{4:
:20:MI081223
:25:2222222222
:28C:0525/127
:60M:C081223VEF000040276939,63
:61:081223C000000004000,00NTRF000083817812//180028
PAGO
:61:081223C000000001000,00NTRF000083733241//180028
PAGO
:61:081223C000000001400,00NTRF000083734560//180028
PAGO
:61:081223C000000002000,00NTRF000083735735//180028
PAGO
:61:081223C000000003000,00NTRF000083737485//180028
PAGO
:61:081223C000000000594,00NTRF000083738130//180028
PAGO
:61:081223C000000000180,00NTRF000083738955//180028
PAGO
:61:081223C000000005000,00NTRF000083739600//180028
PAGO
:61:081223C000000002000,00NTRF000083739843//180028
PAGO
:62M:C081223VEF000040296113,63
-}{5:{CHK:1143FB20924B}}{S:{COP:S}}${1:F21VZCRVECAAXXX5410610696}{4:{177:0404021720}{451:0}}{1:F01VZCRVECAAXXX5410610696}{2:09501717040402VZCRVECAAXXX40812675430404021720N}{3:{108:SCONNECT}}{4:
:20:MI081223
:25:2222222222
:28C:0525/128
:60M:C081223VEF000040296113,63
:61:081223C000000001000,00NTRF000083744732//180028
PAGO
:61:081223C000000002939,00NTRF000083746025//180028
PAGO
:61:081223C000000000400,00NTRF000083747996//180028
PAGO
:61:081223C000000000858,00NTRF000083748350//180028
PAGO
:61:081223C000000005000,00NTRF000083748361//180028
PAGO
:61:081223C000000004000,00NTRF000083750586//180028
PAGO
:61:081223C000000000770,00NTRF000083814146//180028
PAGO
:61:081223C000000001000,00NTRF000083814614//180028
PAGO
:61:081223C000000004000,00NTRF000083815244//180028
PAGO
:62M:C081223VEF000040316080,63
-}{5:{CHK:1143FB20924B}}{S:{COP:S}}${1:F21VZCRVECAAXXX5410610696}{4:{177:0404021720}{451:0}}{1:F01VZCRVECAAXXX5410610696}{2:09501717040402VZCRVECAAXXX40812675430404021720N}{3:{108:SCONNECT}}{4:
:20:MI081223
:25:2222222222
:28C:0525/129
:60M:C081223VEF000040316080,63
:61:081223C000000001410,00NTRF000083744684//180028
PAGO
:61:081223C000000005000,00NTRF000083743914//180028
PAGO
:61:081223C000000000700,00NTRF000083743074//180028
PAGO
:61:081223C000000001000,00NTRF000083740941//180028
PAGO
:61:081223C000000002000,00NTRF000083801465//180028
PAGO
:61:081223C000000003207,00NTRF000083766266//180028
PAGO
:61:081223C000000000050,00NTRF000083755092//180028
PAGO
:61:081223C000000002000,00NTRF000083753073//180028
PAGO
:61:081223C000000000718,00NTRF000083752756//180028
PAGO
:62M:C081223VEF000040332165,63
-}{5:{CHK:1143FB20924B}}{S:{COP:S}}${1:F21VZCRVECAAXXX5410610696}{4:{177:0404021720}{451:0}}{1:F01VZCRVECAAXXX5410610696}{2:09501717040402VZCRVECAAXXX40812675430404021720N}{3:{108:SCONNECT}}{4:
:20:MI081223
:25:2222222222
:28C:0525/130
:60M:C081223VEF000040332165,63
:61:081223C000000000200,00NTRF000083787126//180028
PAGO
:61:081223C000000000200,00NTRF000083787141//180028
PAGO
:61:081223C000000000300,00NTRF000083737791//180028
PAGO
:61:081223C000000002000,00NTRF000083749330//180028
PAGO
:61:081223C000000000020,00NTRF000083737183//180028
PAGO
:61:081223C000000005000,00NTRF000083776921//180028
PAGO
:61:081223C000000000200,00NTRF000083800765//180028
PAGO
:61:081223C000000002000,00NTRF000083749492//180028
PAGO
:61:081223C000000005000,00NTRF000083756536//180028
PAGO
:62M:C081223VEF000040347085,63
-}{5:{CHK:1143FB20924B}}{S:{COP:S}}${1:F21VZCRVECAAXXX5410610696}{4:{177:0404021720}{451:0}}{1:F01VZCRVECAAXXX5410610696}{2:09501717040402VZCRVECAAXXX40812675430404021720N}{3:{108:SCONNECT}}{4:
:20:MI081223
:25:2222222222
:28C:0525/131
:60M:C081223VEF000040347085,63
:61:081223C000000000515,00NTRF000000000104//180028
PAGO
:61:081223C000000005000,00NTRF000023122008//180028
PAGO
:61:081223C000000000700,00NTRF000023122008//180028
PAGO
:61:081223C000000000150,00NTRF000023122008//180028
PAGO
:61:081223C000000001400,00NTRF000023122008//180028
PAGO
:61:081223C000000000202,00NTRF000023122008//180028
PAGO
:61:081223C000000004000,00NTRF000023122008//180028
PAGO
:61:081223C000000001500,00NTRF000023122008//180028
PAGO
:61:081223C000000001000,00NTRF000023122008//180028
PAGO
:62M:C081223VEF000040361552,63
-}{5:{CHK:1143FB20924B}}{S:{COP:S}}${1:F21VZCRVECAAXXX5410610696}{4:{177:0404021720}{451:0}}{1:F01VZCRVECAAXXX5410610696}{2:09501717040402VZCRVECAAXXX40812675430404021720N}{3:{108:SCONNECT}}{4:
:20:MI081223
:25:2222222222
:28C:0525/132
:60M:C081223VEF000040361552,63
:61:081223C000000002500,00NTRF000023122008//180028
PAGO
:61:081223C000000000190,00NTRF000023122008//180028
PAGO
:61:081223C000000000100,00NTRF000023122008//180028
PAGO
:61:081223C000000006200,00NTRF000023122008//180028
PAGO
:61:081223C000000001600,57NTRF000023122008//180028
PAGO
:61:081223C000000004000,00NTRF000023122008//180028
PAGO
:61:081223C000000001000,00NTRF000023122008//180028
PAGO
:61:081223C000000000200,00NTRF000023122008//180028
PAGO
:61:081223C000000001730,36NTRF000023122008//180028
PAGO
:62M:C081223VEF000040379073,56
-}{5:{CHK:1143FB20924B}}{S:{COP:S}}${1:F21VZCRVECAAXXX5410610696}{4:{177:0404021720}{451:0}}{1:F01VZCRVECAAXXX5410610696}{2:09501717040402VZCRVECAAXXX40812675430404021720N}{3:{108:SCONNECT}}{4:
:20:MI081223
:25:2222222222
:28C:0525/133
:60M:C081223VEF000040379073,56
:61:081223C000000000200,00NTRF000023122008//180028
PAGO
:61:081223C000000001000,00NTRF000023122008//180028
PAGO
:61:081223C000000000350,00NTRF000023122008//180028
PAGO
:61:081223C000000002000,00NTRF000023122008//180028
PAGO
:61:081223C000000010750,00NTRF000023122008//180028
PAGO
:61:081223C000000000100,00NTRF000023122008//180028
PAGO
:61:081223C000000005000,00NTRF000023122008//180028
PAGO
:61:081223C000000001100,00NTRF000023122008//180028
PAGO
:61:081223C000000000150,00NTRF000023122008//180028
PAGO
:62M:C081223VEF000040399723,56
-}{5:{CHK:1143FB20924B}}{S:{COP:S}}${1:F21VZCRVECAAXXX5410610696}{4:{177:0404021720}{451:0}}{1:F01VZCRVECAAXXX5410610696}{2:09501717040402VZCRVECAAXXX40812675430404021720N}{3:{108:SCONNECT}}{4:
:20:MI081223
:25:2222222222
:28C:0525/134
:60M:C081223VEF000040399723,56
:61:081223C000000011000,00NTRF000000350988//180028
PAGO
:61:081223C000000002200,00NTRF000000351058//180028
PAGO
:61:081223C000000001200,00NTRF000000350486//180028
PAGO
:61:081223C000000001188,72NTRF000003273585//180028
PAGO
:61:081223C000000001285,22NTRF000003273586//180028
PAGO
:61:081223C000000000547,65NTRF000003273593//180028
PAGO
:61:081223C000000000100,00NTRF000000349165//180028
PAGO
:61:081223C000000001000,00NTRF000000349256//180028
PAGO
:61:081223C000000000300,00NTRF000000349452//180028
PAGO
:62M:C081223VEF000040418545,15
-}{5:{CHK:1143FB20924B}}{S:{COP:S}}${1:F21VZCRVECAAXXX5410610696}{4:{177:0404021720}{451:0}}{1:F01VZCRVECAAXXX5410610696}{2:09501717040402VZCRVECAAXXX40812675430404021720N}{3:{108:SCONNECT}}{4:
:20:MI081223
:25:2222222222
:28C:0525/135
:60M:C081223VEF000040418545,15
:61:081223C000000000054,00NTRF000000349464//180028
PAGO
:61:081223C000000000200,00NTRF000000349481//180028
PAGO
:61:081223C000000002500,00NTRF000000349498//180028
PAGO
:61:081223C000000002000,00NTRF000000349592//180028
PAGO
:61:081223C000000001100,00NTRF000000349701//180028
PAGO
:61:081223C000000001000,00NTRF000000349050//180028
PAGO
:61:081223C000000001300,00NTRF000000349053//180028
PAGO
:61:081223C000000002000,00NTRF000000349066//180028
PAGO
:61:081223C000000001000,00NTRF000000349079//180028
PAGO
:62M:C081223VEF000040429699,15
-}{5:{CHK:1143FB20924B}}{S:{COP:S}}${1:F21VZCRVECAAXXX5410610696}{4:{177:0404021720}{451:0}}{1:F01VZCRVECAAXXX5410610696}{2:09501717040402VZCRVECAAXXX40812675430404021720N}{3:{108:SCONNECT}}{4:
:20:MI081223
:25:2222222222
:28C:0525/136
:60M:C081223VEF000040429699,15
:61:081223C000000000200,00NTRF000000349114//180028
PAGO
:61:081223C000000002000,00NTRF000000349117//180028
PAGO
:61:081223C000000002000,00NTRF000000349123//180028
PAGO
:61:081223C000000007803,77NTRF000000349157//180028
PAGO
:61:081223C000000000100,00NTRF000000349158//180028
PAGO
:61:081223C000000001000,00NTRF000000348304//180028
PAGO
:61:081223C000000001000,00NTRF000000348307//180028
PAGO
:61:081223C000000001450,00NTRF000000348363//180028
PAGO
:61:081223C000000001247,94NTRF000000348435//180028
PAGO
:62M:C081223VEF000040446500,86
-}{5:{CHK:1143FB20924B}}{S:{COP:S}}${1:F21VZCRVECAAXXX5410610696}{4:{177:0404021720}{451:0}}{1:F01VZCRVECAAXXX5410610696}{2:09501717040402VZCRVECAAXXX40812675430404021720N}{3:{108:SCONNECT}}{4:
:20:MI081223
:25:2222222222
:28C:0525/137
:60M:C081223VEF000040446500,86
:61:081223C000000002550,00NTRF000000348503//180028
PAGO
:61:081223C000000004300,00NTRF000000348540//180028
PAGO
:61:081223C000000002463,00NTRF000000348542//180028
PAGO
:61:081223C000000001260,00NTRF000000348583//180028
PAGO
:61:081223C000000001000,00NTRF000000348770//180028
PAGO
:61:081223C000000001000,00NTRF000000348780//180028
PAGO
:61:081223C000000001000,00NTRF000000348785//180028
PAGO
:61:081223C000000000025,00NTRF000000348912//180028
PAGO
:61:081223C000000001750,00NTRF000000349018//180028
PAGO
:62M:C081223VEF000040461848,86
-}{5:{CHK:1143FB20924B}}{S:{COP:S}}${1:F21VZCRVECAAXXX5410610696}{4:{177:0404021720}{451:0}}{1:F01VZCRVECAAXXX5410610696}{2:09501717040402VZCRVECAAXXX40812675430404021720N}{3:{108:SCONNECT}}{4:
:20:MI081223
:25:2222222222
:28C:0525/138
:60M:C081223VEF000040461848,86
:61:081223C000000000072,00NTRF000003273516//180028
PAGO
:61:081223C000000000102,60NTRF000003273517//180028
PAGO
:61:081223C000000000134,55NTRF000003273518//180028
PAGO
:61:081223C000000000210,86NTRF000003273519//180028
PAGO
:61:081223C000000000115,67NTRF000003273520//180028
PAGO
:61:081223C000000000406,26NTRF000003273524//180028
PAGO
:61:081223C000000000315,38NTRF000003273528//180028
PAGO
:61:081223C000000000294,60NTRF000003273530//180028
PAGO
:61:081223C000000000095,00NTRF000000348153//180028
PAGO
:62M:C081223VEF000040463595,78
-}{5:{CHK:1143FB20924B}}{S:{COP:S}}${1:F21VZCRVECAAXXX5410610696}{4:{177:0404021720}{451:0}}{1:F01VZCRVECAAXXX5410610696}{2:09501717040402VZCRVECAAXXX40812675430404021720N}{3:{108:SCONNECT}}{4:
:20:MI081223
:25:2222222222
:28C:0525/139
:60M:C081223VEF000040463595,78
:61:081223C000000002602,22NTRF000000348218//180028
PAGO
:61:081223C000000006000,00NTRF000000348248//180028
PAGO
:61:081223C000000003500,00NTRF000000348257//180028
PAGO
:61:081223C000000005000,00NTRF000000348287//180028
PAGO
:61:081223C000000000074,97NTRF000003273496//180028
PAGO
:61:081223C000000000125,00NTRF000003273497//180028
PAGO
:61:081223C000000000074,70NTRF000003273500//180028
PAGO
:61:081223C000000000197,10NTRF000003273502//180028
PAGO
:61:081223C000000000144,00NTRF000003273503//180028
PAGO
:62M:C081223VEF000040481313,77
-}{5:{CHK:1143FB20924B}}{S:{COP:S}}${1:F21VZCRVECAAXXX5410610696}{4:{177:0404021720}{451:0}}{1:F01VZCRVECAAXXX5410610696}{2:09501717040402VZCRVECAAXXX40812675430404021720N}{3:{108:SCONNECT}}{4:
:20:MI081223
:25:2222222222
:28C:0525/140
:60M:C081223VEF000040481313,77
:61:081223C000000000201,60NTRF000003273504//180028
PAGO
:61:081223C000000000188,35NTRF000003273507//180028
PAGO
:61:081223C000000000488,52NTRF000003273508//180028
PAGO
:61:081223C000000000240,21NTRF000003273509//180028
PAGO
:61:081223C000000000063,68NTRF000003273510//180028
PAGO
:61:081223C000000000102,24NTRF000003273512//180028
PAGO
:61:081223C000000000558,66NTRF000003273513//180028
PAGO
:61:081223C000000000092,26NTRF000003273515//180028
PAGO
:61:081223C000000000867,05NTRF000003273469//180028
PAGO
:62M:C081223VEF000040484116,34
-}{5:{CHK:1143FB20924B}}{S:{COP:S}}${1:F21VZCRVECAAXXX5410610696}{4:{177:0404021720}{451:0}}{1:F01VZCRVECAAXXX5410610696}{2:09501717040402VZCRVECAAXXX40812675430404021720N}{3:{108:SCONNECT}}{4:
:20:MI081223
:25:2222222222
:28C:0525/141
:60M:C081223VEF000040484116,34
:61:081223C000000000174,60NTRF000003273475//180028
PAGO
:61:081223C000000000302,45NTRF000003273476//180028
PAGO
:61:081223C000000000279,45NTRF000003273479//180028
PAGO
:61:081223C000000000233,11NTRF000003273480//180028
PAGO
:61:081223C000000000319,76NTRF000003273484//180028
PAGO
:61:081223C000000000100,65NTRF000003273487//180028
PAGO
:61:081223C000000000225,90NTRF000003273488//180028
PAGO
:61:081223C000000000208,09NTRF000003273489//180028
PAGO
:61:081223C000000000100,62NTRF000003273491//180028
PAGO
:62M:C081223VEF000040486060,97
-}{5:{CHK:1143FB20924B}}{S:{COP:S}}${1:F21VZCRVECAAXXX5410610696}{4:{177:0404021720}{451:0}}{1:F01VZCRVECAAXXX5410610696}{2:09501717040402VZCRVECAAXXX40812675430404021720N}{3:{108:SCONNECT}}{4:
:20:MI081223
:25:2222222222
:28C:0525/142
:60M:C081223VEF000040486060,97
:61:081223C000000000437,41NTRF000003273492//180028
PAGO
:61:081223C000000000189,54NTRF000003273493//180028
PAGO
:61:081223C000000000419,40NTRF000003273495//180028
PAGO
:61:081223C000000000123,66NTRF000003273440//180028
PAGO
:61:081223C000000001660,06NTRF000003273441//180028
PAGO
:61:081223C000000000293,58NTRF000003273442//180028
PAGO
:61:081223C000000000314,42NTRF000003273445//180028
PAGO
:61:081223C000000000107,28NTRF000003273446//180028
PAGO
:61:081223C000000000070,58NTRF000003273449//180028
PAGO
:62M:C081223VEF000040489676,90
-}{5:{CHK:1143FB20924B}}{S:{COP:S}}${1:F21VZCRVECAAXXX5410610696}{4:{177:0404021720}{451:0}}{1:F01VZCRVECAAXXX5410610696}{2:09501717040402VZCRVECAAXXX40812675430404021720N}{3:{108:SCONNECT}}{4:
:20:MI081223
:25:2222222222
:28C:0525/143
:60M:C081223VEF000040489676,90
:61:081223C000000000711,00NTRF000003273450//180028
PAGO
:61:081223C000000000259,68NTRF000003273453//180028
PAGO
:61:081223C000000000131,22NTRF000003273454//180028
PAGO
:61:081223C000000000201,38NTRF000003273455//180028
PAGO
:61:081223C000000000109,54NTRF000003273463//180028
PAGO
:61:081223C000000000400,00NTRF000000346836//180028
PAGO
:61:081223C000000000007,00NTRF000000346937//180028
PAGO
:61:081223C000000004000,00NTRF000000347001//180028
PAGO
:61:081223C000000002000,00NTRF000000347011//180028
PAGO
:62M:C081223VEF000040497496,72
-}{5:{CHK:1143FB20924B}}{S:{COP:S}}${1:F21VZCRVECAAXXX5410610696}{4:{177:0404021720}{451:0}}{1:F01VZCRVECAAXXX5410610696}{2:09501717040402VZCRVECAAXXX40812675430404021720N}{3:{108:SCONNECT}}{4:
:20:MI081223
:25:2222222222
:28C:0525/144
:60M:C081223VEF000040497496,72
:61:081223C000000000055,00NTRF000000347062//180028
PAGO
:61:081223C000000001000,00NTRF000000347064//180028
PAGO
:61:081223C000000000009,00NTRF000000347190//180028
PAGO
:61:081223C000000004855,05NTRF000002457588//180028
PAGO
:61:081223C000000004000,00NTRF000000346064//180028
PAGO
:61:081223C000000000400,00NTRF000000346091//180028
PAGO
:61:081223C000000000120,00NTRF000000346129//180028
PAGO
:61:081223C000000001700,00NTRF000000346191//180028
PAGO
:61:081223C000000000600,00NTRF000000346315//180028
PAGO
:62M:C081223VEF000040510235,77
-}{5:{CHK:1143FB20924B}}{S:{COP:S}}${1:F21VZCRVECAAXXX5410610696}{4:{177:0404021720}{451:0}}{1:F01VZCRVECAAXXX5410610696}{2:09501717040402VZCRVECAAXXX40812675430404021720N}{3:{108:SCONNECT}}{4:
:20:MI081223
:25:2222222222
:28C:0525/145
:60M:C081223VEF000040510235,77
:61:081223C000000001000,00NTRF000000346326//180028
PAGO
:61:081223C000000000600,00NTRF000000346339//180028
PAGO
:61:081223C000000000153,50NTRF000003273154//180028
PAGO
:61:081223C000000010387,50NTRF000003273159//180028
PAGO
:61:081223C000000002500,00NTRF000000346515//180028
PAGO
:61:081223C000000000008,00NTRF000000346553//180028
PAGO
:61:081223C000000015000,00NTRF000000346657//180028
PAGO
:61:081223C000000021000,00NTRF000000345528//180028
PAGO
:61:081223C000000000145,00NTRF000000345540//180028
PAGO
:62M:C081223VEF000040561029,77
-}{5:{CHK:1143FB20924B}}{S:{COP:S}}${1:F21VZCRVECAAXXX5410610696}{4:{177:0404021720}{451:0}}{1:F01VZCRVECAAXXX5410610696}{2:09501717040402VZCRVECAAXXX40812675430404021720N}{3:{108:SCONNECT}}{4:
:20:MI081223
:25:2222222222
:28C:0525/146
:60M:C081223VEF000040561029,77
:61:081223C000000000990,00NTRF000000345670//180028
PAGO
:61:081223C000000002507,00NTRF000000345705//180028
PAGO
:61:081223C000000000150,00NTRF000000345712//180028
PAGO
:61:081223C000000000510,67NTRF000000345786//180028
PAGO
:61:081223C000000010000,00NTRF000000345799//180028
PAGO
:61:081223C000000000450,00NTRF000000345801//180028
PAGO
:61:081223C000000000300,00NTRF000000345841//180028
PAGO
:61:081223C000000001399,00NTRF000000345920//180028
PAGO
:61:081223C000000002000,00NTRF000000345925//180028
PAGO
:62M:C081223VEF000040579336,44
-}{5:{CHK:1143FB20924B}}{S:{COP:S}}${1:F21VZCRVECAAXXX5410610696}{4:{177:0404021720}{451:0}}{1:F01VZCRVECAAXXX5410610696}{2:09501717040402VZCRVECAAXXX40812675430404021720N}{3:{108:SCONNECT}}{4:
:20:MI081223
:25:2222222222
:28C:0525/147
:60M:C081223VEF000040579336,44
:61:081223C000000025000,00NTRF000000345951//180028
PAGO
:61:081223C000000003374,57NTRF000002457570//180028
PAGO
:61:081223C000000000100,00NTRF000000345096//180028
PAGO
:61:081223C000000000100,00NTRF000000345125//180028
PAGO
:61:081223C000000000100,00NTRF000000345129//180028
PAGO
:61:081223C000000019889,80NTRF000000345216//180028
PAGO
:61:081223C000000000750,00NTRF000000345240//180028
PAGO
:61:081223C000000000495,00NTRF000000345248//180028
PAGO
:61:081223C000000002000,00NTRF000000345251//180028
PAGO
:62M:C081223VEF000040631145,81
-}{5:{CHK:1143FB20924B}}{S:{COP:S}}${1:F21VZCRVECAAXXX5410610696}{4:{177:0404021720}{451:0}}{1:F01VZCRVECAAXXX5410610696}{2:09501717040402VZCRVECAAXXX40812675430404021720N}{3:{108:SCONNECT}}{4:
:20:MI081223
:25:2222222222
:28C:0525/148
:60M:C081223VEF000040631145,81
:61:081223C000000010000,00NTRF000000345327//180028
PAGO
:61:081223C000000000450,00NTRF000000345337//180028
PAGO
:61:081223C000000001000,00NTRF000000345340//180028
PAGO
:61:081223C000000002940,00NTRF000000345394//180028
PAGO
:61:081223C000000010000,00NTRF000000345395//180028
PAGO
:61:081223C000000001075,00NTRF000000345474//180028
PAGO
:61:081223C000000001400,00NTRF000000344635//180028
PAGO
:61:081223C000000006500,00NTRF000000344697//180028
PAGO
:61:081223C000000003560,00NTRF000000344700//180028
PAGO
:62M:C081223VEF000040668070,81
-}{5:{CHK:1143FB20924B}}{S:{COP:S}}${1:F21VZCRVECAAXXX5410610696}{4:{177:0404021720}{451:0}}{1:F01VZCRVECAAXXX5410610696}{2:09501717040402VZCRVECAAXXX40812675430404021720N}{3:{108:SCONNECT}}{4:
:20:MI081223
:25:2222222222
:28C:0525/149
:60M:C081223VEF000040668070,81
:61:081223C000000012300,00NTRF000000344759//180028
PAGO
:61:081223C000000002320,00NTRF000000344832//180028
PAGO
:61:081223C000000000814,42NTRF000000344900//180028
PAGO
:61:081223C000000000290,60NTRF000000344912//180028
PAGO
:61:081223C000000001500,00NTRF000000344919//180028
PAGO
:61:081223C000000000070,00NTRF000000344921//180028
PAGO
:61:081223C000000002000,00NTRF000000344952//180028
PAGO
:61:081223C000000003000,00NTRF000000344969//180028
PAGO
:61:081223C000000016000,00NTRF000000344981//180028
PAGO
:62M:C081223VEF000040706365,83
-}{5:{CHK:1143FB20924B}}{S:{COP:S}}${1:F21VZCRVECAAXXX5410610696}{4:{177:0404021720}{451:0}}{1:F01VZCRVECAAXXX5410610696}{2:09501717040402VZCRVECAAXXX40812675430404021720N}{3:{108:SCONNECT}}{4:
:20:MI081223
:25:2222222222
:28C:0525/150
:60M:C081223VEF000040706365,83
:61:081223C000000000200,00NTRF000000345002//180028
PAGO
:61:081223C000000000658,00NTRF000000344194//180028
PAGO
:61:081223C000000000278,00NTRF000000344222//180028
PAGO
:61:081223C000000000798,74NTRF000000344290//180028
PAGO
:61:081223C000000000720,00NTRF000000344312//180028
PAGO
:61:081223C000000004000,00NTRF000000344326//180028
PAGO
:61:081223C000000000071,00NTRF000000344365//180028
PAGO
:61:081223C000000000200,00NTRF000000344372//180028
PAGO
:61:081223C000000000500,00NTRF000000344413//180028
PAGO
:62M:C081223VEF000040713791,57
-}{5:{CHK:1143FB20924B}}{S:{COP:S}}${1:F21VZCRVECAAXXX5410610696}{4:{177:0404021720}{451:0}}{1:F01VZCRVECAAXXX5410610696}{2:09501717040402VZCRVECAAXXX40812675430404021720N}{3:{108:SCONNECT}}{4:
:20:MI081223
:25:2222222222
:28C:0525/151
:60M:C081223VEF000040713791,57
:61:081223C000000007000,00NTRF000000344455//180028
PAGO
:61:081223C000000000200,00NTRF000000344478//180028
PAGO
:61:081223C000000005200,00NTRF000000344503//180028
PAGO
:61:081223C000000005000,00NTRF000000344544//180028
PAGO
:61:081223C000000001500,00NTRF000000344585//180028
PAGO
:61:081223C000000000200,00NTRF000000343357//180028
PAGO
:61:081223C000000000700,00NTRF000000343416//180028
PAGO
:61:081223C000000001600,00NTRF000000343634//180028
PAGO
:61:081223C000000000120,00NTRF000000343661//180028
PAGO
:62M:C081223VEF000040735311,57
-}{5:{CHK:1143FB20924B}}{S:{COP:S}}${1:F21VZCRVECAAXXX5410610696}{4:{177:0404021720}{451:0}}{1:F01VZCRVECAAXXX5410610696}{2:09501717040402VZCRVECAAXXX40812675430404021720N}{3:{108:SCONNECT}}{4:
:20:MI081223
:25:2222222222
:28C:0525/152
:60M:C081223VEF000040735311,57
:61:081223C000000001805,00NTRF000000343718//180028
PAGO
:61:081223C000000000642,00NTRF000000343777//180028
PAGO
:61:081223C000000004500,00NTRF000000343811//180028
PAGO
:61:081223C000000001000,00NTRF000000343899//180028
PAGO
:61:081223C000000000360,00NTRF000000343913//180028
PAGO
:61:081223C000000010000,00NTRF000000343915//180028
PAGO
:61:081223C000000000446,00NTRF000000344051//180028
PAGO
:61:081223C000000005559,68NTRF000000344108//180028
PAGO
:61:081223C000000001000,00NTRF000000344190//180028
PAGO
:62M:C081223VEF000040760624,25
-}{5:{CHK:1143FB20924B}}{S:{COP:S}}${1:F21VZCRVECAAXXX5410610696}{4:{177:0404021720}{451:0}}{1:F01VZCRVECAAXXX5410610696}{2:09501717040402VZCRVECAAXXX40812675430404021720N}{3:{108:SCONNECT}}{4:
:20:MI081223
:25:2222222222
:28C:0525/153
:60M:C081223VEF000040760624,25
:61:081223C000000001500,00NTRF000000342997//180028
PAGO
:61:081223C000000000500,00NTRF000000343051//180028
PAGO
:61:081223C000000000100,00NTRF000000343061//180028
PAGO
:61:081223C000000000230,00NTRF000000343069//180028
PAGO
:61:081223C000000001454,00NTRF000000343101//180028
PAGO
:61:081223C000000015000,00NTRF000000343133//180028
PAGO
:61:081223C000000002500,00NTRF000000343136//180028
PAGO
:61:081223C000000001909,52NTRF000000343143//180028
PAGO
:61:081223C000000000500,00NTRF000000343151//180028
PAGO
:62M:C081223VEF000040784317,77
-}{5:{CHK:1143FB20924B}}{S:{COP:S}}${1:F21VZCRVECAAXXX5410610696}{4:{177:0404021720}{451:0}}{1:F01VZCRVECAAXXX5410610696}{2:09501717040402VZCRVECAAXXX40812675430404021720N}{3:{108:SCONNECT}}{4:
:20:MI081223
:25:2222222222
:28C:0525/154
:60M:C081223VEF000040784317,77
:61:081223C000000005000,00NTRF000000343168//180028
PAGO
:61:081223C000000000250,00NTRF000000343188//180028
PAGO
:61:081223C000000001000,00NTRF000000343236//180028
PAGO
:61:081223C000000001800,00NTRF000000343307//180028
PAGO
:61:081223C000000001000,00NTRF000000342408//180028
PAGO
:61:081223C000000000440,00NTRF000000342484//180028
PAGO
:61:081223C000000002000,00NTRF000000342594//180028
PAGO
:61:081223C000000001000,00NTRF000000342647//180028
PAGO
:61:081223C000000002000,00NTRF000000342657//180028
PAGO
:62M:C081223VEF000040798807,77
-}{5:{CHK:1143FB20924B}}{S:{COP:S}}${1:F21VZCRVECAAXXX5410610696}{4:{177:0404021720}{451:0}}{1:F01VZCRVECAAXXX5410610696}{2:09501717040402VZCRVECAAXXX40812675430404021720N}{3:{108:SCONNECT}}{4:
:20:MI081223
:25:2222222222
:28C:0525/155
:60M:C081223VEF000040798807,77
:61:081223C000000000300,00NTRF000000342706//180028
PAGO
:61:081223C000000000500,00NTRF000000342709//180028
PAGO
:61:081223D000040799607,77NTRF000020081223//180028
N/D
:62F:C081223VEF000000000000,00
-}{5:{CHK:96FA6004455F}}{S:{COP:S}}
