{1:F21CONSVECAAXXX5124904591}{4:{177:0805260702}{451:0}}{1:F01CONSVECAAXXX5124904591}{2:O9500703080526BPROVECAAXXX63097166480805260703N}{4:
:20:EC95005020080523
:25:01080090150500000806
:28C:08144/00001
:60F:D080523VEF4059134,38
:61:0805230523CB4000,00NMSC000076791//000076791
CORRESP 20575081 DIF DEV REC 22-5 
:61:0805230523DB13796,00NCHG000076792//000076792
CORRESP. N/D 10515110743 20050    
:61:0805230523DB4442,00NCHG000076793//000076793
CORRESP. N/C 9522405081 220508    
:61:0805230523CB4442,00NMSC000076794//000076794
CORRESP. N/D 10515110743 250308   
:61:0805230523CB3442,00NMSC000076795//000076795
CORRESP. N/D 952405082 220508     
:62F:D080523VEF4065488,38
:64:D080523VEF4065488,38
-}{5:{CHK:8DEF2E8F46AB}}{S:{COP:S}}
