{1:F21VZCRVECAAXXX5410610696}{4:{177:0404021720}{451:0}}{1:F01VZCRVECAAXXX5410610696}{2:09501717040402VZCRVECAAXXX40812675430404021720N}{3:{108:SCONNECT}}{4:
:20:MI081224
:25:2222222222
:28C:0526/001
:60F:C081224VEF000000000000,00
:62M:C081224VEF000000000000,00
-}{5:{CHK:1143FB20924B}}{S:{COP:S}}${1:F21VZCRVECAAXXX5410610696}{4:{177:0404021720}{451:0}}{1:F01VZCRVECAAXXX5410610696}{2:09501717040402VZCRVECAAXXX40812675430404021720N}{3:{108:SCONNECT}}{4:
:20:MI081224
:25:2222222222
:28C:0526/002
:60M:C081224VEF000000000000,00
:61:081224C000000002703,15NTRF000000000402//180007
PAGO
:61:081224C000000000615,54NTRF000000000399//180007
PAGO
:61:081224C000000015389,36NTRF000000000344//180007
PAGO
:61:081224C000000005728,57NTRF000000000313//180007
PAGO
:61:081224C000000016600,00NTRF000000000615//180007
PAGO
:61:081224C000000004744,40NTRF000000000312//180007
PAGO
:61:081224C000000015000,00NTRF000000000539//180007
PAGO
:61:081224C000000000300,00NTRF000027731098//180007
PAGO
:61:081224C000000000100,00NTRF000027723714//180007
PAGO
:62M:C081224VEF000000061181,02
-}{5:{CHK:1143FB20924B}}{S:{COP:S}}${1:F21VZCRVECAAXXX5410610696}{4:{177:0404021720}{451:0}}{1:F01VZCRVECAAXXX5410610696}{2:09501717040402VZCRVECAAXXX40812675430404021720N}{3:{108:SCONNECT}}{4:
:20:MI081224
:25:2222222222
:28C:0526/003
:60M:C081224VEF000000061181,02
:61:081224C000000000200,00NTRF000027719232//180007
PAGO
:61:081224C000000000200,00NTRF000027721896//180007
PAGO
:61:081224C000000015000,00NTRF000027722130//180007
PAGO
:61:081224C000000014000,00NTRF000027720546//180007
PAGO
:61:081224C000000004500,00NTRF000027722132//180007
PAGO
:61:081224C000000005000,00NTRF000027722666//180007
PAGO
:61:081224C000000000500,00NTRF000027722870//180007
PAGO
:61:081224C000000000500,00NTRF000027722195//180007
PAGO
:61:081224C000000000500,00NTRF000027724502//180007
PAGO
:62M:C081224VEF000000101581,02
-}{5:{CHK:1143FB20924B}}{S:{COP:S}}${1:F21VZCRVECAAXXX5410610696}{4:{177:0404021720}{451:0}}{1:F01VZCRVECAAXXX5410610696}{2:09501717040402VZCRVECAAXXX40812675430404021720N}{3:{108:SCONNECT}}{4:
:20:MI081224
:25:2222222222
:28C:0526/004
:60M:C081224VEF000000101581,02
:61:081224C000000001000,00NTRF000027725366//180007
PAGO
:61:081224C000000001635,00NTRF000027726049//180007
PAGO
:61:081224C000000002623,50NTRF000027726155//180007
PAGO
:61:081224C000000005600,00NTRF000027726346//180007
PAGO
:61:081224C000000005500,00NTRF000000000178//180007
PAGO
:61:081224C000000003202,91NTRF000000365515//180007
PAGO
:61:081224C000000600000,00NTRF000000358805//180007
PAGO
:61:081224C000000100003,21NTRF000000358861//180007
PAGO
:61:081224C000000001500,00NTRF000000371129//180007
PAGO
:62M:C081224VEF000000822645,64
-}{5:{CHK:1143FB20924B}}{S:{COP:S}}${1:F21VZCRVECAAXXX5410610696}{4:{177:0404021720}{451:0}}{1:F01VZCRVECAAXXX5410610696}{2:09501717040402VZCRVECAAXXX40812675430404021720N}{3:{108:SCONNECT}}{4:
:20:MI081224
:25:2222222222
:28C:0526/005
:60M:C081224VEF000000822645,64
:61:081224C000000006000,00NTRF000000360001//180007
PAGO
:61:081224C000000168668,73NTRF000000360234//180007
PAGO
:61:081224C000000000100,00NTRF000000360395//180007
PAGO
:61:081224C000000016405,42NTRF000000360923//180007
PAGO
:61:081224C000000030000,00NTRF000000361214//180007
PAGO
:61:081224C000000001011,80NTRF000000361765//180007
PAGO
:61:081224C000004000000,00NTRF000000361790//180007
PAGO
:61:081224C000001190213,00NTRF000000361845//180007
PAGO
:61:081224C000000001000,00NTRF000000371759//180007
PAGO
:62M:C081224VEF000006236044,59
-}{5:{CHK:1143FB20924B}}{S:{COP:S}}${1:F21VZCRVECAAXXX5410610696}{4:{177:0404021720}{451:0}}{1:F01VZCRVECAAXXX5410610696}{2:09501717040402VZCRVECAAXXX40812675430404021720N}{3:{108:SCONNECT}}{4:
:20:MI081224
:25:2222222222
:28C:0526/006
:60M:C081224VEF000006236044,59
:61:081224C000000001500,00NTRF000000371790//180007
PAGO
:61:081224C000000001000,00NTRF000000371818//180007
PAGO
:61:081224C000000001000,00NTRF000000371871//180007
PAGO
:61:081224C000000008000,00NTRF000000371875//180007
PAGO
:61:081224C000000007840,00NTRF000000365550//180007
PAGO
:61:081224C000000003000,00NTRF000000370789//180007
PAGO
:61:081224C000000000066,66NTRF000000370826//180007
PAGO
:61:081224C000000004000,00NTRF000000000000//180007
PAGO
:61:081224C000000003000,00NTRF000024122008//180007
PAGO
:62M:C081224VEF000006265451,25
-}{5:{CHK:1143FB20924B}}{S:{COP:S}}${1:F21VZCRVECAAXXX5410610696}{4:{177:0404021720}{451:0}}{1:F01VZCRVECAAXXX5410610696}{2:09501717040402VZCRVECAAXXX40812675430404021720N}{3:{108:SCONNECT}}{4:
:20:MI081224
:25:2222222222
:28C:0526/007
:60M:C081224VEF000006265451,25
:61:081224C000000001000,00NTRF000000000000//180007
PAGO
:61:081224C000000000140,00NTRF000000019975//180007
PAGO
:61:081224C000000000420,00NTRF000000018316//180007
PAGO
:61:081224C000000000601,00NTRF000000018230//180007
PAGO
:61:081224C000000000200,00NTRF000000018190//180007
PAGO
:61:081224C000000006700,00NTRF000000018181//180007
PAGO
:61:081224C000000003504,00NTRF000000019279//180007
PAGO
:61:081224C000000000650,00NTRF000000019209//180007
PAGO
:61:081224C000000000720,00NTRF000000018792//180007
PAGO
:62M:C081224VEF000006279386,25
-}{5:{CHK:1143FB20924B}}{S:{COP:S}}${1:F21VZCRVECAAXXX5410610696}{4:{177:0404021720}{451:0}}{1:F01VZCRVECAAXXX5410610696}{2:09501717040402VZCRVECAAXXX40812675430404021720N}{3:{108:SCONNECT}}{4:
:20:MI081224
:25:2222222222
:28C:0526/008
:60M:C081224VEF000006279386,25
:61:081224C000000000400,00NTRF000000018693//180007
PAGO
:61:081224C000000002000,00NTRF000000018694//180007
PAGO
:61:081224C000000004500,00NTRF000000018698//180007
PAGO
:61:081224C000000000250,00NTRF000000018498//180007
PAGO
:61:081224C000000005900,00NTRF000000018500//180007
PAGO
:61:081224C000000002100,00NTRF000000018372//180007
PAGO
:61:081224C000000000150,00NTRF000000018130//180007
PAGO
:61:081224C000000002414,94NTRF000000016185//180007
PAGO
:61:081224C000000001500,00NTRF000000016091//180007
PAGO
:62M:C081224VEF000006298601,19
-}{5:{CHK:1143FB20924B}}{S:{COP:S}}${1:F21VZCRVECAAXXX5410610696}{4:{177:0404021720}{451:0}}{1:F01VZCRVECAAXXX5410610696}{2:09501717040402VZCRVECAAXXX40812675430404021720N}{3:{108:SCONNECT}}{4:
:20:MI081224
:25:2222222222
:28C:0526/009
:60M:C081224VEF000006298601,19
:61:081224C000000000720,00NTRF000000019726//180007
PAGO
:61:081224C000000000600,00NTRF000000019717//180007
PAGO
:61:081224C000000030000,00NTRF000000019696//180007
PAGO
:61:081224C000000000470,00NTRF000000019643//180007
PAGO
:61:081224C000000000010,00NTRF000000019554//180007
PAGO
:61:081224C000000000700,00NTRF000000019467//180007
PAGO
:61:081224C000000002580,00NTRF000000019455//180007
PAGO
:61:081224C000000002600,00NTRF000000019456//180007
PAGO
:61:081224C000000000512,00NTRF000000019278//180007
PAGO
:62M:C081224VEF000006336793,19
-}{5:{CHK:1143FB20924B}}{S:{COP:S}}${1:F21VZCRVECAAXXX5410610696}{4:{177:0404021720}{451:0}}{1:F01VZCRVECAAXXX5410610696}{2:09501717040402VZCRVECAAXXX40812675430404021720N}{3:{108:SCONNECT}}{4:
:20:MI081224
:25:2222222222
:28C:0526/010
:60M:C081224VEF000006336793,19
:61:081224C000000009900,00NTRF000000018912//180007
PAGO
:61:081224C000000005000,00NTRF000000018894//180007
PAGO
:61:081224C000000003000,00NTRF000000018841//180007
PAGO
:61:081224C000000004000,00NTRF000000015998//180007
PAGO
:61:081224C000000005000,00NTRF000000015815//180007
PAGO
:61:081224C000000002500,00NTRF000000015759//180007
PAGO
:61:081224C000000007894,00NTRF000000015544//180007
PAGO
:61:081224C000000001000,00NTRF000000014854//180007
PAGO
:61:081224C000000004000,00NTRF000000014842//180007
PAGO
:62M:C081224VEF000006379087,19
-}{5:{CHK:1143FB20924B}}{S:{COP:S}}${1:F21VZCRVECAAXXX5410610696}{4:{177:0404021720}{451:0}}{1:F01VZCRVECAAXXX5410610696}{2:09501717040402VZCRVECAAXXX40812675430404021720N}{3:{108:SCONNECT}}{4:
:20:MI081224
:25:2222222222
:28C:0526/011
:60M:C081224VEF000006379087,19
:61:081224C000000000600,00NTRF000000014728//180007
PAGO
:61:081224C000000000600,00NTRF000000014703//180007
PAGO
:61:081224C000000000924,00NTRF000000014681//180007
PAGO
:61:081224C000000004650,00NTRF000000014682//180007
PAGO
:61:081224C000000005300,00NTRF000000014596//180007
PAGO
:61:081224C000000007200,00NTRF000000014576//180007
PAGO
:61:081224C000000005250,00NTRF000000014557//180007
PAGO
:61:081224C000000001630,00NTRF000000014515//180007
PAGO
:61:081224C000000003955,00NTRF000000014391//180007
PAGO
:62M:C081224VEF000006409196,19
-}{5:{CHK:1143FB20924B}}{S:{COP:S}}${1:F21VZCRVECAAXXX5410610696}{4:{177:0404021720}{451:0}}{1:F01VZCRVECAAXXX5410610696}{2:09501717040402VZCRVECAAXXX40812675430404021720N}{3:{108:SCONNECT}}{4:
:20:MI081224
:25:2222222222
:28C:0526/012
:60M:C081224VEF000006409196,19
:61:081224C000000011200,00NTRF000000014363//180007
PAGO
:61:081224C000000011220,00NTRF000000014364//180007
PAGO
:61:081224C000000009000,00NTRF000000014371//180007
PAGO
:61:081224C000000000270,00NTRF000000014240//180007
PAGO
:61:081224C000000011473,11NTRF000000015450//180007
PAGO
:61:081224C000000001075,00NTRF000000015329//180007
PAGO
:61:081224C000000000500,00NTRF000000015312//180007
PAGO
:61:081224C000000005000,00NTRF000000015302//180007
PAGO
:61:081224C000000000748,35NTRF000000015281//180007
PAGO
:62M:C081224VEF000006459682,65
-}{5:{CHK:1143FB20924B}}{S:{COP:S}}${1:F21VZCRVECAAXXX5410610696}{4:{177:0404021720}{451:0}}{1:F01VZCRVECAAXXX5410610696}{2:09501717040402VZCRVECAAXXX40812675430404021720N}{3:{108:SCONNECT}}{4:
:20:MI081224
:25:2222222222
:28C:0526/013
:60M:C081224VEF000006459682,65
:61:081224C000000000100,00NTRF000000015236//180007
PAGO
:61:081224C000000002000,00NTRF000000015120//180007
PAGO
:61:081224C000000001000,00NTRF000000015100//180007
PAGO
:61:081224C000000000110,00NTRF000000015041//180007
PAGO
:61:081224C000000000400,00NTRF000000019974//180007
PAGO
:61:081224C000000000215,90NTRF000024122008//180007
PAGO
:61:081224C000000002800,00NTRF000024122008//180007
PAGO
:61:081224C000000001200,00NTRF000024122008//180007
PAGO
:61:081224C000000000050,00NTRF000024122008//180007
PAGO
:62M:C081224VEF000006467558,55
-}{5:{CHK:1143FB20924B}}{S:{COP:S}}${1:F21VZCRVECAAXXX5410610696}{4:{177:0404021720}{451:0}}{1:F01VZCRVECAAXXX5410610696}{2:09501717040402VZCRVECAAXXX40812675430404021720N}{3:{108:SCONNECT}}{4:
:20:MI081224
:25:2222222222
:28C:0526/014
:60M:C081224VEF000006467558,55
:61:081224C000000007500,00NTRF000024122008//180007
PAGO
:61:081224C000000000200,00NTRF000024122008//180007
PAGO
:61:081224C000000000140,00NTRF000024122008//180007
PAGO
:61:081224C000000300000,00NTRF000000028294//180007
PAGO
:61:081224C000000001750,00NTRF000000028277//180007
PAGO
:61:081224C000000001750,00NTRF000000028276//180007
PAGO
:61:081224C000000003500,00NTRF000000028275//180007
PAGO
:61:081224C000000005536,18NTRF000000028256//180007
PAGO
:61:081224C000000003516,33NTRF000058808172//180007
PAGO
:62M:C081224VEF000006791451,06
-}{5:{CHK:1143FB20924B}}{S:{COP:S}}${1:F21VZCRVECAAXXX5410610696}{4:{177:0404021720}{451:0}}{1:F01VZCRVECAAXXX5410610696}{2:09501717040402VZCRVECAAXXX40812675430404021720N}{3:{108:SCONNECT}}{4:
:20:MI081224
:25:2222222222
:28C:0526/015
:60M:C081224VEF000006791451,06
:61:081224C000000003258,12NTRF000063692008//180007
PAGO
:61:081224C000000000894,77NTRF000058808172//180007
PAGO
:61:081224C000000002062,38NTRF000001290605//180007
PAGO
:61:081224C000000000230,98NTRF000001290608//180007
PAGO
:61:081224C000000000027,00NTRF000001290593//180007
PAGO
:61:081224C000000003230,93NTRF000001290458//180007
PAGO
:61:081224C000000005000,00NTRF000000000000//180007
PAGO
:61:081224C000000005000,00NTRF000000000000//180007
PAGO
:61:081224C000000000500,00NTRF000027749184//180007
PAGO
:62M:C081224VEF000006811655,24
-}{5:{CHK:1143FB20924B}}{S:{COP:S}}${1:F21VZCRVECAAXXX5410610696}{4:{177:0404021720}{451:0}}{1:F01VZCRVECAAXXX5410610696}{2:09501717040402VZCRVECAAXXX40812675430404021720N}{3:{108:SCONNECT}}{4:
:20:MI081224
:25:2222222222
:28C:0526/016
:60M:C081224VEF000006811655,24
:61:081224C000000015000,00NTRF000027749123//180007
PAGO
:61:081224C000000005000,00NTRF000000906126//180007
PAGO
:61:081224C000000000008,00NTRF000000837335//180007
PAGO
:61:081224C000000009000,00NTRF000000840296//180007
PAGO
:61:081224C000000000100,00NTRF000000901469//180007
PAGO
:61:081224C000000000300,00NTRF000000775145//180007
PAGO
:61:081224C000000002065,00NTRF000000001294//180007
PAGO
:61:081224C000000000350,00NTRF000000328845//180007
PAGO
:61:081224C000000007526,13NTRF000012191918//180007
PAGO
:62M:C081224VEF000006851004,37
-}{5:{CHK:1143FB20924B}}{S:{COP:S}}${1:F21VZCRVECAAXXX5410610696}{4:{177:0404021720}{451:0}}{1:F01VZCRVECAAXXX5410610696}{2:09501717040402VZCRVECAAXXX40812675430404021720N}{3:{108:SCONNECT}}{4:
:20:MI081224
:25:2222222222
:28C:0526/017
:60M:C081224VEF000006851004,37
:61:081224C000000000733,85NTRF000000001675//180007
PAGO
:61:081224C000000000123,11NTRF000000001677//180007
PAGO
:61:081224C000000008482,50NTRF000000329137//180007
PAGO
:61:081224C000000031595,05NTRF000000228696//180007
PAGO
:61:081224C000000006125,48NTRF000035780801//180007
PAGO
:61:081224C000000017829,89NTRF000000429722//180007
PAGO
:61:081224C000000010128,90NTRF000000329123//180007
PAGO
:61:081224C000000056600,00NTRF000035780804//180007
PAGO
:61:081224C000000000179,00NTRF000050001964//180007
PAGO
:62M:C081224VEF000006982802,15
-}{5:{CHK:1143FB20924B}}{S:{COP:S}}${1:F21VZCRVECAAXXX5410610696}{4:{177:0404021720}{451:0}}{1:F01VZCRVECAAXXX5410610696}{2:09501717040402VZCRVECAAXXX40812675430404021720N}{3:{108:SCONNECT}}{4:
:20:MI081224
:25:2222222222
:28C:0526/018
:60M:C081224VEF000006982802,15
:61:081224C000000000148,75NTRF000050001984//180007
PAGO
:61:081224C000000041508,52NTRF000000429730//180007
PAGO
:61:081224C000000013663,83NTRF000003578080//180007
PAGO
:61:081224C000000005578,88NTRF000000329006//180007
PAGO
:61:081224C000000050990,01NTRF000000129467//180007
PAGO
:61:081224C000000000658,88NTRF000000329183//180007
PAGO
:61:081224C000000029838,40NTRF000000129417//180007
PAGO
:61:081224C000000000682,20NTRF000071200851//180007
PAGO
:61:081224C000000005563,87NTRF000000031057//180007
PAGO
:62M:C081224VEF000007131435,49
-}{5:{CHK:1143FB20924B}}{S:{COP:S}}${1:F21VZCRVECAAXXX5410610696}{4:{177:0404021720}{451:0}}{1:F01VZCRVECAAXXX5410610696}{2:09501717040402VZCRVECAAXXX40812675430404021720N}{3:{108:SCONNECT}}{4:
:20:MI081224
:25:2222222222
:28C:0526/019
:60M:C081224VEF000007131435,49
:61:081224C000000000406,80NTRF000000001672//180007
PAGO
:61:081224C000000000198,89NTRF000000001673//180007
PAGO
:61:081224C000000000654,60NTRF000000001674//180007
PAGO
:61:081224C000000002334,00NTRF000003578080//180007
PAGO
:61:081224C000000004429,12NTRF000003578080//180007
PAGO
:61:081224C000000000109,76NTRF000035780807//180007
PAGO
:61:081224C000000000037,57NTRF000035780807//180007
PAGO
:61:081224C000000075556,94NTRF000061632008//180007
PAGO
:61:081224C000000009257,12NTRF000060332008//180007
PAGO
:62M:C081224VEF000007224420,29
-}{5:{CHK:1143FB20924B}}{S:{COP:S}}${1:F21VZCRVECAAXXX5410610696}{4:{177:0404021720}{451:0}}{1:F01VZCRVECAAXXX5410610696}{2:09501717040402VZCRVECAAXXX40812675430404021720N}{3:{108:SCONNECT}}{4:
:20:MI081224
:25:2222222222
:28C:0526/020
:60M:C081224VEF000007224420,29
:61:081224C000000022135,23NTRF000059792008//180007
PAGO
:61:081224C000000000680,00NTRF000000001676//180007
PAGO
:61:081224C000000000680,75NTRF000000011703//180007
PAGO
:61:081224C000000007553,01NTRF000000329083//180007
PAGO
:61:081224C000000000300,75NTRF000061962008//180007
PAGO
:61:081224C000000014884,93NTRF000000328964//180007
PAGO
:61:081224C000000000204,50NTRF000012191918//180007
PAGO
:61:081224C000000008257,30NTRF000000429727//180007
PAGO
:61:081224C000000025828,27NTRF000000016897//180007
PAGO
:62M:C081224VEF000007304945,03
-}{5:{CHK:1143FB20924B}}{S:{COP:S}}${1:F21VZCRVECAAXXX5410610696}{4:{177:0404021720}{451:0}}{1:F01VZCRVECAAXXX5410610696}{2:09501717040402VZCRVECAAXXX40812675430404021720N}{3:{108:SCONNECT}}{4:
:20:MI081224
:25:2222222222
:28C:0526/021
:60M:C081224VEF000007304945,03
:61:081224C000000001750,50NTRF000012191918//180007
PAGO
:61:081224C000000001863,00NTRF000059932008//180007
PAGO
:61:081224C000000001500,00NTRF000000026493//180007
PAGO
:61:081224C000000002000,00NTRF000000026459//180007
PAGO
:61:081224C000000001155,00NTRF000000026369//180007
PAGO
:61:081224C000000015698,13NTRF000000026413//180007
PAGO
:61:081224C000000000550,00NTRF000000026103//180007
PAGO
:61:081224C000000000712,11NTRF000000025959//180007
PAGO
:61:081224C000000001300,00NTRF000000027314//180007
PAGO
:62M:C081224VEF000007331473,77
-}{5:{CHK:1143FB20924B}}{S:{COP:S}}${1:F21VZCRVECAAXXX5410610696}{4:{177:0404021720}{451:0}}{1:F01VZCRVECAAXXX5410610696}{2:09501717040402VZCRVECAAXXX40812675430404021720N}{3:{108:SCONNECT}}{4:
:20:MI081224
:25:2222222222
:28C:0526/022
:60M:C081224VEF000007331473,77
:61:081224C000000008000,00NTRF000000027239//180007
PAGO
:61:081224C000000010000,00NTRF000000027142//180007
PAGO
:61:081224C000000005000,00NTRF000000027141//180007
PAGO
:61:081224C000000003000,00NTRF000000026720//180007
PAGO
:61:081224C000000000150,00NTRF000000026574//180007
PAGO
:61:081224C000000000300,00NTRF000000026554//180007
PAGO
:61:081224C000000000300,00NTRF000000026555//180007
PAGO
:61:081224C000000000500,00NTRF000000022775//180007
PAGO
:61:081224C000000018054,34NTRF000000022749//180007
PAGO
:62M:C081224VEF000007376778,11
-}{5:{CHK:1143FB20924B}}{S:{COP:S}}${1:F21VZCRVECAAXXX5410610696}{4:{177:0404021720}{451:0}}{1:F01VZCRVECAAXXX5410610696}{2:09501717040402VZCRVECAAXXX40812675430404021720N}{3:{108:SCONNECT}}{4:
:20:MI081224
:25:2222222222
:28C:0526/023
:60M:C081224VEF000007376778,11
:61:081224C000000000200,00NTRF000000022593//180007
PAGO
:61:081224C000000005000,00NTRF000000022485//180007
PAGO
:61:081224C000000001400,00NTRF000000022472//180007
PAGO
:61:081224C000000007800,00NTRF000000022425//180007
PAGO
:61:081224C000000003000,00NTRF000000022430//180007
PAGO
:61:081224C000000003000,00NTRF000000022258//180007
PAGO
:61:081224C000000001900,00NTRF000000026914//180007
PAGO
:61:081224C000000000190,88NTRF000000026780//180007
PAGO
:61:081224C000000001500,00NTRF000000026781//180007
PAGO
:62M:C081224VEF000007400768,99
-}{5:{CHK:1143FB20924B}}{S:{COP:S}}${1:F21VZCRVECAAXXX5410610696}{4:{177:0404021720}{451:0}}{1:F01VZCRVECAAXXX5410610696}{2:09501717040402VZCRVECAAXXX40812675430404021720N}{3:{108:SCONNECT}}{4:
:20:MI081224
:25:2222222222
:28C:0526/024
:60M:C081224VEF000007400768,99
:61:081224C000000000600,00NTRF000000023271//180007
PAGO
:61:081224C000000000580,00NTRF000000023182//180007
PAGO
:61:081224C000000001411,14NTRF000000022994//180007
PAGO
:61:081224C000000001450,00NTRF000000022995//180007
PAGO
:61:081224C000000000200,00NTRF000000022958//180007
PAGO
:61:081224C000000001566,00NTRF000000022789//180007
PAGO
:61:081224C000000001200,00NTRF000000026486//180007
PAGO
:61:081224C000000000350,00NTRF000000025929//180007
PAGO
:61:081224C000000002600,00NTRF000000025912//180007
PAGO
:62M:C081224VEF000007410726,13
-}{5:{CHK:1143FB20924B}}{S:{COP:S}}${1:F21VZCRVECAAXXX5410610696}{4:{177:0404021720}{451:0}}{1:F01VZCRVECAAXXX5410610696}{2:09501717040402VZCRVECAAXXX40812675430404021720N}{3:{108:SCONNECT}}{4:
:20:MI081224
:25:2222222222
:28C:0526/025
:60M:C081224VEF000007410726,13
:61:081224C000000015000,00NTRF000000025856//180007
PAGO
:61:081224C000000002657,00NTRF000000025818//180007
PAGO
:61:081224C000000000750,00NTRF000000026752//180007
PAGO
:61:081224C000000000400,00NTRF000000026382//180007
PAGO
:61:081224C000000008812,00NTRF000000026043//180007
PAGO
:61:081224C000000000690,00NTRF000000026983//180007
PAGO
:61:081224C000000001600,00NTRF000000022218//180007
PAGO
:61:081224C000000000500,00NTRF000000022199//180007
PAGO
:61:081224C000000002500,00NTRF000000022202//180007
PAGO
:62M:C081224VEF000007443635,13
-}{5:{CHK:1143FB20924B}}{S:{COP:S}}${1:F21VZCRVECAAXXX5410610696}{4:{177:0404021720}{451:0}}{1:F01VZCRVECAAXXX5410610696}{2:09501717040402VZCRVECAAXXX40812675430404021720N}{3:{108:SCONNECT}}{4:
:20:MI081224
:25:2222222222
:28C:0526/026
:60M:C081224VEF000007443635,13
:61:081224C000000001097,00NTRF000000022034//180007
PAGO
:61:081224C000000002000,00NTRF000000021984//180007
PAGO
:61:081224C000000000270,00NTRF000000021920//180007
PAGO
:61:081224C000000008387,69NTRF000000027525//180007
PAGO
:61:081224C000000002088,88NTRF000000014089//180007
PAGO
:61:081224C000000000900,00NTRF000000014045//180007
PAGO
:61:081224C000000003500,00NTRF000000013965//180007
PAGO
:61:081224C000000007000,00NTRF000000013851//180007
PAGO
:61:081224C000000000820,00NTRF000000013583//180007
PAGO
:62M:C081224VEF000007469698,70
-}{5:{CHK:1143FB20924B}}{S:{COP:S}}${1:F21VZCRVECAAXXX5410610696}{4:{177:0404021720}{451:0}}{1:F01VZCRVECAAXXX5410610696}{2:09501717040402VZCRVECAAXXX40812675430404021720N}{3:{108:SCONNECT}}{4:
:20:MI081224
:25:2222222222
:28C:0526/027
:60M:C081224VEF000007469698,70
:61:081224C000000011050,72NTRF000000013457//180007
PAGO
:61:081224C000000004000,00NTRF000000013272//180007
PAGO
:61:081224C000000002000,00NTRF000000012323//180007
PAGO
:61:081224C000000002000,00NTRF000000012324//180007
PAGO
:61:081224C000000000406,99NTRF000000012317//180007
PAGO
:61:081224C000000000458,19NTRF000000012293//180007
PAGO
:61:081224C000000000300,00NTRF000000012294//180007
PAGO
:61:081224C000000002500,00NTRF000000012283//180007
PAGO
:61:081224C000000000135,00NTRF000000012261//180007
PAGO
:62M:C081224VEF000007492549,60
-}{5:{CHK:1143FB20924B}}{S:{COP:S}}${1:F21VZCRVECAAXXX5410610696}{4:{177:0404021720}{451:0}}{1:F01VZCRVECAAXXX5410610696}{2:09501717040402VZCRVECAAXXX40812675430404021720N}{3:{108:SCONNECT}}{4:
:20:MI081224
:25:2222222222
:28C:0526/028
:60M:C081224VEF000007492549,60
:61:081224C000000005139,96NTRF000000012210//180007
PAGO
:61:081224C000000002000,00NTRF000000012965//180007
PAGO
:61:081224C000000002640,00NTRF000000012945//180007
PAGO
:61:081224C000000000615,00NTRF000000012865//180007
PAGO
:61:081224C000000000205,00NTRF000000012832//180007
PAGO
:61:081224C000000001590,00NTRF000000012794//180007
PAGO
:61:081224C000000002000,00NTRF000000012732//180007
PAGO
:61:081224C000000001075,00NTRF000000012656//180007
PAGO
:61:081224C000000003000,00NTRF000000012643//180007
PAGO
:62M:C081224VEF000007510814,56
-}{5:{CHK:1143FB20924B}}{S:{COP:S}}${1:F21VZCRVECAAXXX5410610696}{4:{177:0404021720}{451:0}}{1:F01VZCRVECAAXXX5410610696}{2:09501717040402VZCRVECAAXXX40812675430404021720N}{3:{108:SCONNECT}}{4:
:20:MI081224
:25:2222222222
:28C:0526/029
:60M:C081224VEF000007510814,56
:61:081224C000000001933,00NTRF000000011358//180007
PAGO
:61:081224C000000005300,00NTRF000000011351//180007
PAGO
:61:081224C000000001200,00NTRF000000011308//180007
PAGO
:61:081224C000000000300,00NTRF000000011254//180007
PAGO
:61:081224C000000000252,00NTRF000000011249//180007
PAGO
:61:081224C000000002000,00NTRF000000011176//180007
PAGO
:61:081224C000000006745,37NTRF000000011096//180007
PAGO
:61:081224C000000001000,00NTRF000000010835//180007
PAGO
:61:081224C000000000300,00NTRF000000010407//180007
PAGO
:62M:C081224VEF000007529844,93
-}{5:{CHK:1143FB20924B}}{S:{COP:S}}${1:F21VZCRVECAAXXX5410610696}{4:{177:0404021720}{451:0}}{1:F01VZCRVECAAXXX5410610696}{2:09501717040402VZCRVECAAXXX40812675430404021720N}{3:{108:SCONNECT}}{4:
:20:MI081224
:25:2222222222
:28C:0526/030
:60M:C081224VEF000007529844,93
:61:081224C000000001000,00NTRF000000010405//180007
PAGO
:61:081224C000000003000,00NTRF000000010282//180007
PAGO
:61:081224C000000000078,48NTRF000000010283//180007
PAGO
:61:081224C000000000806,80NTRF000000010284//180007
PAGO
:61:081224C000000000640,39NTRF000000010260//180007
PAGO
:61:081224C000000004600,00NTRF000000010146//180007
PAGO
:61:081224C000000002500,00NTRF000000010154//180007
PAGO
:61:081224C000000005704,00NTRF000000010829//180007
PAGO
:61:081224C000000002000,00NTRF000000010781//180007
PAGO
:62M:C081224VEF000007550174,60
-}{5:{CHK:1143FB20924B}}{S:{COP:S}}${1:F21VZCRVECAAXXX5410610696}{4:{177:0404021720}{451:0}}{1:F01VZCRVECAAXXX5410610696}{2:09501717040402VZCRVECAAXXX40812675430404021720N}{3:{108:SCONNECT}}{4:
:20:MI081224
:25:2222222222
:28C:0526/031
:60M:C081224VEF000007550174,60
:61:081224C000000000124,00NTRF000000010738//180007
PAGO
:61:081224C000000003593,00NTRF000000010723//180007
PAGO
:61:081224C000000001600,00NTRF000000010690//180007
PAGO
:61:081224C000000015210,00NTRF000000010572//180007
PAGO
:61:081224C000000012126,00NTRF000000010573//180007
PAGO
:61:081224C000000001000,00NTRF000000010554//180007
PAGO
:61:081224C000000000500,00NTRF000000010531//180007
PAGO
:61:081224C000000000730,00NTRF000000012601//180007
PAGO
:61:081224C000000007000,00NTRF000000012457//180007
PAGO
:62M:C081224VEF000007592057,60
-}{5:{CHK:1143FB20924B}}{S:{COP:S}}${1:F21VZCRVECAAXXX5410610696}{4:{177:0404021720}{451:0}}{1:F01VZCRVECAAXXX5410610696}{2:09501717040402VZCRVECAAXXX40812675430404021720N}{3:{108:SCONNECT}}{4:
:20:MI081224
:25:2222222222
:28C:0526/032
:60M:C081224VEF000007592057,60
:61:081224C000000004500,00NTRF000000011679//180007
PAGO
:61:081224C000000012000,00NTRF000000011615//180007
PAGO
:61:081224C000000002000,00NTRF000000011616//180007
PAGO
:61:081224C000000000350,00NTRF000000011553//180007
PAGO
:61:081224C000000001800,00NTRF000000011490//180007
PAGO
:61:081224C000000004586,42NTRF000000011491//180007
PAGO
:61:081224C000000000200,00NTRF000000011415//180007
PAGO
:61:081224C000000012000,00NTRF000000013163//180007
PAGO
:61:081224C000000000300,00NTRF000000013362//180007
PAGO
:62M:C081224VEF000007629794,02
-}{5:{CHK:1143FB20924B}}{S:{COP:S}}${1:F21VZCRVECAAXXX5410610696}{4:{177:0404021720}{451:0}}{1:F01VZCRVECAAXXX5410610696}{2:09501717040402VZCRVECAAXXX40812675430404021720N}{3:{108:SCONNECT}}{4:
:20:MI081224
:25:2222222222
:28C:0526/033
:60M:C081224VEF000007629794,02
:61:081224C000000003995,30NTRF000000013588//180007
PAGO
:61:081224C000000010000,00NTRF000000013815//180007
PAGO
:61:081224C000000000332,00NTRF000000013964//180007
PAGO
:61:081224C000001582853,44NTRF000000014074//180007
PAGO
:61:081224C000000001000,00NTRF000000014161//180007
PAGO
:61:081224C000000002400,00NTRF000000000000//180007
PAGO
:61:081224C000000000600,00NTRF000000000000//180007
PAGO
:61:081224C000000000300,00NTRF000000000000//180007
PAGO
:61:081224C000000001300,00NTRF000000000000//180007
PAGO
:62M:C081224VEF000009232574,76
-}{5:{CHK:1143FB20924B}}{S:{COP:S}}${1:F21VZCRVECAAXXX5410610696}{4:{177:0404021720}{451:0}}{1:F01VZCRVECAAXXX5410610696}{2:09501717040402VZCRVECAAXXX40812675430404021720N}{3:{108:SCONNECT}}{4:
:20:MI081224
:25:2222222222
:28C:0526/034
:60M:C081224VEF000009232574,76
:61:081224C000000003000,00NTRF000000000000//180007
PAGO
:61:081224C000000000300,00NTRF000000000000//180007
PAGO
:61:081224C000000000130,00NTRF000000000002//180007
PAGO
:61:081224C000000002000,00NTRF000000000000//180007
PAGO
:61:081224C000000000150,00NTRF000000231208//180007
PAGO
:61:081224C000000003200,00NTRF000000000000//180007
PAGO
:61:081224C000000000800,00NTRF000000000000//180007
PAGO
:61:081224C000000000250,00NTRF000094448512//180007
PAGO
:61:081224C000000003000,00NTRF000077789057//180007
PAGO
:62M:C081224VEF000009245404,76
-}{5:{CHK:1143FB20924B}}{S:{COP:S}}${1:F21VZCRVECAAXXX5410610696}{4:{177:0404021720}{451:0}}{1:F01VZCRVECAAXXX5410610696}{2:09501717040402VZCRVECAAXXX40812675430404021720N}{3:{108:SCONNECT}}{4:
:20:MI081224
:25:2222222222
:28C:0526/035
:60M:C081224VEF000009245404,76
:61:081224C000000002472,84NTRF000048759154//180007
PAGO
:61:081224C000000000990,00NTRF000089767468//180007
PAGO
:61:081224C000000000265,00NTRF000001885019//180007
PAGO
:61:081224C000000001700,00NTRF000041399318//180007
PAGO
:61:081224C000000000040,00NTRF000000173373//180007
PAGO
:61:081224C000000004000,00NTRF000000173896//180007
PAGO
:61:081224C000000000995,60NTRF000005877827//180007
PAGO
:61:081224C000000000190,00NTRF000030057572//180007
PAGO
:61:081224C000000001200,00NTRF000029957336//180007
PAGO
:62M:C081224VEF000009257258,20
-}{5:{CHK:1143FB20924B}}{S:{COP:S}}${1:F21VZCRVECAAXXX5410610696}{4:{177:0404021720}{451:0}}{1:F01VZCRVECAAXXX5410610696}{2:09501717040402VZCRVECAAXXX40812675430404021720N}{3:{108:SCONNECT}}{4:
:20:MI081224
:25:2222222222
:28C:0526/036
:60M:C081224VEF000009257258,20
:61:081224C000000003190,00NTRF000027745260//180007
PAGO
:61:081224C000000002000,00NTRF000027745184//180007
PAGO
:61:081224C000000010000,00NTRF000027746051//180007
PAGO
:61:081224C000000003600,00NTRF000027747534//180007
PAGO
:61:081224C000000000250,00NTRF000024122008//180007
PAGO
:61:081224C000000000600,00NTRF000024122008//180007
PAGO
:61:081224C000000000191,24NTRF000003279820//180007
PAGO
:61:081224C000000005896,80NTRF000002458847//180007
PAGO
:61:081224C000000217104,16NTRF000002458853//180007
PAGO
:62M:C081224VEF000009500090,40
-}{5:{CHK:1143FB20924B}}{S:{COP:S}}${1:F21VZCRVECAAXXX5410610696}{4:{177:0404021720}{451:0}}{1:F01VZCRVECAAXXX5410610696}{2:09501717040402VZCRVECAAXXX40812675430404021720N}{3:{108:SCONNECT}}{4:
:20:MI081224
:25:2222222222
:28C:0526/037
:60M:C081224VEF000009500090,40
:61:081224C000000001094,08NTRF000003278746//180007
PAGO
:61:081224C000000056797,13NTRF000003278830//180007
PAGO
:61:081224C000000493315,74NTRF000003278838//180007
PAGO
:61:081224C000000001091,54NTRF000003279183//180007
PAGO
:61:081224C000000000299,56NTRF000003279207//180007
PAGO
:61:081224C000000000444,48NTRF000003279255//180007
PAGO
:61:081224C000000000990,00NTRF000000367457//180007
PAGO
:61:081224C000000020000,00NTRF000000367498//180007
PAGO
:61:081224C000000000270,00NTRF000000367521//180007
PAGO
:62M:C081224VEF000010074392,93
-}{5:{CHK:1143FB20924B}}{S:{COP:S}}${1:F21VZCRVECAAXXX5410610696}{4:{177:0404021720}{451:0}}{1:F01VZCRVECAAXXX5410610696}{2:09501717040402VZCRVECAAXXX40812675430404021720N}{3:{108:SCONNECT}}{4:
:20:MI081224
:25:2222222222
:28C:0526/038
:60M:C081224VEF000010074392,93
:61:081224C000000001467,00NTRF000000367526//180007
PAGO
:61:081224C000000002200,00NTRF000000367560//180007
PAGO
:61:081224C000000002000,00NTRF000000367692//180007
PAGO
:61:081224C000000004400,00NTRF000000367704//180007
PAGO
:61:081224C000000001650,06NTRF000003279342//180007
PAGO
:61:081224C000000000163,54NTRF000003279418//180007
PAGO
:61:081224C000000000101,17NTRF000003279441//180007
PAGO
:61:081224C000000000590,00NTRF000000367242//180007
PAGO
:61:081224C000000009750,00NTRF000000367272//180007
PAGO
:62M:C081224VEF000010096714,70
-}{5:{CHK:1143FB20924B}}{S:{COP:S}}${1:F21VZCRVECAAXXX5410610696}{4:{177:0404021720}{451:0}}{1:F01VZCRVECAAXXX5410610696}{2:09501717040402VZCRVECAAXXX40812675430404021720N}{3:{108:SCONNECT}}{4:
:20:MI081224
:25:2222222222
:28C:0526/039
:60M:C081224VEF000010096714,70
:61:081224C000000000300,00NTRF000000367295//180007
PAGO
:61:081224C000000000300,00NTRF000000367345//180007
PAGO
:61:081224C000000001000,00NTRF000000367347//180007
PAGO
:61:081224C000000000300,00NTRF000000367442//180007
PAGO
:61:081224C000000000041,60NTRF000003280004//180007
PAGO
:61:081224C000000000081,29NTRF000003280016//180007
PAGO
:61:081224C000000000071,15NTRF000003280048//180007
PAGO
:61:081224C000000000242,93NTRF000003280248//180007
PAGO
:61:081224C000000000291,21NTRF000003280530//180007
PAGO
:62M:C081224VEF000010099342,88
-}{5:{CHK:1143FB20924B}}{S:{COP:S}}${1:F21VZCRVECAAXXX5410610696}{4:{177:0404021720}{451:0}}{1:F01VZCRVECAAXXX5410610696}{2:09501717040402VZCRVECAAXXX40812675430404021720N}{3:{108:SCONNECT}}{4:
:20:MI081224
:25:2222222222
:28C:0526/040
:60M:C081224VEF000010099342,88
:61:081224C000000001627,83NTRF000003280982//180007
PAGO
:61:081224C000000007399,79NTRF000003281213//180007
PAGO
:61:081224C000000000700,00NTRF000000367740//180007
PAGO
:61:081224C000000000360,36NTRF000002458846//180007
PAGO
:61:081224C000000000466,97NTRF000003279936//180007
PAGO
:61:081224C000000000045,65NTRF000003279804//180007
PAGO
:61:081224C000000000495,00NTRF000000370759//180007
PAGO
:61:081224C000000000740,25NTRF000003279545//180007
PAGO
:61:081224C000000002548,04NTRF000003279683//180007
PAGO
:62M:C081224VEF000010113726,77
-}{5:{CHK:1143FB20924B}}{S:{COP:S}}${1:F21VZCRVECAAXXX5410610696}{4:{177:0404021720}{451:0}}{1:F01VZCRVECAAXXX5410610696}{2:09501717040402VZCRVECAAXXX40812675430404021720N}{3:{108:SCONNECT}}{4:
:20:MI081224
:25:2222222222
:28C:0526/041
:60M:C081224VEF000010113726,77
:61:081224C000000000141,55NTRF000003279663//180007
PAGO
:61:081224C000000000795,00NTRF000000370734//180007
PAGO
:61:081224C000000000500,00NTRF000000370632//180007
PAGO
:61:081224C000000067858,80NTRF000003281269//180007
PAGO
:61:081224C000000001592,39NTRF000083989006//180007
PAGO
:61:081224C000000002054,62NTRF000083990362//180007
PAGO
:61:081224C000000100357,19NTRF000084010286//180007
PAGO
:61:081224C000000005880,00NTRF000084010625//180007
PAGO
:61:081224C000000009826,36NTRF000084006624//180007
PAGO
:62M:C081224VEF000010302732,68
-}{5:{CHK:1143FB20924B}}{S:{COP:S}}${1:F21VZCRVECAAXXX5410610696}{4:{177:0404021720}{451:0}}{1:F01VZCRVECAAXXX5410610696}{2:09501717040402VZCRVECAAXXX40812675430404021720N}{3:{108:SCONNECT}}{4:
:20:MI081224
:25:2222222222
:28C:0526/042
:60M:C081224VEF000010302732,68
:61:081224C000000021125,01NTRF000083988844//180007
PAGO
:61:081224C000000005594,69NTRF000083988903//180007
PAGO
:61:081224C000000015920,80NTRF000083988940//180007
PAGO
:61:081224C000000000468,00NTRF000083984865//180007
PAGO
:61:081224C000000000242,00NTRF000083984880//180007
PAGO
:61:081224C000000000278,00NTRF000083984902//180007
PAGO
:61:081224C000000000381,00NTRF000083984924//180007
PAGO
:61:081224C000000000501,00NTRF000083984946//180007
PAGO
:61:081224C000000001605,00NTRF000083972055//180007
PAGO
:62M:C081224VEF000010348848,18
-}{5:{CHK:1143FB20924B}}{S:{COP:S}}${1:F21VZCRVECAAXXX5410610696}{4:{177:0404021720}{451:0}}{1:F01VZCRVECAAXXX5410610696}{2:09501717040402VZCRVECAAXXX40812675430404021720N}{3:{108:SCONNECT}}{4:
:20:MI081224
:25:2222222222
:28C:0526/043
:60M:C081224VEF000010348848,18
:61:081224C000000006290,29NTRF000083973864//180007
PAGO
:61:081224C000000002112,12NTRF000083974100//180007
PAGO
:61:081224C000000003011,81NTRF000083974306//180007
PAGO
:61:081224C000000004519,36NTRF000083974461//180007
PAGO
:61:081224C000000079852,82NTRF000083974505//180007
PAGO
:61:081224C000000001052,05NTRF000083975463//180007
PAGO
:61:081224C000000012690,06NTRF000083975883//180007
PAGO
:61:081224C000000026843,63NTRF000083975905//180007
PAGO
:61:081224C000000001044,90NTRF000083980282//180007
PAGO
:62M:C081224VEF000010486265,22
-}{5:{CHK:1143FB20924B}}{S:{COP:S}}${1:F21VZCRVECAAXXX5410610696}{4:{177:0404021720}{451:0}}{1:F01VZCRVECAAXXX5410610696}{2:09501717040402VZCRVECAAXXX40812675430404021720N}{3:{108:SCONNECT}}{4:
:20:MI081224
:25:2222222222
:28C:0526/044
:60M:C081224VEF000010486265,22
:61:081224C000000014834,00NTRF000083980223//180007
PAGO
:61:081224C000000001892,00NTRF000083984526//180007
PAGO
:61:081224C000000000166,50NTRF000083984961//180007
PAGO
:61:081224C000000002976,00NTRF000083985042//180007
PAGO
:61:081224C000000002929,94NTRF000083985064//180007
PAGO
:61:081224C000000003661,35NTRF000083985086//180007
PAGO
:61:081224C000000001995,00NTRF000083985182//180007
PAGO
:61:081224C000000004305,40NTRF000083985204//180007
PAGO
:61:081224C000000001770,00NTRF000083985226//180007
PAGO
:62M:C081224VEF000010520795,41
-}{5:{CHK:1143FB20924B}}{S:{COP:S}}${1:F21VZCRVECAAXXX5410610696}{4:{177:0404021720}{451:0}}{1:F01VZCRVECAAXXX5410610696}{2:09501717040402VZCRVECAAXXX40812675430404021720N}{3:{108:SCONNECT}}{4:
:20:MI081224
:25:2222222222
:28C:0526/045
:60M:C081224VEF000010520795,41
:61:081224C000000002015,00NTRF000083985241//180007
PAGO
:61:081224C000000000019,18NTRF000083971720//180007
PAGO
:61:081224C000000001050,00NTRF000083969502//180007
PAGO
:61:081224C000000000900,00NTRF000083970471//180007
PAGO
:61:081224C000000002360,00NTRF000083985285//180007
PAGO
:61:081224C000000001500,00NTRF000083986523//180007
PAGO
:61:081224C000000003000,00NTRF000083986545//180007
PAGO
:61:081224C000000000734,31NTRF000083987271//180007
PAGO
:61:081224C000000005351,76NTRF000083987724//180007
PAGO
:62M:C081224VEF000010537725,66
-}{5:{CHK:1143FB20924B}}{S:{COP:S}}${1:F21VZCRVECAAXXX5410610696}{4:{177:0404021720}{451:0}}{1:F01VZCRVECAAXXX5410610696}{2:09501717040402VZCRVECAAXXX40812675430404021720N}{3:{108:SCONNECT}}{4:
:20:MI081224
:25:2222222222
:28C:0526/046
:60M:C081224VEF000010537725,66
:61:081224C000000003451,00NTRF000083987960//180007
PAGO
:61:081224C000000004786,83NTRF000083988380//180007
PAGO
:61:081224C000000007350,91NTRF000083988446//180007
PAGO
:61:081224C000000000240,00NTRF000083988822//180007
PAGO
:61:081224C000000003125,00NTRF000083985263//180007
PAGO
:61:081224C000000001151,20NTRF000084005740//180007
PAGO
:61:081224C000000060260,81NTRF000084010323//180007
PAGO
:61:081224C000000004771,00NTRF000084000501//180007
PAGO
:61:081224C000000000880,00NTRF000083969395//180007
PAGO
:62M:C081224VEF000010623742,41
-}{5:{CHK:1143FB20924B}}{S:{COP:S}}${1:F21VZCRVECAAXXX5410610696}{4:{177:0404021720}{451:0}}{1:F01VZCRVECAAXXX5410610696}{2:09501717040402VZCRVECAAXXX40812675430404021720N}{3:{108:SCONNECT}}{4:
:20:MI081224
:25:2222222222
:28C:0526/047
:60M:C081224VEF000010623742,41
:61:081224C000000001500,00NTRF000083931116//180007
PAGO
:61:081224C000000001000,00NTRF000083910046//180007
PAGO
:61:081224C000000005000,00NTRF000083933393//180007
PAGO
:61:081224C000000001000,00NTRF000083920340//180007
PAGO
:61:081224C000000000190,00NTRF000083927826//180007
PAGO
:61:081224C000000003000,00NTRF000083892642//180007
PAGO
:61:081224C000000006000,00NTRF000083905850//180007
PAGO
:61:081224C000000004000,00NTRF000083952094//180007
PAGO
:61:081224C000000005000,00NTRF000083943930//180007
PAGO
:62M:C081224VEF000010650432,41
-}{5:{CHK:1143FB20924B}}{S:{COP:S}}${1:F21VZCRVECAAXXX5410610696}{4:{177:0404021720}{451:0}}{1:F01VZCRVECAAXXX5410610696}{2:09501717040402VZCRVECAAXXX40812675430404021720N}{3:{108:SCONNECT}}{4:
:20:MI081224
:25:2222222222
:28C:0526/048
:60M:C081224VEF000010650432,41
:61:081224C000000001500,00NTRF000083934620//180007
PAGO
:61:081224C000000005000,00NTRF000083940146//180007
PAGO
:61:081224C000000000800,00NTRF000083935714//180007
PAGO
:61:081224C000000030000,00NTRF000083948443//180007
PAGO
:61:081224C000000000300,00NTRF000083942891//180007
PAGO
:61:081224C000000001863,40NTRF000083888276//180007
PAGO
:61:081224C000000000500,00NTRF000083952643//180007
PAGO
:61:081224C000000004125,00NTRF000083958873//180007
PAGO
:61:081224C000000000446,00NTRF000083959643//180007
PAGO
:62M:C081224VEF000010694966,81
-}{5:{CHK:1143FB20924B}}{S:{COP:S}}${1:F21VZCRVECAAXXX5410610696}{4:{177:0404021720}{451:0}}{1:F01VZCRVECAAXXX5410610696}{2:09501717040402VZCRVECAAXXX40812675430404021720N}{3:{108:SCONNECT}}{4:
:20:MI081224
:25:2222222222
:28C:0526/049
:60M:C081224VEF000010694966,81
:61:081224C000000005000,00NTRF000083961846//180007
PAGO
:61:081224C000000000600,00NTRF000083954371//180007
PAGO
:61:081224C000000005000,00NTRF000083961286//180007
PAGO
:61:081224C000000000150,00NTRF000083960951//180007
PAGO
:61:081224C000000001000,00NTRF000083961511//180007
PAGO
:61:081224C000000004000,00NTRF000083920981//180007
PAGO
:61:081224C000000000300,00NTRF000083938956//180007
PAGO
:61:081224C000000003058,00NTRF000083886622//180007
PAGO
:61:081224C000000001250,00NTRF000083945470//180007
PAGO
:62M:C081224VEF000010715324,81
-}{5:{CHK:1143FB20924B}}{S:{COP:S}}${1:F21VZCRVECAAXXX5410610696}{4:{177:0404021720}{451:0}}{1:F01VZCRVECAAXXX5410610696}{2:09501717040402VZCRVECAAXXX40812675430404021720N}{3:{108:SCONNECT}}{4:
:20:MI081224
:25:2222222222
:28C:0526/050
:60M:C081224VEF000010715324,81
:61:081224C000000000200,00NTRF000083941056//180007
PAGO
:61:081224C000000004500,00NTRF000083908941//180007
PAGO
:61:081224C000000000620,00NTRF000083963611//180007
PAGO
:61:081224C000000000070,00NTRF000083963880//180007
PAGO
:61:081224C000000000653,00NTRF000083962244//180007
PAGO
:61:081224C000000001000,00NTRF000083965136//180007
PAGO
:61:081224C000000005000,00NTRF000083952411//180007
PAGO
:61:081224C000000004000,00NTRF000083959072//180007
PAGO
:61:081224C000000003000,00NTRF000083930943//180007
PAGO
:62M:C081224VEF000010734367,81
-}{5:{CHK:1143FB20924B}}{S:{COP:S}}${1:F21VZCRVECAAXXX5410610696}{4:{177:0404021720}{451:0}}{1:F01VZCRVECAAXXX5410610696}{2:09501717040402VZCRVECAAXXX40812675430404021720N}{3:{108:SCONNECT}}{4:
:20:MI081224
:25:2222222222
:28C:0526/051
:60M:C081224VEF000010734367,81
:61:081224C000000000320,00NTRF000083907574//180007
PAGO
:61:081224C000000000360,00NTRF000083890822//180007
PAGO
:61:081224C000000000200,00NTRF000083890531//180007
PAGO
:61:081224C000000000400,00NTRF000083947964//180007
PAGO
:61:081224C000000001500,00NTRF000083946494//180007
PAGO
:61:081224C000000000500,00NTRF000083946483//180007
PAGO
:61:081224C000000000700,00NTRF000083943506//180007
PAGO
:61:081224C000000001500,00NTRF000083952050//180007
PAGO
:61:081224C000000000501,00NTRF000083942563//180007
PAGO
:62M:C081224VEF000010740348,81
-}{5:{CHK:1143FB20924B}}{S:{COP:S}}${1:F21VZCRVECAAXXX5410610696}{4:{177:0404021720}{451:0}}{1:F01VZCRVECAAXXX5410610696}{2:09501717040402VZCRVECAAXXX40812675430404021720N}{3:{108:SCONNECT}}{4:
:20:MI081224
:25:2222222222
:28C:0526/052
:60M:C081224VEF000010740348,81
:61:081224C000000004800,00NTRF000083950370//180007
PAGO
:61:081224C000000000177,17NTRF000083910610//180007
PAGO
:61:081224C000000000100,00NTRF000083904612//180007
PAGO
:61:081224C000000000170,00NTRF000083902943//180007
PAGO
:61:081224C000000000580,00NTRF000083913314//180007
PAGO
:61:081224C000000005000,00NTRF000083912183//180007
PAGO
:61:081224C000000002150,00NTRF000083913642//180007
PAGO
:61:081224C000000002000,00NTRF000083911995//180007
PAGO
:61:081224C000000000740,00NTRF000083889256//180007
PAGO
:62M:C081224VEF000010756065,98
-}{5:{CHK:1143FB20924B}}{S:{COP:S}}${1:F21VZCRVECAAXXX5410610696}{4:{177:0404021720}{451:0}}{1:F01VZCRVECAAXXX5410610696}{2:09501717040402VZCRVECAAXXX40812675430404021720N}{3:{108:SCONNECT}}{4:
:20:MI081224
:25:2222222222
:28C:0526/053
:60M:C081224VEF000010756065,98
:61:081224C000000003000,00NTRF000083889116//180007
PAGO
:61:081224C000000001500,00NTRF000083966886//180007
PAGO
:61:081224C000000005000,00NTRF000083907644//180007
PAGO
:61:081224C000000000170,00NTRF000083967380//180007
PAGO
:61:081224C000000003200,00NTRF000083899745//180007
PAGO
:61:081224C000000004500,00NTRF000083968673//180007
PAGO
:61:081224C000000003000,00NTRF000083906712//180007
PAGO
:61:081224C000000010000,00NTRF000083895534//180007
PAGO
:61:081224C000000001450,00NTRF000083966562//180007
PAGO
:62M:C081224VEF000010787885,98
-}{5:{CHK:1143FB20924B}}{S:{COP:S}}${1:F21VZCRVECAAXXX5410610696}{4:{177:0404021720}{451:0}}{1:F01VZCRVECAAXXX5410610696}{2:09501717040402VZCRVECAAXXX40812675430404021720N}{3:{108:SCONNECT}}{4:
:20:MI081224
:25:2222222222
:28C:0526/054
:60M:C081224VEF000010787885,98
:61:081224C000000003000,00NTRF000083966330//180007
PAGO
:61:081224C000000001000,00NTRF000083929344//180007
PAGO
:61:081224C000000001860,00NTRF000083918752//180007
PAGO
:61:081224C000000003000,00NTRF000083915230//180007
PAGO
:61:081224C000000003000,00NTRF000083931282//180007
PAGO
:61:081224C000000000305,00NTRF000083931260//180007
PAGO
:61:081224C000000005000,00NTRF000083895604//180007
PAGO
:61:081224C000000001302,50NTRF000083906421//180007
PAGO
:61:081224C000000000412,00NTRF000083914386//180007
PAGO
:62M:C081224VEF000010806765,48
-}{5:{CHK:1143FB20924B}}{S:{COP:S}}${1:F21VZCRVECAAXXX5410610696}{4:{177:0404021720}{451:0}}{1:F01VZCRVECAAXXX5410610696}{2:09501717040402VZCRVECAAXXX40812675430404021720N}{3:{108:SCONNECT}}{4:
:20:MI081224
:25:2222222222
:28C:0526/055
:60M:C081224VEF000010806765,48
:61:081224C000000000200,00NTRF000083948933//180007
PAGO
:61:081224C000000000216,00NTRF000083938595//180007
PAGO
:61:081224C000000001757,72NTRF000083933953//180007
PAGO
:61:081224C000000001000,00NTRF000083907515//180007
PAGO
:61:081224C000000000800,00NTRF000083959761//180007
PAGO
:61:081224C000000000150,00NTRF000083896234//180007
PAGO
:61:081224C000000001000,00NTRF000083960542//180007
PAGO
:61:081224C000000000380,00NTRF000083960660//180007
PAGO
:61:081224C000000000500,00NTRF000083956784//180007
PAGO
:62M:C081224VEF000010812769,20
-}{5:{CHK:1143FB20924B}}{S:{COP:S}}${1:F21VZCRVECAAXXX5410610696}{4:{177:0404021720}{451:0}}{1:F01VZCRVECAAXXX5410610696}{2:09501717040402VZCRVECAAXXX40812675430404021720N}{3:{108:SCONNECT}}{4:
:20:MI081224
:25:2222222222
:28C:0526/056
:60M:C081224VEF000010812769,20
:61:081224C000000001765,00NTRF000083894882//180007
PAGO
:61:081224C000000001000,00NTRF000083964355//180007
PAGO
:61:081224C000000000342,61NTRF000083914644//180007
PAGO
:61:081224C000000004000,00NTRF000083887720//180007
PAGO
:61:081224C000000000860,00NTRF000083959606//180007
PAGO
:61:081224C000000002942,66NTRF000010946073//180007
PAGO
:61:081224C000000002450,80NTRF000013039829//180007
PAGO
:61:081224C000000003414,64NTRF000031026177//180007
PAGO
:61:081224C000000003957,02NTRF000000000001//180007
PAGO
:62M:C081224VEF000010833501,93
-}{5:{CHK:1143FB20924B}}{S:{COP:S}}${1:F21VZCRVECAAXXX5410610696}{4:{177:0404021720}{451:0}}{1:F01VZCRVECAAXXX5410610696}{2:09501717040402VZCRVECAAXXX40812675430404021720N}{3:{108:SCONNECT}}{4:
:20:MI081224
:25:2222222222
:28C:0526/057
:60M:C081224VEF000010833501,93
:61:081224C000000006762,14NTRF000010002154//180007
PAGO
:61:081224C000000002318,47NTRF000000032539//180007
PAGO
:61:081224C000000127235,30NTRF000000022934//180007
PAGO
:61:081224C000000000293,17NTRF000000012520//180007
PAGO
:61:081224C000000004086,00NTRF000000012511//180007
PAGO
:61:081224C000000002400,00NTRF000032514122//180007
PAGO
:61:081224C000000001348,00NTRF000032474757//180007
PAGO
:61:081224C000000000227,50NTRF000032464607//180007
PAGO
:61:081224C000000000376,68NTRF000032557280//180007
PAGO
:62M:C081224VEF000010978549,19
-}{5:{CHK:1143FB20924B}}{S:{COP:S}}${1:F21VZCRVECAAXXX5410610696}{4:{177:0404021720}{451:0}}{1:F01VZCRVECAAXXX5410610696}{2:09501717040402VZCRVECAAXXX40812675430404021720N}{3:{108:SCONNECT}}{4:
:20:MI081224
:25:2222222222
:28C:0526/058
:60M:C081224VEF000010978549,19
:61:081224C000000003227,58NTRF000032552001//180007
PAGO
:61:081224C000000010673,55NTRF000027728613//180007
PAGO
:61:081224C000000015000,00NTRF000027738987//180007
PAGO
:61:081224C000000050000,00NTRF000027739047//180007
PAGO
:61:081224C000000000353,67NTRF000027594558//180007
PAGO
:61:081224C000000002700,00NTRF000027728519//180007
PAGO
:61:081224C000000001996,91NTRF000010946158//180007
PAGO
:61:081224C000000000515,90NTRF000010946195//180007
PAGO
:61:081224C000000003328,13NTRF000010946070//180007
PAGO
:62M:C081224VEF000011066344,93
-}{5:{CHK:1143FB20924B}}{S:{COP:S}}${1:F21VZCRVECAAXXX5410610696}{4:{177:0404021720}{451:0}}{1:F01VZCRVECAAXXX5410610696}{2:09501717040402VZCRVECAAXXX40812675430404021720N}{3:{108:SCONNECT}}{4:
:20:MI081224
:25:2222222222
:28C:0526/059
:60M:C081224VEF000011066344,93
:61:081224C000000002045,10NTRF000000032460//180007
PAGO
:61:081224C000000006158,10NTRF000010002192//180007
PAGO
:61:081224C000000000731,08NTRF000032543411//180007
PAGO
:61:081224C000000003466,75NTRF000032514792//180007
PAGO
:61:081224C000000000720,00NTRF000032514725//180007
PAGO
:61:081224C000000000130,00NTRF000024122008//180007
PAGO
:61:081224C000000001000,00NTRF000024122008//180007
PAGO
:61:081224C000000000550,00NTRF000024122008//180007
PAGO
:61:081224C000000000200,00NTRF000024122008//180007
PAGO
:62M:C081224VEF000011081345,96
-}{5:{CHK:1143FB20924B}}{S:{COP:S}}${1:F21VZCRVECAAXXX5410610696}{4:{177:0404021720}{451:0}}{1:F01VZCRVECAAXXX5410610696}{2:09501717040402VZCRVECAAXXX40812675430404021720N}{3:{108:SCONNECT}}{4:
:20:MI081224
:25:2222222222
:28C:0526/060
:60M:C081224VEF000011081345,96
:61:081224C000000000230,00NTRF000024122008//180007
PAGO
:61:081224C000000000436,00NTRF000024122008//180007
PAGO
:61:081224C000000000017,24NTRF000024122008//180007
PAGO
:61:081224C000000000860,00NTRF000024122008//180007
PAGO
:61:081224C000000000200,00NTRF000024122008//180007
PAGO
:61:081224C000000000175,00NTRF000024122008//180007
PAGO
:61:081224C000000001000,00NTRF000024122008//180007
PAGO
:61:081224C000000000240,00NTRF000024122008//180007
PAGO
:61:081224C000000002000,00NTRF000024122008//180007
PAGO
:62M:C081224VEF000011086504,20
-}{5:{CHK:1143FB20924B}}{S:{COP:S}}${1:F21VZCRVECAAXXX5410610696}{4:{177:0404021720}{451:0}}{1:F01VZCRVECAAXXX5410610696}{2:09501717040402VZCRVECAAXXX40812675430404021720N}{3:{108:SCONNECT}}{4:
:20:MI081224
:25:2222222222
:28C:0526/061
:60M:C081224VEF000011086504,20
:61:081224C000000000400,00NTRF000024122008//180007
PAGO
:61:081224C000000000760,00NTRF000024122008//180007
PAGO
:61:081224C000000000100,00NTRF000024122008//180007
PAGO
:61:081224C000000000250,00NTRF000024122008//180007
PAGO
:61:081224C000000005600,00NTRF000024122008//180007
PAGO
:61:081224C000000000860,00NTRF000024122008//180007
PAGO
:61:081224C000000000150,00NTRF000024122008//180007
PAGO
:61:081224C000000000316,06NTRF000003278638//180007
PAGO
:61:081224C000000000353,99NTRF000003278639//180007
PAGO
:62M:C081224VEF000011095294,25
-}{5:{CHK:1143FB20924B}}{S:{COP:S}}${1:F21VZCRVECAAXXX5410610696}{4:{177:0404021720}{451:0}}{1:F01VZCRVECAAXXX5410610696}{2:09501717040402VZCRVECAAXXX40812675430404021720N}{3:{108:SCONNECT}}{4:
:20:MI081224
:25:2222222222
:28C:0526/062
:60M:C081224VEF000011095294,25
:61:081224C000000000500,00NTRF000000366744//180007
PAGO
:61:081224C000000004000,00NTRF000000366765//180007
PAGO
:61:081224C000000007875,00NTRF000000366906//180007
PAGO
:61:081224C000000001000,00NTRF000000367090//180007
PAGO
:61:081224C000000000200,00NTRF000000365505//180007
PAGO
:61:081224C000000002850,00NTRF000000364502//180007
PAGO
:61:081224C000000000400,00NTRF000000364586//180007
PAGO
:61:081224C000000006000,00NTRF000000364595//180007
PAGO
:61:081224C000000001000,00NTRF000000364618//180007
PAGO
:62M:C081224VEF000011119119,25
-}{5:{CHK:1143FB20924B}}{S:{COP:S}}${1:F21VZCRVECAAXXX5410610696}{4:{177:0404021720}{451:0}}{1:F01VZCRVECAAXXX5410610696}{2:09501717040402VZCRVECAAXXX40812675430404021720N}{3:{108:SCONNECT}}{4:
:20:MI081224
:25:2222222222
:28C:0526/063
:60M:C081224VEF000011119119,25
:61:081224C000000000700,00NTRF000000364827//180007
PAGO
:61:081224C000000002000,00NTRF000000364861//180007
PAGO
:61:081224C000000000250,00NTRF000000364890//180007
PAGO
:61:081224C000000000700,00NTRF000000364965//180007
PAGO
:61:081224C000000005000,00NTRF000000364223//180007
PAGO
:61:081224C000000003000,00NTRF000000364262//180007
PAGO
:61:081224C000000002350,00NTRF000000364289//180007
PAGO
:61:081224C000000001100,00NTRF000000364293//180007
PAGO
:61:081224C000000000500,00NTRF000000364305//180007
PAGO
:62M:C081224VEF000011134719,25
-}{5:{CHK:1143FB20924B}}{S:{COP:S}}${1:F21VZCRVECAAXXX5410610696}{4:{177:0404021720}{451:0}}{1:F01VZCRVECAAXXX5410610696}{2:09501717040402VZCRVECAAXXX40812675430404021720N}{3:{108:SCONNECT}}{4:
:20:MI081224
:25:2222222222
:28C:0526/064
:60M:C081224VEF000011134719,25
:61:081224C000000000100,00NTRF000003277193//180007
PAGO
:61:081224C000000000100,00NTRF000003277217//180007
PAGO
:61:081224C000000000100,00NTRF000003277218//180007
PAGO
:61:081224C000000007751,28NTRF000003277468//180007
PAGO
:61:081224C000000000900,00NTRF000000362705//180007
PAGO
:61:081224C000000000100,00NTRF000000362718//180007
PAGO
:61:081224C000000005350,00NTRF000000362726//180007
PAGO
:61:081224C000000001000,00NTRF000000362808//180007
PAGO
:61:081224C000000001000,00NTRF000000362920//180007
PAGO
:62M:C081224VEF000011151120,53
-}{5:{CHK:1143FB20924B}}{S:{COP:S}}${1:F21VZCRVECAAXXX5410610696}{4:{177:0404021720}{451:0}}{1:F01VZCRVECAAXXX5410610696}{2:09501717040402VZCRVECAAXXX40812675430404021720N}{3:{108:SCONNECT}}{4:
:20:MI081224
:25:2222222222
:28C:0526/065
:60M:C081224VEF000011151120,53
:61:081224C000000006029,57NTRF000002458630//180007
PAGO
:61:081224C000000003424,00NTRF000002458649//180007
PAGO
:61:081224C000000000150,00NTRF000000362156//180007
PAGO
:61:081224C000000001500,00NTRF000000362237//180007
PAGO
:61:081224C000000000500,00NTRF000000362251//180007
PAGO
:61:081224C000000009000,00NTRF000000362399//180007
PAGO
:61:081224C000000000425,00NTRF000000362414//180007
PAGO
:61:081224C000000002500,00NTRF000000362439//180007
PAGO
:61:081224C000000000050,00NTRF000000362455//180007
PAGO
:62M:C081224VEF000011174699,10
-}{5:{CHK:1143FB20924B}}{S:{COP:S}}${1:F21VZCRVECAAXXX5410610696}{4:{177:0404021720}{451:0}}{1:F01VZCRVECAAXXX5410610696}{2:09501717040402VZCRVECAAXXX40812675430404021720N}{3:{108:SCONNECT}}{4:
:20:MI081224
:25:2222222222
:28C:0526/066
:60M:C081224VEF000011174699,10
:61:081224C000000002000,00NTRF000000362508//180007
PAGO
:61:081224C000000020718,73NTRF000003276763//180007
PAGO
:61:081224C000000009238,74NTRF000003276765//180007
PAGO
:61:081224C000000009325,27NTRF000003276784//180007
PAGO
:61:081224C000000008220,50NTRF000003276816//180007
PAGO
:61:081224C000000142726,66NTRF000003276857//180007
PAGO
:61:081224C000000776813,48NTRF000003276873//180007
PAGO
:61:081224C000000000500,00NTRF000000361099//180007
PAGO
:61:081224C000000005000,00NTRF000000361189//180007
PAGO
:62M:C081224VEF000012149242,48
-}{5:{CHK:1143FB20924B}}{S:{COP:S}}${1:F21VZCRVECAAXXX5410610696}{4:{177:0404021720}{451:0}}{1:F01VZCRVECAAXXX5410610696}{2:09501717040402VZCRVECAAXXX40812675430404021720N}{3:{108:SCONNECT}}{4:
:20:MI081224
:25:2222222222
:28C:0526/067
:60M:C081224VEF000012149242,48
:61:081224C000000000500,00NTRF000000359261//180007
PAGO
:61:081224C000000000090,00NTRF000000359263//180007
PAGO
:61:081224C000000000274,80NTRF000000359420//180007
PAGO
:61:081224C000000000380,00NTRF000000358699//180007
PAGO
:61:081224C000000000485,00NTRF000000358705//180007
PAGO
:61:081224C000000001500,00NTRF000000358722//180007
PAGO
:61:081224C000000002000,00NTRF000000358796//180007
PAGO
:61:081224C000000000320,00NTRF000000358797//180007
PAGO
:61:081224C000000001200,00NTRF000000358804//180007
PAGO
:62M:C081224VEF000012155992,28
-}{5:{CHK:1143FB20924B}}{S:{COP:S}}${1:F21VZCRVECAAXXX5410610696}{4:{177:0404021720}{451:0}}{1:F01VZCRVECAAXXX5410610696}{2:09501717040402VZCRVECAAXXX40812675430404021720N}{3:{108:SCONNECT}}{4:
:20:MI081224
:25:2222222222
:28C:0526/068
:60M:C081224VEF000012155992,28
:61:081224C000000003300,00NTRF000000358810//180007
PAGO
:61:081224C000000001450,00NTRF000000358814//180007
PAGO
:61:081224C000000000120,00NTRF000000358818//180007
PAGO
:61:081224C000000000500,00NTRF000000358852//180007
PAGO
:61:081224C000000002000,00NTRF000000358915//180007
PAGO
:61:081224C000000005000,00NTRF000000358936//180007
PAGO
:61:081224C000000000400,00NTRF000000358950//180007
PAGO
:61:081224C000000002000,00NTRF000000358383//180007
PAGO
:61:081224C000000005500,00NTRF000000358385//180007
PAGO
:62M:C081224VEF000012176262,28
-}{5:{CHK:1143FB20924B}}{S:{COP:S}}${1:F21VZCRVECAAXXX5410610696}{4:{177:0404021720}{451:0}}{1:F01VZCRVECAAXXX5410610696}{2:09501717040402VZCRVECAAXXX40812675430404021720N}{3:{108:SCONNECT}}{4:
:20:MI081224
:25:2222222222
:28C:0526/069
:60M:C081224VEF000012176262,28
:61:081224C000000003324,86NTRF000000358403//180007
PAGO
:61:081224C000000000300,00NTRF000000358440//180007
PAGO
:61:081224C000000001285,83NTRF000000358443//180007
PAGO
:61:081224C000000000800,00NTRF000000358476//180007
PAGO
:61:081224C000000000800,00NTRF000000358490//180007
PAGO
:61:081224C000000000600,00NTRF000000358497//180007
PAGO
:61:081224C000000000600,00NTRF000000358500//180007
PAGO
:61:081224C000000001300,00NTRF000000358507//180007
PAGO
:61:081224C000000000390,00NTRF000000358519//180007
PAGO
:62M:C081224VEF000012185662,97
-}{5:{CHK:1143FB20924B}}{S:{COP:S}}${1:F21VZCRVECAAXXX5410610696}{4:{177:0404021720}{451:0}}{1:F01VZCRVECAAXXX5410610696}{2:09501717040402VZCRVECAAXXX40812675430404021720N}{3:{108:SCONNECT}}{4:
:20:MI081224
:25:2222222222
:28C:0526/070
:60M:C081224VEF000012185662,97
:61:081224C000000003000,00NTRF000000358647//180007
PAGO
:61:081224C000000008500,00NTRF000000358677//180007
PAGO
:61:081224C000000001000,00NTRF000000358144//180007
PAGO
:61:081224C000000001000,00NTRF000000358146//180007
PAGO
:61:081224C000000001000,00NTRF000000358161//180007
PAGO
:61:081224C000000000533,36NTRF000000358165//180007
PAGO
:61:081224C000000002600,00NTRF000000358179//180007
PAGO
:61:081224C000000001231,74NTRF000002458495//180007
PAGO
:61:081224C000000003997,09NTRF000002458533//180007
PAGO
:62M:C081224VEF000012208525,16
-}{5:{CHK:1143FB20924B}}{S:{COP:S}}${1:F21VZCRVECAAXXX5410610696}{4:{177:0404021720}{451:0}}{1:F01VZCRVECAAXXX5410610696}{2:09501717040402VZCRVECAAXXX40812675430404021720N}{3:{108:SCONNECT}}{4:
:20:MI081224
:25:2222222222
:28C:0526/071
:60M:C081224VEF000012208525,16
:61:081224C000000012000,00NTRF000000358262//180007
PAGO
:61:081224C000000002000,00NTRF000000358344//180007
PAGO
:61:081224C000000005000,00NTRF000000358346//180007
PAGO
:61:081224C000000003000,00NTRF000000358353//180007
PAGO
:61:081224C000000002000,00NTRF000000358373//180007
PAGO
:61:081224C000000002000,00NTRF000000358377//180007
PAGO
:61:081224C000000001500,00NTRF000000357760//180007
PAGO
:61:081224C000000000500,00NTRF000000357897//180007
PAGO
:61:081224C000000001000,00NTRF000000358097//180007
PAGO
:62M:C081224VEF000012237525,16
-}{5:{CHK:1143FB20924B}}{S:{COP:S}}${1:F21VZCRVECAAXXX5410610696}{4:{177:0404021720}{451:0}}{1:F01VZCRVECAAXXX5410610696}{2:09501717040402VZCRVECAAXXX40812675430404021720N}{3:{108:SCONNECT}}{4:
:20:MI081224
:25:2222222222
:28C:0526/072
:60M:C081224VEF000012237525,16
:61:081224C000000000500,00NTRF000000358107//180007
PAGO
:61:081224C000000000500,00NTRF000000358124//180007
PAGO
:61:081224C000000001000,00NTRF000000358137//180007
PAGO
:61:081224C000000003800,00NTRF000000361219//180007
PAGO
:61:081224C000000001200,00NTRF000000361235//180007
PAGO
:61:081224C000000000700,00NTRF000000361271//180007
PAGO
:61:081224C000000006000,00NTRF000000361275//180007
PAGO
:61:081224C000000003000,00NTRF000000361313//180007
PAGO
:61:081224C000000000721,00NTRF000000361353//180007
PAGO
:62M:C081224VEF000012254946,16
-}{5:{CHK:1143FB20924B}}{S:{COP:S}}${1:F21VZCRVECAAXXX5410610696}{4:{177:0404021720}{451:0}}{1:F01VZCRVECAAXXX5410610696}{2:09501717040402VZCRVECAAXXX40812675430404021720N}{3:{108:SCONNECT}}{4:
:20:MI081224
:25:2222222222
:28C:0526/073
:60M:C081224VEF000012254946,16
:61:081224C000000005000,00NTRF000000361433//180007
PAGO
:61:081224C000000005000,00NTRF000000361497//180007
PAGO
:61:081224C000000000745,87NTRF000000361509//180007
PAGO
:61:081224C000000005225,00NTRF000002458571//180007
PAGO
:61:081224C000000003347,43NTRF000002458577//180007
PAGO
:61:081224C000000000150,00NTRF000000360669//180007
PAGO
:61:081224C000000000119,00NTRF000000360740//180007
PAGO
:61:081224C000000002370,00NTRF000000360762//180007
PAGO
:61:081224C000000000600,00NTRF000000360791//180007
PAGO
:62M:C081224VEF000012277503,46
-}{5:{CHK:1143FB20924B}}{S:{COP:S}}${1:F21VZCRVECAAXXX5410610696}{4:{177:0404021720}{451:0}}{1:F01VZCRVECAAXXX5410610696}{2:09501717040402VZCRVECAAXXX40812675430404021720N}{3:{108:SCONNECT}}{4:
:20:MI081224
:25:2222222222
:28C:0526/074
:60M:C081224VEF000012277503,46
:61:081224C000000001000,00NTRF000000360807//180007
PAGO
:61:081224C000000000400,00NTRF000000360813//180007
PAGO
:61:081224C000000001600,00NTRF000000360921//180007
PAGO
:61:081224C000000000300,00NTRF000000360944//180007
PAGO
:61:081224C000000000500,00NTRF000000360982//180007
PAGO
:61:081224C000000002800,00NTRF000000361009//180007
PAGO
:61:081224C000000000500,00NTRF000000361034//180007
PAGO
:61:081224C000000000300,00NTRF000000361045//180007
PAGO
:61:081224C000000000304,00NTRF000000361061//180007
PAGO
:62M:C081224VEF000012285207,46
-}{5:{CHK:1143FB20924B}}{S:{COP:S}}${1:F21VZCRVECAAXXX5410610696}{4:{177:0404021720}{451:0}}{1:F01VZCRVECAAXXX5410610696}{2:09501717040402VZCRVECAAXXX40812675430404021720N}{3:{108:SCONNECT}}{4:
:20:MI081224
:25:2222222222
:28C:0526/075
:60M:C081224VEF000012285207,46
:61:081224C000000003000,00NTRF000000360323//180007
PAGO
:61:081224C000000006000,00NTRF000000360329//180007
PAGO
:61:081224C000000000760,00NTRF000000360357//180007
PAGO
:61:081224C000000000340,00NTRF000000360371//180007
PAGO
:61:081224C000000000150,00NTRF000000360403//180007
PAGO
:61:081224C000000002000,00NTRF000000360479//180007
PAGO
:61:081224C000000000200,00NTRF000000360541//180007
PAGO
:61:081224C000000000120,00NTRF000000360570//180007
PAGO
:61:081224C000000006700,00NTRF000000360590//180007
PAGO
:62M:C081224VEF000012304477,46
-}{5:{CHK:1143FB20924B}}{S:{COP:S}}${1:F21VZCRVECAAXXX5410610696}{4:{177:0404021720}{451:0}}{1:F01VZCRVECAAXXX5410610696}{2:09501717040402VZCRVECAAXXX40812675430404021720N}{3:{108:SCONNECT}}{4:
:20:MI081224
:25:2222222222
:28C:0526/076
:60M:C081224VEF000012304477,46
:61:081224C000000020000,00NTRF000000360610//180007
PAGO
:61:081224C000000001700,00NTRF000000360617//180007
PAGO
:61:081224C000000000800,00NTRF000000360636//180007
PAGO
:61:081224C000000000312,00NTRF000000360659//180007
PAGO
:61:081224C000000006000,00NTRF000000359732//180007
PAGO
:61:081224C000000000800,00NTRF000000359815//180007
PAGO
:61:081224C000000001034,00NTRF000000359845//180007
PAGO
:61:081224C000000000100,00NTRF000000359924//180007
PAGO
:61:081224C000000003000,00NTRF000000360010//180007
PAGO
:62M:C081224VEF000012338223,46
-}{5:{CHK:1143FB20924B}}{S:{COP:S}}${1:F21VZCRVECAAXXX5410610696}{4:{177:0404021720}{451:0}}{1:F01VZCRVECAAXXX5410610696}{2:09501717040402VZCRVECAAXXX40812675430404021720N}{3:{108:SCONNECT}}{4:
:20:MI081224
:25:2222222222
:28C:0526/077
:60M:C081224VEF000012338223,46
:61:081224C000000001200,00NTRF000000360038//180007
PAGO
:61:081224C000000000475,00NTRF000000360088//180007
PAGO
:61:081224C000000005500,00NTRF000000360101//180007
PAGO
:61:081224C000000000444,72NTRF000000360176//180007
PAGO
:61:081224C000000000369,98NTRF000000360205//180007
PAGO
:61:081224C000000000100,00NTRF000000360235//180007
PAGO
:61:081224C000000000160,00NTRF000000360264//180007
PAGO
:61:081224C000000001000,00NTRF000000360281//180007
PAGO
:61:081224C000000003000,00NTRF000000359504//180007
PAGO
:62M:C081224VEF000012350473,16
-}{5:{CHK:1143FB20924B}}{S:{COP:S}}${1:F21VZCRVECAAXXX5410610696}{4:{177:0404021720}{451:0}}{1:F01VZCRVECAAXXX5410610696}{2:09501717040402VZCRVECAAXXX40812675430404021720N}{3:{108:SCONNECT}}{4:
:20:MI081224
:25:2222222222
:28C:0526/078
:60M:C081224VEF000012350473,16
:61:081224C000000000150,00NTRF000000359566//180007
PAGO
:61:081224C000000000420,00NTRF000000359588//180007
PAGO
:61:081224C000000005000,00NTRF000000359590//180007
PAGO
:61:081224C000000005000,00NTRF000000359594//180007
PAGO
:61:081224C000000000300,00NTRF000000359598//180007
PAGO
:61:081224C000000005000,00NTRF000000359600//180007
PAGO
:61:081224C000000005000,00NTRF000000359608//180007
PAGO
:61:081224C000000020000,00NTRF000000359610//180007
PAGO
:61:081224C000000000150,00NTRF000000359619//180007
PAGO
:62M:C081224VEF000012391493,16
-}{5:{CHK:1143FB20924B}}{S:{COP:S}}${1:F21VZCRVECAAXXX5410610696}{4:{177:0404021720}{451:0}}{1:F01VZCRVECAAXXX5410610696}{2:09501717040402VZCRVECAAXXX40812675430404021720N}{3:{108:SCONNECT}}{4:
:20:MI081224
:25:2222222222
:28C:0526/079
:60M:C081224VEF000012391493,16
:61:081224C000000000250,00NTRF000000359630//180007
PAGO
:61:081224C000000000950,00NTRF000000359689//180007
PAGO
:61:081224C000000003000,00NTRF000000359730//180007
PAGO
:61:081224C000000000500,00NTRF000000358971//180007
PAGO
:61:081224C000000000100,00NTRF000000358974//180007
PAGO
:61:081224C000000015000,00NTRF000000359027//180007
PAGO
:61:081224C000000008000,00NTRF000000359104//180007
PAGO
:61:081224C000000000350,00NTRF000000359130//180007
PAGO
:61:081224C000000000200,00NTRF000000359142//180007
PAGO
:62M:C081224VEF000012419843,16
-}{5:{CHK:1143FB20924B}}{S:{COP:S}}${1:F21VZCRVECAAXXX5410610696}{4:{177:0404021720}{451:0}}{1:F01VZCRVECAAXXX5410610696}{2:09501717040402VZCRVECAAXXX40812675430404021720N}{3:{108:SCONNECT}}{4:
:20:MI081224
:25:2222222222
:28C:0526/080
:60M:C081224VEF000012419843,16
:61:081224C000000000100,00NTRF000000359157//180007
PAGO
:61:081224C000000000150,00NTRF000000359168//180007
PAGO
:61:081224C000000000300,00NTRF000000359194//180007
PAGO
:61:081224C000000000200,00NTRF000000359257//180007
PAGO
:61:081224C000000001000,00NTRF000000362553//180007
PAGO
:61:081224C000000003000,00NTRF000000362561//180007
PAGO
:61:081224C000000000072,00NTRF000000361619//180007
PAGO
:61:081224C000000000600,00NTRF000000361721//180007
PAGO
:61:081224C000000000500,00NTRF000000361763//180007
PAGO
:62M:C081224VEF000012425765,16
-}{5:{CHK:1143FB20924B}}{S:{COP:S}}${1:F21VZCRVECAAXXX5410610696}{4:{177:0404021720}{451:0}}{1:F01VZCRVECAAXXX5410610696}{2:09501717040402VZCRVECAAXXX40812675430404021720N}{3:{108:SCONNECT}}{4:
:20:MI081224
:25:2222222222
:28C:0526/081
:60M:C081224VEF000012425765,16
:61:081224C000000005000,00NTRF000000361786//180007
PAGO
:61:081224C000000001000,00NTRF000000361913//180007
PAGO
:61:081224C000000001624,04NTRF000003276743//180007
PAGO
:61:081224C000000003968,62NTRF000003276762//180007
PAGO
:61:081224C000000005200,00NTRF000000362976//180007
PAGO
:61:081224C000000001000,00NTRF000000363161//180007
PAGO
:61:081224C000000000540,00NTRF000000363247//180007
PAGO
:61:081224C000000002746,76NTRF000000363264//180007
PAGO
:61:081224C000000001098,20NTRF000003276898//180007
PAGO
:62M:C081224VEF000012447942,78
-}{5:{CHK:1143FB20924B}}{S:{COP:S}}${1:F21VZCRVECAAXXX5410610696}{4:{177:0404021720}{451:0}}{1:F01VZCRVECAAXXX5410610696}{2:09501717040402VZCRVECAAXXX40812675430404021720N}{3:{108:SCONNECT}}{4:
:20:MI081224
:25:2222222222
:28C:0526/082
:60M:C081224VEF000012447942,78
:61:081224C000000030893,26NTRF000003276934//180007
PAGO
:61:081224C000000001000,00NTRF000000362107//180007
PAGO
:61:081224C000000002600,00NTRF000000362136//180007
PAGO
:61:081224C000000001500,00NTRF000000362154//180007
PAGO
:61:081224C000000000100,00NTRF000003277219//180007
PAGO
:61:081224C000000000100,00NTRF000003277249//180007
PAGO
:61:081224C000000000100,00NTRF000003277250//180007
PAGO
:61:081224C000000000100,00NTRF000003277276//180007
PAGO
:61:081224C000000000600,00NTRF000003277372//180007
PAGO
:62M:C081224VEF000012484936,04
-}{5:{CHK:1143FB20924B}}{S:{COP:S}}${1:F21VZCRVECAAXXX5410610696}{4:{177:0404021720}{451:0}}{1:F01VZCRVECAAXXX5410610696}{2:09501717040402VZCRVECAAXXX40812675430404021720N}{3:{108:SCONNECT}}{4:
:20:MI081224
:25:2222222222
:28C:0526/083
:60M:C081224VEF000012484936,04
:61:081224C000000000100,00NTRF000003277408//180007
PAGO
:61:081224C000000000100,00NTRF000003277409//180007
PAGO
:61:081224C000000000100,00NTRF000003277410//180007
PAGO
:61:081224C000000003883,91NTRF000003277453//180007
PAGO
:61:081224C000000000300,00NTRF000000365001//180007
PAGO
:61:081224C000000005112,50NTRF000003277496//180007
PAGO
:61:081224C000000024569,27NTRF000003277507//180007
PAGO
:61:081224C000000030546,18NTRF000003277535//180007
PAGO
:61:081224C000000002000,00NTRF000000363990//180007
PAGO
:62M:C081224VEF000012551647,90
-}{5:{CHK:1143FB20924B}}{S:{COP:S}}${1:F21VZCRVECAAXXX5410610696}{4:{177:0404021720}{451:0}}{1:F01VZCRVECAAXXX5410610696}{2:09501717040402VZCRVECAAXXX40812675430404021720N}{3:{108:SCONNECT}}{4:
:20:MI081224
:25:2222222222
:28C:0526/084
:60M:C081224VEF000012551647,90
:61:081224C000000000800,00NTRF000000364053//180007
PAGO
:61:081224C000000000300,00NTRF000000364067//180007
PAGO
:61:081224C000000025000,00NTRF000000364116//180007
PAGO
:61:081224C000000004000,00NTRF000000364133//180007
PAGO
:61:081224C000000006200,00NTRF000000365263//180007
PAGO
:61:081224C000000000200,00NTRF000000365285//180007
PAGO
:61:081224C000000000150,00NTRF000000365290//180007
PAGO
:61:081224C000000003000,00NTRF000000365308//180007
PAGO
:61:081224C000000002000,00NTRF000000365331//180007
PAGO
:62M:C081224VEF000012593297,90
-}{5:{CHK:1143FB20924B}}{S:{COP:S}}${1:F21VZCRVECAAXXX5410610696}{4:{177:0404021720}{451:0}}{1:F01VZCRVECAAXXX5410610696}{2:09501717040402VZCRVECAAXXX40812675430404021720N}{3:{108:SCONNECT}}{4:
:20:MI081224
:25:2222222222
:28C:0526/085
:60M:C081224VEF000012593297,90
:61:081224C000000000300,00NTRF000000364341//180007
PAGO
:61:081224C000000002200,00NTRF000000364363//180007
PAGO
:61:081224C000000003384,00NTRF000000364383//180007
PAGO
:61:081224C000000000300,00NTRF000000364417//180007
PAGO
:61:081224C000000000159,49NTRF000003278633//180007
PAGO
:61:081224C000000000225,00NTRF000000365032//180007
PAGO
:61:081224C000000001000,00NTRF000000365073//180007
PAGO
:61:081224C000000000400,00NTRF000000365077//180007
PAGO
:61:081224C000000001500,00NTRF000000365082//180007
PAGO
:62M:C081224VEF000012602766,39
-}{5:{CHK:1143FB20924B}}{S:{COP:S}}${1:F21VZCRVECAAXXX5410610696}{4:{177:0404021720}{451:0}}{1:F01VZCRVECAAXXX5410610696}{2:09501717040402VZCRVECAAXXX40812675430404021720N}{3:{108:SCONNECT}}{4:
:20:MI081224
:25:2222222222
:28C:0526/086
:60M:C081224VEF000012602766,39
:61:081224C000000001000,00NTRF000000365089//180007
PAGO
:61:081224C000000001000,00NTRF000000365158//180007
PAGO
:61:081224C000000000213,00NTRF000000365186//180007
PAGO
:61:081224C000000000200,00NTRF000000365238//180007
PAGO
:61:081224C000000001000,00NTRF000000365526//180007
PAGO
:61:081224C000000000844,27NTRF000003277597//180007
PAGO
:61:081224C000000005932,25NTRF000003277599//180007
PAGO
:61:081224C000000000031,61NTRF000003277705//180007
PAGO
:61:081224C000000000112,46NTRF000003277740//180007
PAGO
:62M:C081224VEF000012613099,98
-}{5:{CHK:1143FB20924B}}{S:{COP:S}}${1:F21VZCRVECAAXXX5410610696}{4:{177:0404021720}{451:0}}{1:F01VZCRVECAAXXX5410610696}{2:09501717040402VZCRVECAAXXX40812675430404021720N}{3:{108:SCONNECT}}{4:
:20:MI081224
:25:2222222222
:28C:0526/087
:60M:C081224VEF000012613099,98
:61:081224C000000000073,57NTRF000003277752//180007
PAGO
:61:081224C000000000301,48NTRF000003278630//180007
PAGO
:61:081224C000000000342,32NTRF000003278631//180007
PAGO
:61:081224C000000000742,02NTRF000003278632//180007
PAGO
:61:081224C000000000400,00NTRF000000365523//180007
PAGO
:61:081224C000000047500,00NTRF000002458682//180007
PAGO
:61:081224C000000008500,00NTRF000000367021//180007
PAGO
:61:081224C000000000500,00NTRF000000366867//180007
PAGO
:61:081224C000000000500,00NTRF000000366747//180007
PAGO
:62M:C081224VEF000012671959,37
-}{5:{CHK:1143FB20924B}}{S:{COP:S}}${1:F21VZCRVECAAXXX5410610696}{4:{177:0404021720}{451:0}}{1:F01VZCRVECAAXXX5410610696}{2:09501717040402VZCRVECAAXXX40812675430404021720N}{3:{108:SCONNECT}}{4:
:20:MI081224
:25:2222222222
:28C:0526/088
:60M:C081224VEF000012671959,37
:61:081224C000000000281,05NTRF000003278637//180007
PAGO
:61:081224C000000001127,13NTRF000003278636//180007
PAGO
:61:081224C000000000688,53NTRF000003278635//180007
PAGO
:61:081224C000000000091,42NTRF000003278634//180007
PAGO
:61:081224C000000000500,00NTRF000027741132//180007
PAGO
:61:081224C000000015000,00NTRF000027740077//180007
PAGO
:61:081224C000000050000,00NTRF000027740343//180007
PAGO
:61:081224C000000002000,00NTRF000027739834//180007
PAGO
:61:081224C000000003500,00NTRF000027739666//180007
PAGO
:62M:C081224VEF000012745147,50
-}{5:{CHK:1143FB20924B}}{S:{COP:S}}${1:F21VZCRVECAAXXX5410610696}{4:{177:0404021720}{451:0}}{1:F01VZCRVECAAXXX5410610696}{2:09501717040402VZCRVECAAXXX40812675430404021720N}{3:{108:SCONNECT}}{4:
:20:MI081224
:25:2222222222
:28C:0526/089
:60M:C081224VEF000012745147,50
:61:081224C000000001098,00NTRF000027736050//180007
PAGO
:61:081224C000000000100,00NTRF000027735835//180007
PAGO
:61:081224C000000110557,95NTRF000020081215//180007
PAGO
:61:081224C000000000050,00NTRF000027734782//180007
PAGO
:61:081224C000000000700,00NTRF000027733647//180007
PAGO
:61:081224C000000001000,00NTRF000027728111//180007
PAGO
:61:081224C000000000770,00NTRF000027728252//180007
PAGO
:61:081224C000000003000,00NTRF000027729093//180007
PAGO
:61:081224C000000001200,00NTRF000000084189//180007
PAGO
:62M:C081224VEF000012863623,45
-}{5:{CHK:1143FB20924B}}{S:{COP:S}}${1:F21VZCRVECAAXXX5410610696}{4:{177:0404021720}{451:0}}{1:F01VZCRVECAAXXX5410610696}{2:09501717040402VZCRVECAAXXX40812675430404021720N}{3:{108:SCONNECT}}{4:
:20:MI081224
:25:2222222222
:28C:0526/090
:60M:C081224VEF000012863623,45
:61:081224C000000000643,56NTRF000000940639//180007
PAGO
:61:081224C000000000099,81NTRF000056464809//180007
PAGO
:61:081224C000000011000,00NTRF000056440765//180007
PAGO
:61:081224C000000011000,00NTRF000005314730//180007
PAGO
:61:081224C000000000570,00NTRF000000443219//180007
PAGO
:61:081224C000000000419,00NTRF000056546403//180007
PAGO
:61:081224C000000000520,00NTRF000056512200//180007
PAGO
:61:081224C000000000200,00NTRF000056479252//180007
PAGO
:61:081224C000000000500,00NTRF000056539971//180007
PAGO
:62M:C081224VEF000012888575,82
-}{5:{CHK:1143FB20924B}}{S:{COP:S}}${1:F21VZCRVECAAXXX5410610696}{4:{177:0404021720}{451:0}}{1:F01VZCRVECAAXXX5410610696}{2:09501717040402VZCRVECAAXXX40812675430404021720N}{3:{108:SCONNECT}}{4:
:20:MI081224
:25:2222222222
:28C:0526/091
:60M:C081224VEF000012888575,82
:61:081224C000000005420,00NTRF000056533169//180007
PAGO
:61:081224C000000000500,00NTRF000056509804//180007
PAGO
:61:081224C000000003000,00NTRF000056524095//180007
PAGO
:61:081224C000000001769,31NTRF000056546833//180007
PAGO
:61:081224C000000000091,56NTRF000056463755//180007
PAGO
:61:081224C000000000094,38NTRF000056464414//180007
PAGO
:61:081224C000000005000,00NTRF000000000000//180007
PAGO
:61:081224C000000006000,00NTRF000084039852//180007
PAGO
:61:081224C000000000350,00NTRF000084031183//180007
PAGO
:62M:C081224VEF000012910801,07
-}{5:{CHK:1143FB20924B}}{S:{COP:S}}${1:F21VZCRVECAAXXX5410610696}{4:{177:0404021720}{451:0}}{1:F01VZCRVECAAXXX5410610696}{2:09501717040402VZCRVECAAXXX40812675430404021720N}{3:{108:SCONNECT}}{4:
:20:MI081224
:25:2222222222
:28C:0526/092
:60M:C081224VEF000012910801,07
:61:081224C000000000380,00NTRF000084022385//180007
PAGO
:61:081224C000000000500,00NTRF000084037181//180007
PAGO
:61:081224C000000005000,00NTRF000084038463//180007
PAGO
:61:081224C000000003000,00NTRF000084039023//180007
PAGO
:61:081224C000000004000,00NTRF000084018712//180007
PAGO
:61:081224C000000000800,00NTRF000084020075//180007
PAGO
:61:081224C000000005000,00NTRF000084025351//180007
PAGO
:61:081224C000000004000,00NTRF000084027506//180007
PAGO
:61:081224C000000090000,00NTRF000084028615//180007
PAGO
:62M:C081224VEF000013023481,07
-}{5:{CHK:1143FB20924B}}{S:{COP:S}}${1:F21VZCRVECAAXXX5410610696}{4:{177:0404021720}{451:0}}{1:F01VZCRVECAAXXX5410610696}{2:09501717040402VZCRVECAAXXX40812675430404021720N}{3:{108:SCONNECT}}{4:
:20:MI081224
:25:2222222222
:28C:0526/093
:60M:C081224VEF000013023481,07
:61:081224C000000005000,00NTRF000084031275//180007
PAGO
:61:081224C000000031311,35NTRF000084031754//180007
PAGO
:61:081224C000000034595,66NTRF000084032126//180007
PAGO
:61:081224C000000000371,50NTRF000084033482//180007
PAGO
:61:081224C000000012028,00NTRF000084033891//180007
PAGO
:61:081224C000000000588,60NTRF000084034705//180007
PAGO
:61:081224C000000002000,00NTRF000084035140//180007
PAGO
:61:081224C000000003000,00NTRF000084014140//180007
PAGO
:61:081224C000000001200,00NTRF000084015492//180007
PAGO
:62M:C081224VEF000013113576,18
-}{5:{CHK:1143FB20924B}}{S:{COP:S}}${1:F21VZCRVECAAXXX5410610696}{4:{177:0404021720}{451:0}}{1:F01VZCRVECAAXXX5410610696}{2:09501717040402VZCRVECAAXXX40812675430404021720N}{3:{108:SCONNECT}}{4:
:20:MI081224
:25:2222222222
:28C:0526/094
:60M:C081224VEF000013113576,18
:61:081224C000000000700,00NTRF000084015713//180007
PAGO
:61:081224C000000006000,00NTRF000084019972//180007
PAGO
:61:081224C000000000500,00NTRF000084039325//180007
PAGO
:61:081224C000000000050,00NTRF000084038872//180007
PAGO
:61:081224C000000000200,00NTRF000084035265//180007
PAGO
:61:081224C000000001788,00NTRF000084021604//180007
PAGO
:61:081224C000000010000,00NTRF000084015503//180007
PAGO
:61:081224C000000000318,00NTRF000000000799//180007
PAGO
:61:081224C000000001280,00NTRF000000555348//180007
PAGO
:62M:C081224VEF000013134412,18
-}{5:{CHK:1143FB20924B}}{S:{COP:S}}${1:F21VZCRVECAAXXX5410610696}{4:{177:0404021720}{451:0}}{1:F01VZCRVECAAXXX5410610696}{2:09501717040402VZCRVECAAXXX40812675430404021720N}{3:{108:SCONNECT}}{4:
:20:MI081224
:25:2222222222
:28C:0526/095
:60M:C081224VEF000013134412,18
:61:081224C000000000200,00NTRF000000555398//180007
PAGO
:61:081224C000000004730,00NTRF000000039826//180007
PAGO
:61:081224C000000000250,00NTRF000000040102//180007
PAGO
:61:081224C000000000320,00NTRF000000039807//180007
PAGO
:61:081224C000000000300,00NTRF000000039525//180007
PAGO
:61:081224C000000000600,00NTRF000000039391//180007
PAGO
:61:081224C000000000150,00NTRF000000031250//180007
PAGO
:61:081224C000000072070,00NTRF000000031131//180007
PAGO
:61:081224C000000009000,00NTRF000000031138//180007
PAGO
:62M:C081224VEF000013222032,18
-}{5:{CHK:1143FB20924B}}{S:{COP:S}}${1:F21VZCRVECAAXXX5410610696}{4:{177:0404021720}{451:0}}{1:F01VZCRVECAAXXX5410610696}{2:09501717040402VZCRVECAAXXX40812675430404021720N}{3:{108:SCONNECT}}{4:
:20:MI081224
:25:2222222222
:28C:0526/096
:60M:C081224VEF000013222032,18
:61:081224C000000023184,30NTRF000000031054//180007
PAGO
:61:081224C000000000350,00NTRF000000039661//180007
PAGO
:61:081224C000000004345,00NTRF000000031584//180007
PAGO
:61:081224C000000002900,00NTRF000000031531//180007
PAGO
:61:081224C000000004345,00NTRF000000031532//180007
PAGO
:61:081224C000000004600,00NTRF000000031533//180007
PAGO
:61:081224C000000002000,00NTRF000000031439//180007
PAGO
:61:081224C000000000120,00NTRF000000031441//180007
PAGO
:61:081224C000000000600,00NTRF000000031417//180007
PAGO
:62M:C081224VEF000013264476,48
-}{5:{CHK:1143FB20924B}}{S:{COP:S}}${1:F21VZCRVECAAXXX5410610696}{4:{177:0404021720}{451:0}}{1:F01VZCRVECAAXXX5410610696}{2:09501717040402VZCRVECAAXXX40812675430404021720N}{3:{108:SCONNECT}}{4:
:20:MI081224
:25:2222222222
:28C:0526/097
:60M:C081224VEF000013264476,48
:61:081224C000000000700,00NTRF000000030247//180007
PAGO
:61:081224C000000001070,00NTRF000000030214//180007
PAGO
:61:081224C000000025000,00NTRF000000030008//180007
PAGO
:61:081224C000000000150,00NTRF000000031411//180007
PAGO
:61:081224C000000004000,00NTRF000000031369//180007
PAGO
:61:081224C000000010475,61NTRF000000031355//180007
PAGO
:61:081224C000000010965,00NTRF000000031363//180007
PAGO
:61:081224C000000001000,00NTRF000000031323//180007
PAGO
:61:081224C000000003000,00NTRF000000030908//180007
PAGO
:62M:C081224VEF000013320837,09
-}{5:{CHK:1143FB20924B}}{S:{COP:S}}${1:F21VZCRVECAAXXX5410610696}{4:{177:0404021720}{451:0}}{1:F01VZCRVECAAXXX5410610696}{2:09501717040402VZCRVECAAXXX40812675430404021720N}{3:{108:SCONNECT}}{4:
:20:MI081224
:25:2222222222
:28C:0526/098
:60M:C081224VEF000013320837,09
:61:081224C000000006000,00NTRF000000030909//180007
PAGO
:61:081224C000000005800,00NTRF000000030833//180007
PAGO
:61:081224C000000003120,00NTRF000000030560//180007
PAGO
:61:081224C000000000400,00NTRF000000030501//180007
PAGO
:61:081224C000000001100,00NTRF000000030483//180007
PAGO
:61:081224C000000008479,11NTRF000000030492//180007
PAGO
:61:081224C000000000250,00NTRF000000039671//180007
PAGO
:61:081224C000000001500,00NTRF000000039510//180007
PAGO
:61:081224C000000010000,00NTRF000000039590//180007
PAGO
:62M:C081224VEF000013357486,20
-}{5:{CHK:1143FB20924B}}{S:{COP:S}}${1:F21VZCRVECAAXXX5410610696}{4:{177:0404021720}{451:0}}{1:F01VZCRVECAAXXX5410610696}{2:09501717040402VZCRVECAAXXX40812675430404021720N}{3:{108:SCONNECT}}{4:
:20:MI081224
:25:2222222222
:28C:0526/099
:60M:C081224VEF000013357486,20
:61:081224C000000000510,00NTRF000000040098//180007
PAGO
:61:081224C000000020364,48NTRF000000002167//180007
PAGO
:61:081224C000000001680,00NTRF000000002090//180007
PAGO
:61:081224C000000010000,00NTRF000000002050//180007
PAGO
:61:081224C000000000500,00NTRF000000001971//180007
PAGO
:61:081224C000000001000,00NTRF000000001879//180007
PAGO
:61:081224C000000007500,00NTRF000000001869//180007
PAGO
:61:081224C000000010000,00NTRF000000001870//180007
PAGO
:61:081224C000000000150,00NTRF000000001853//180007
PAGO
:62M:C081224VEF000013409190,68
-}{5:{CHK:1143FB20924B}}{S:{COP:S}}${1:F21VZCRVECAAXXX5410610696}{4:{177:0404021720}{451:0}}{1:F01VZCRVECAAXXX5410610696}{2:09501717040402VZCRVECAAXXX40812675430404021720N}{3:{108:SCONNECT}}{4:
:20:MI081224
:25:2222222222
:28C:0526/100
:60M:C081224VEF000013409190,68
:61:081224C000000010065,12NTRF000000001857//180007
PAGO
:61:081224C000000002194,85NTRF000000001773//180007
PAGO
:61:081224C000000006286,23NTRF000000001760//180007
PAGO
:61:081224C000000000208,82NTRF000000002200//180007
PAGO
:61:081224C000000011047,48NTRF000000878128//180007
PAGO
:61:081224C000000115885,00NTRF000081223146//180007
PAGO
:61:081224C000000002000,00NTRF000000878937//180007
PAGO
:61:081224C000000000600,00NTRF000000123431//180007
PAGO
:61:081224C000000002749,02NTRF000000123219//180007
PAGO
:62M:C081224VEF000013560227,20
-}{5:{CHK:1143FB20924B}}{S:{COP:S}}${1:F21VZCRVECAAXXX5410610696}{4:{177:0404021720}{451:0}}{1:F01VZCRVECAAXXX5410610696}{2:09501717040402VZCRVECAAXXX40812675430404021720N}{3:{108:SCONNECT}}{4:
:20:MI081224
:25:2222222222
:28C:0526/101
:60M:C081224VEF000013560227,20
:61:081224C000000003025,00NTRF000000123484//180007
PAGO
:61:081224C000000005000,00NTRF000000123381//180007
PAGO
:61:081224C000000001690,00NTRF000000123138//180007
PAGO
:61:081224C000000002000,00NTRF000000123115//180007
PAGO
:61:081224C000000000720,00NTRF000000123149//180007
PAGO
:61:081224C000000001000,00NTRF000000123578//180007
PAGO
:61:081224C000000010509,81NTRF000000414699//180007
PAGO
:61:081224C000000010509,00NTRF000000414778//180007
PAGO
:61:081224C000000004700,00NTRF000000414690//180007
PAGO
:62M:C081224VEF000013599381,01
-}{5:{CHK:1143FB20924B}}{S:{COP:S}}${1:F21VZCRVECAAXXX5410610696}{4:{177:0404021720}{451:0}}{1:F01VZCRVECAAXXX5410610696}{2:09501717040402VZCRVECAAXXX40812675430404021720N}{3:{108:SCONNECT}}{4:
:20:MI081224
:25:2222222222
:28C:0526/102
:60M:C081224VEF000013599381,01
:61:081224C000000002492,00NTRF000000414548//180007
PAGO
:61:081224C000000001800,00NTRF000000414839//180007
PAGO
:61:081224C000000005995,70NTRF000000414999//180007
PAGO
:61:081224C000000000400,00NTRF000000415849//180007
PAGO
:61:081224C000000000110,00NTRF000000415200//180007
PAGO
:61:081224C000000020000,00NTRF000000415172//180007
PAGO
:61:081224C000000000250,00NTRF000000415522//180007
PAGO
:61:081224C000000007032,00NTRF000000288599//180007
PAGO
:61:081224C000000000200,00NTRF000000288795//180007
PAGO
:62M:C081224VEF000013637660,71
-}{5:{CHK:1143FB20924B}}{S:{COP:S}}${1:F21VZCRVECAAXXX5410610696}{4:{177:0404021720}{451:0}}{1:F01VZCRVECAAXXX5410610696}{2:09501717040402VZCRVECAAXXX40812675430404021720N}{3:{108:SCONNECT}}{4:
:20:MI081224
:25:2222222222
:28C:0526/103
:60M:C081224VEF000013637660,71
:61:081224C000000330000,00NTRF000011111101//180007
PAGO
:61:081224C000000000200,00NTRF000050069352//180007
PAGO
:61:081224C000000000430,00NTRF000027755529//180007
PAGO
:61:081224C000000000400,00NTRF000027755253//180007
PAGO
:61:081224C000000003600,00NTRF000000330005//180007
PAGO
:61:081224C000000003915,00NTRF000000329707//180007
PAGO
:61:081224C000000002850,00NTRF000000329976//180007
PAGO
:61:081224C000000007129,89NTRF000000329689//180007
PAGO
:61:081224C000000003600,00NTRF000000330097//180007
PAGO
:62M:C081224VEF000013989785,60
-}{5:{CHK:1143FB20924B}}{S:{COP:S}}${1:F21VZCRVECAAXXX5410610696}{4:{177:0404021720}{451:0}}{1:F01VZCRVECAAXXX5410610696}{2:09501717040402VZCRVECAAXXX40812675430404021720N}{3:{108:SCONNECT}}{4:
:20:MI081224
:25:2222222222
:28C:0526/104
:60M:C081224VEF000013989785,60
:61:081224C000000005085,28NTRF000000330068//180007
PAGO
:61:081224C000000009718,00NTRF000000330002//180007
PAGO
:61:081224C000000002309,44NTRF000000329686//180007
PAGO
:61:081224C000000003060,00NTRF000000229895//180007
PAGO
:61:081224C000000005000,00NTRF000000000000//180007
PAGO
:61:081224C000000000450,00NTRF000027754281//180007
PAGO
:61:081224C000000000450,00NTRF000027752838//180007
PAGO
:61:081224C000000500123,00NTRF000000920226//180007
PAGO
:61:081224C000000006199,89NTRF000000029215//180007
PAGO
:62M:C081224VEF000014522181,21
-}{5:{CHK:1143FB20924B}}{S:{COP:S}}${1:F21VZCRVECAAXXX5410610696}{4:{177:0404021720}{451:0}}{1:F01VZCRVECAAXXX5410610696}{2:09501717040402VZCRVECAAXXX40812675430404021720N}{3:{108:SCONNECT}}{4:
:20:MI081224
:25:2222222222
:28C:0526/105
:60M:C081224VEF000014522181,21
:61:081224C000000025000,00NTRF000000370829//180007
PAGO
:61:081224C000000006704,00NTRF000000371679//180007
PAGO
:61:081224C000000005000,00NTRF000000371651//180007
PAGO
:61:081224C000000000340,00NTRF000000371462//180007
PAGO
:61:081224C000000001000,00NTRF000000371229//180007
PAGO
:61:081224C000000002000,00NTRF000000371249//180007
PAGO
:61:081224C000000001000,00NTRF000000371441//180007
PAGO
:61:081224C000000002000,00NTRF000000372134//180007
PAGO
:61:081224C000000025000,00NTRF000000372121//180007
PAGO
:62M:C081224VEF000014590225,21
-}{5:{CHK:1143FB20924B}}{S:{COP:S}}${1:F21VZCRVECAAXXX5410610696}{4:{177:0404021720}{451:0}}{1:F01VZCRVECAAXXX5410610696}{2:09501717040402VZCRVECAAXXX40812675430404021720N}{3:{108:SCONNECT}}{4:
:20:MI081224
:25:2222222222
:28C:0526/106
:60M:C081224VEF000014590225,21
:61:081224C000000001000,00NTRF000000372057//180007
PAGO
:61:081224C000000000500,00NTRF000000371546//180007
PAGO
:61:081224C000000010000,00NTRF000000371670//180007
PAGO
:61:081224C000000025000,00NTRF000000370832//180007
PAGO
:61:081224C000000000650,00NTRF000000370878//180007
PAGO
:61:081224C000000002237,00NTRF000000370924//180007
PAGO
:61:081224C000000001000,00NTRF000000370928//180007
PAGO
:61:081224C000000004000,00NTRF000000370987//180007
PAGO
:61:081224C000000001000,00NTRF000000371012//180007
PAGO
:62M:C081224VEF000014635612,21
-}{5:{CHK:1143FB20924B}}{S:{COP:S}}${1:F21VZCRVECAAXXX5410610696}{4:{177:0404021720}{451:0}}{1:F01VZCRVECAAXXX5410610696}{2:09501717040402VZCRVECAAXXX40812675430404021720N}{3:{108:SCONNECT}}{4:
:20:MI081224
:25:2222222222
:28C:0526/107
:60M:C081224VEF000014635612,21
:61:081224C000000005400,00NTRF000000371021//180007
PAGO
:61:081224C000000000600,00NTRF000000371057//180007
PAGO
:61:081224C000002600846,65NTRF000000361873//180007
PAGO
:61:081224C000000194897,19NTRF000000361884//180007
PAGO
:61:081224C000000000177,84NTRF000000364648//180007
PAGO
:61:081224C000000000867,57NTRF000000364907//180007
PAGO
:61:081224D000017438401,46NTRF000020081224//180007
N/D
:62F:C081224VEF000000000000,00
-}{5:{CHK:96FA6004455F}}{S:{COP:S}}
