{1:F21VZCRVECAAXXX5410610696}{4:{177:0404021720}{451:0}}{1:F01VZCRVECAAXXX5410610696}{2:09501717040402VZCRVECAAXXX40812675430404021720N}{3:{108:SCONNECT}}{4:
:20:MI081226
:25:2222222222
:28C:0527/001
:60F:C081226VEF000000000000,00
:61:081226C000000009000,00NTRF000000000772//180007
PAGO
:61:081226C000000001034,00NTRF000000000677//180007
PAGO
:61:081226C000000004740,00NTRF000000000610//180007
PAGO
:61:081226C000000001711,91NTRF000000000538//180007
PAGO
:62M:C081226VEF000000016485,91
-}{5:{CHK:1143FB20924B}}{S:{COP:S}}${1:F21VZCRVECAAXXX5410610696}{4:{177:0404021720}{451:0}}{1:F01VZCRVECAAXXX5410610696}{2:09501717040402VZCRVECAAXXX40812675430404021720N}{3:{108:SCONNECT}}{4:
:20:MI081226
:25:2222222222
:28C:0527/002
:60M:C081226VEF000000016485,91
:61:081226C000000037950,48NTRF000000000481//180007
PAGO
:61:081226C000000016413,87NTRF000000000483//180007
PAGO
:61:081226C000000052500,00NTRF000000000447//180007
PAGO
:61:081226C000000005721,43NTRF000000000173//180007
PAGO
:61:081226C000000000430,05NTRF000002459001//180007
PAGO
:61:081226C000000000956,39NTRF000002459058//180007
PAGO
:61:081226C000000000710,06NTRF000002459064//180007
PAGO
:61:081226C000000002720,74NTRF000002459075//180007
PAGO
:61:081226C000000000664,17NTRF000002459081//180007
PAGO
:62M:C081226VEF000000134553,10
-}{5:{CHK:1143FB20924B}}{S:{COP:S}}${1:F21VZCRVECAAXXX5410610696}{4:{177:0404021720}{451:0}}{1:F01VZCRVECAAXXX5410610696}{2:09501717040402VZCRVECAAXXX40812675430404021720N}{3:{108:SCONNECT}}{4:
:20:MI081226
:25:2222222222
:28C:0527/003
:60M:C081226VEF000000134553,10
:61:081226C000000000552,15NTRF000002459609//180007
PAGO
:61:081226C000000000400,00NTRF000000377428//180007
PAGO
:61:081226C000000002000,00NTRF000000377521//180007
PAGO
:61:081226C000000001000,00NTRF000000377614//180007
PAGO
:61:081226C000000001700,00NTRF000000377648//180007
PAGO
:61:081226C000000000250,00NTRF000000376571//180007
PAGO
:61:081226C000000000780,00NTRF000000376573//180007
PAGO
:61:081226C000000002260,00NTRF000000376586//180007
PAGO
:61:081226C000000000500,00NTRF000000376590//180007
PAGO
:62M:C081226VEF000000143995,25
-}{5:{CHK:1143FB20924B}}{S:{COP:S}}${1:F21VZCRVECAAXXX5410610696}{4:{177:0404021720}{451:0}}{1:F01VZCRVECAAXXX5410610696}{2:09501717040402VZCRVECAAXXX40812675430404021720N}{3:{108:SCONNECT}}{4:
:20:MI081226
:25:2222222222
:28C:0527/004
:60M:C081226VEF000000143995,25
:61:081226C000000014636,12NTRF000002459593//180007
PAGO
:61:081226C000000000350,00NTRF000000377178//180007
PAGO
:61:081226C000000000112,76NTRF000000377301//180007
PAGO
:61:081226C000000003000,00NTRF000000377354//180007
PAGO
:61:081226C000000000900,00NTRF000000377356//180007
PAGO
:61:081226C000000004000,00NTRF000000377229//180007
PAGO
:61:081226C000000000100,00NTRF000000377163//180007
PAGO
:61:081226C000000000500,00NTRF000000377154//180007
PAGO
:61:081226C000000002086,00NTRF000026122008//180007
PAGO
:62M:C081226VEF000000169680,13
-}{5:{CHK:1143FB20924B}}{S:{COP:S}}${1:F21VZCRVECAAXXX5410610696}{4:{177:0404021720}{451:0}}{1:F01VZCRVECAAXXX5410610696}{2:09501717040402VZCRVECAAXXX40812675430404021720N}{3:{108:SCONNECT}}{4:
:20:MI081226
:25:2222222222
:28C:0527/005
:60M:C081226VEF000000169680,13
:61:081226C000000005000,00NTRF000026122008//180007
PAGO
:61:081226C000000000800,00NTRF000026122008//180007
PAGO
:61:081226C000000000800,00NTRF000026122008//180007
PAGO
:61:081226C000000000180,00NTRF000026122008//180007
PAGO
:61:081226C000000000110,00NTRF000026122008//180007
PAGO
:61:081226C000000000110,00NTRF000026122008//180007
PAGO
:61:081226C000000000220,00NTRF000026122008//180007
PAGO
:61:081226C000000000300,00NTRF000026122008//180007
PAGO
:61:081226C000000000100,00NTRF000026122008//180007
PAGO
:62M:C081226VEF000000177300,13
-}{5:{CHK:1143FB20924B}}{S:{COP:S}}${1:F21VZCRVECAAXXX5410610696}{4:{177:0404021720}{451:0}}{1:F01VZCRVECAAXXX5410610696}{2:09501717040402VZCRVECAAXXX40812675430404021720N}{3:{108:SCONNECT}}{4:
:20:MI081226
:25:2222222222
:28C:0527/006
:60M:C081226VEF000000177300,13
:61:081226C000000000220,00NTRF000026122008//180007
PAGO
:61:081226C000000000200,00NTRF000026122008//180007
PAGO
:61:081226C000000000150,00NTRF000026122008//180007
PAGO
:61:081226C000000001000,00NTRF000026122008//180007
PAGO
:61:081226C000000000365,00NTRF000026122008//180007
PAGO
:61:081226C000000010500,00NTRF000026122008//180007
PAGO
:61:081226C000000000500,00NTRF000026122008//180007
PAGO
:61:081226C000000000500,00NTRF000026122008//180007
PAGO
:61:081226C000000000200,00NTRF000026122008//180007
PAGO
:62M:C081226VEF000000190935,13
-}{5:{CHK:1143FB20924B}}{S:{COP:S}}${1:F21VZCRVECAAXXX5410610696}{4:{177:0404021720}{451:0}}{1:F01VZCRVECAAXXX5410610696}{2:09501717040402VZCRVECAAXXX40812675430404021720N}{3:{108:SCONNECT}}{4:
:20:MI081226
:25:2222222222
:28C:0527/007
:60M:C081226VEF000000190935,13
:61:081226C000000000293,91NTRF000002459083//180007
PAGO
:61:081226C000000000700,00NTRF000000374327//180007
PAGO
:61:081226C000000001000,00NTRF000000374359//180007
PAGO
:61:081226C000000000120,00NTRF000000374361//180007
PAGO
:61:081226C000000000216,00NTRF000000374371//180007
PAGO
:61:081226C000000002400,00NTRF000000374385//180007
PAGO
:61:081226C000000000125,00NTRF000000374397//180007
PAGO
:61:081226C000000002500,00NTRF000000374408//180007
PAGO
:61:081226C000000000200,00NTRF000000374409//180007
PAGO
:62M:C081226VEF000000198490,04
-}{5:{CHK:1143FB20924B}}{S:{COP:S}}${1:F21VZCRVECAAXXX5410610696}{4:{177:0404021720}{451:0}}{1:F01VZCRVECAAXXX5410610696}{2:09501717040402VZCRVECAAXXX40812675430404021720N}{3:{108:SCONNECT}}{4:
:20:MI081226
:25:2222222222
:28C:0527/008
:60M:C081226VEF000000198490,04
:61:081226C000000005398,00NTRF000000374443//180007
PAGO
:61:081226C000000006000,00NTRF000000374471//180007
PAGO
:61:081226C000000000147,50NTRF000000374489//180007
PAGO
:61:081226C000000000830,00NTRF000000374503//180007
PAGO
:61:081226C000000000400,00NTRF000000374617//180007
PAGO
:61:081226C000000000200,00NTRF000000374110//180007
PAGO
:61:081226C000000002000,00NTRF000000374185//180007
PAGO
:61:081226C000000003000,00NTRF000000374197//180007
PAGO
:61:081226C000000000750,00NTRF000000374205//180007
PAGO
:62M:C081226VEF000000217215,54
-}{5:{CHK:1143FB20924B}}{S:{COP:S}}${1:F21VZCRVECAAXXX5410610696}{4:{177:0404021720}{451:0}}{1:F01VZCRVECAAXXX5410610696}{2:09501717040402VZCRVECAAXXX40812675430404021720N}{3:{108:SCONNECT}}{4:
:20:MI081226
:25:2222222222
:28C:0527/009
:60M:C081226VEF000000217215,54
:61:081226C000000000700,00NTRF000000374218//180007
PAGO
:61:081226C000000000700,00NTRF000000374233//180007
PAGO
:61:081226C000000001946,00NTRF000000374243//180007
PAGO
:61:081226C000000000358,00NTRF000000374253//180007
PAGO
:61:081226C000000000250,00NTRF000000374258//180007
PAGO
:61:081226C000000000631,04NTRF000000374262//180007
PAGO
:61:081226C000000002506,00NTRF000000374278//180007
PAGO
:61:081226C000000000500,00NTRF000000374302//180007
PAGO
:61:081226C000000001290,00NTRF000000374321//180007
PAGO
:62M:C081226VEF000000226096,58
-}{5:{CHK:1143FB20924B}}{S:{COP:S}}${1:F21VZCRVECAAXXX5410610696}{4:{177:0404021720}{451:0}}{1:F01VZCRVECAAXXX5410610696}{2:09501717040402VZCRVECAAXXX40812675430404021720N}{3:{108:SCONNECT}}{4:
:20:MI081226
:25:2222222222
:28C:0527/010
:60M:C081226VEF000000226096,58
:61:081226C000000001120,00NTRF000000373575//180007
PAGO
:61:081226C000000000069,00NTRF000000373637//180007
PAGO
:61:081226C000000000150,00NTRF000000373671//180007
PAGO
:61:081226C000000000493,00NTRF000000373814//180007
PAGO
:61:081226C000000000250,00NTRF000000373825//180007
PAGO
:61:081226C000000000120,00NTRF000000373928//180007
PAGO
:61:081226C000000000500,00NTRF000000373960//180007
PAGO
:61:081226C000000001350,00NTRF000000373967//180007
PAGO
:61:081226C000000000900,00NTRF000000373973//180007
PAGO
:62M:C081226VEF000000231048,58
-}{5:{CHK:1143FB20924B}}{S:{COP:S}}${1:F21VZCRVECAAXXX5410610696}{4:{177:0404021720}{451:0}}{1:F01VZCRVECAAXXX5410610696}{2:09501717040402VZCRVECAAXXX40812675430404021720N}{3:{108:SCONNECT}}{4:
:20:MI081226
:25:2222222222
:28C:0527/011
:60M:C081226VEF000000231048,58
:61:081226C000000006804,57NTRF000000374009//180007
PAGO
:61:081226C000000000050,00NTRF000000374040//180007
PAGO
:61:081226C000000000250,00NTRF000000374051//180007
PAGO
:61:081226C000000003700,00NTRF000000374055//180007
PAGO
:61:081226C000000000600,00NTRF000000373289//180007
PAGO
:61:081226C000000001000,00NTRF000000373300//180007
PAGO
:61:081226C000000000300,00NTRF000000373324//180007
PAGO
:61:081226C000000000400,00NTRF000000373328//180007
PAGO
:61:081226C000000007000,00NTRF000000373350//180007
PAGO
:62M:C081226VEF000000251153,15
-}{5:{CHK:1143FB20924B}}{S:{COP:S}}${1:F21VZCRVECAAXXX5410610696}{4:{177:0404021720}{451:0}}{1:F01VZCRVECAAXXX5410610696}{2:09501717040402VZCRVECAAXXX40812675430404021720N}{3:{108:SCONNECT}}{4:
:20:MI081226
:25:2222222222
:28C:0527/012
:60M:C081226VEF000000251153,15
:61:081226C000000002900,00NTRF000000373436//180007
PAGO
:61:081226C000000010000,00NTRF000000373440//180007
PAGO
:61:081226C000000000500,00NTRF000000373454//180007
PAGO
:61:081226C000000015000,00NTRF000000373466//180007
PAGO
:61:081226C000000000700,00NTRF000000373495//180007
PAGO
:61:081226C000000028473,44NTRF000084089434//180007
PAGO
:61:081226C000000011379,63NTRF000084089272//180007
PAGO
:61:081226C000000002673,48NTRF000084089154//180007
PAGO
:61:081226C000000001472,00NTRF000084090193//180007
PAGO
:62M:C081226VEF000000324251,70
-}{5:{CHK:1143FB20924B}}{S:{COP:S}}${1:F21VZCRVECAAXXX5410610696}{4:{177:0404021720}{451:0}}{1:F01VZCRVECAAXXX5410610696}{2:09501717040402VZCRVECAAXXX40812675430404021720N}{3:{108:SCONNECT}}{4:
:20:MI081226
:25:2222222222
:28C:0527/013
:60M:C081226VEF000000324251,70
:61:081226C000000002359,04NTRF000084103040//180007
PAGO
:61:081226C000000000507,16NTRF000084094695//180007
PAGO
:61:081226C000000021046,59NTRF000084097510//180007
PAGO
:61:081226C000000004147,20NTRF000084097635//180007
PAGO
:61:081226C000000001214,92NTRF000084097753//180007
PAGO
:61:081226C000000005050,54NTRF000084098394//180007
PAGO
:61:081226C000000000543,74NTRF000084099794//180007
PAGO
:61:081226C000000052500,00NTRF000084100170//180007
PAGO
:61:081226C000000004087,53NTRF000084082084//180007
PAGO
:62M:C081226VEF000000415708,42
-}{5:{CHK:1143FB20924B}}{S:{COP:S}}${1:F21VZCRVECAAXXX5410610696}{4:{177:0404021720}{451:0}}{1:F01VZCRVECAAXXX5410610696}{2:09501717040402VZCRVECAAXXX40812675430404021720N}{3:{108:SCONNECT}}{4:
:20:MI081226
:25:2222222222
:28C:0527/014
:60M:C081226VEF000000415708,42
:61:081226C000000003590,00NTRF000084091232//180007
PAGO
:61:081226C000000045215,00NTRF000084091394//180007
PAGO
:61:081226C000000001712,60NTRF000084093634//180007
PAGO
:61:081226C000000003507,03NTRF000084094076//180007
PAGO
:61:081226C000000000867,87NTRF000084082095//180007
PAGO
:61:081226C000000000652,86NTRF000084082121//180007
PAGO
:61:081226C000000002505,72NTRF000084085470//180007
PAGO
:61:081226C000000006863,58NTRF000084086531//180007
PAGO
:61:081226C000000000756,65NTRF000084082563//180007
PAGO
:62M:C081226VEF000000481379,73
-}{5:{CHK:1143FB20924B}}{S:{COP:S}}${1:F21VZCRVECAAXXX5410610696}{4:{177:0404021720}{451:0}}{1:F01VZCRVECAAXXX5410610696}{2:09501717040402VZCRVECAAXXX40812675430404021720N}{3:{108:SCONNECT}}{4:
:20:MI081226
:25:2222222222
:28C:0527/015
:60M:C081226VEF000000481379,73
:61:081226C000000000617,13NTRF000084084195//180007
PAGO
:61:081226C000000008305,09NTRF000084084571//180007
PAGO
:61:081226C000000000784,71NTRF000084084615//180007
PAGO
:61:081226C000000007777,99NTRF000084084674//180007
PAGO
:61:081226C000000003200,00NTRF000084087673//180007
PAGO
:61:081226C000000002022,19NTRF000084087710//180007
PAGO
:61:081226C000000099573,88NTRF000084087894//180007
PAGO
:61:081226C000000002060,00NTRF000084088034//180007
PAGO
:61:081226C000000025547,54NTRF000084088115//180007
PAGO
:62M:C081226VEF000000631268,26
-}{5:{CHK:1143FB20924B}}{S:{COP:S}}${1:F21VZCRVECAAXXX5410610696}{4:{177:0404021720}{451:0}}{1:F01VZCRVECAAXXX5410610696}{2:09501717040402VZCRVECAAXXX40812675430404021720N}{3:{108:SCONNECT}}{4:
:20:MI081226
:25:2222222222
:28C:0527/016
:60M:C081226VEF000000631268,26
:61:081226C000000001052,15NTRF000084088270//180007
PAGO
:61:081226C000000080941,23NTRF000084088852//180007
PAGO
:61:081226C000000089295,55NTRF000084089095//180007
PAGO
:61:081226C000000002310,85NTRF000084094570//180007
PAGO
:61:081226C000000000838,15NTRF000084103180//180007
PAGO
:61:081226C000000001418,83NTRF000084103224//180007
PAGO
:61:081226C000000009947,56NTRF000084103666//180007
PAGO
:61:081226C000000000399,62NTRF000084103751//180007
PAGO
:61:081226C000000000270,21NTRF000084086796//180007
PAGO
:62M:C081226VEF000000817742,41
-}{5:{CHK:1143FB20924B}}{S:{COP:S}}${1:F21VZCRVECAAXXX5410610696}{4:{177:0404021720}{451:0}}{1:F01VZCRVECAAXXX5410610696}{2:09501717040402VZCRVECAAXXX40812675430404021720N}{3:{108:SCONNECT}}{4:
:20:MI081226
:25:2222222222
:28C:0527/017
:60M:C081226VEF000000817742,41
:61:081226C000000000979,02NTRF000084086811//180007
PAGO
:61:081226C000000005835,43NTRF000084087253//180007
PAGO
:61:081226C000000002156,87NTRF000084087474//180007
PAGO
:61:081226C000000000053,17NTRF000084087614//180007
PAGO
:61:081226C000000001905,68NTRF000084103110//180007
PAGO
:61:081226C000000000319,60NTRF000084102491//180007
PAGO
:61:081226C000000022574,85NTRF000084089110//180007
PAGO
:61:081226C000000005000,00NTRF000084063652//180007
PAGO
:61:081226C000000002000,00NTRF000084063836//180007
PAGO
:62M:C081226VEF000000858567,03
-}{5:{CHK:1143FB20924B}}{S:{COP:S}}${1:F21VZCRVECAAXXX5410610696}{4:{177:0404021720}{451:0}}{1:F01VZCRVECAAXXX5410610696}{2:09501717040402VZCRVECAAXXX40812675430404021720N}{3:{108:SCONNECT}}{4:
:20:MI081226
:25:2222222222
:28C:0527/018
:60M:C081226VEF000000858567,03
:61:081226C000000000523,00NTRF000084077000//180007
PAGO
:61:081226C000000000500,00NTRF000084078525//180007
PAGO
:61:081226C000000000300,00NTRF000084077335//180007
PAGO
:61:081226C000000001245,00NTRF000084078116//180007
PAGO
:61:081226C000000005000,00NTRF000084058531//180007
PAGO
:61:081226C000000004000,00NTRF000084057046//180007
PAGO
:61:081226C000000000200,00NTRF000084056394//180007
PAGO
:61:081226C000000000500,00NTRF000084054795//180007
PAGO
:61:081226C000000000120,00NTRF000084043816//180007
PAGO
:62M:C081226VEF000000870955,03
-}{5:{CHK:1143FB20924B}}{S:{COP:S}}${1:F21VZCRVECAAXXX5410610696}{4:{177:0404021720}{451:0}}{1:F01VZCRVECAAXXX5410610696}{2:09501717040402VZCRVECAAXXX40812675430404021720N}{3:{108:SCONNECT}}{4:
:20:MI081226
:25:2222222222
:28C:0527/019
:60M:C081226VEF000000870955,03
:61:081226C000000000080,00NTRF000084044800//180007
PAGO
:61:081226C000000005000,00NTRF000084050724//180007
PAGO
:61:081226C000000000150,00NTRF000084052743//180007
PAGO
:61:081226C000000000400,00NTRF000084054235//180007
PAGO
:61:081226C000000001100,00NTRF000084067340//180007
PAGO
:61:081226C000000005000,00NTRF000084076226//180007
PAGO
:61:081226C000000000306,00NTRF000084059452//180007
PAGO
:61:081226C000000002000,00NTRF000084059684//180007
PAGO
:61:081226C000000003250,00NTRF000084059754//180007
PAGO
:62M:C081226VEF000000888241,03
-}{5:{CHK:1143FB20924B}}{S:{COP:S}}${1:F21VZCRVECAAXXX5410610696}{4:{177:0404021720}{451:0}}{1:F01VZCRVECAAXXX5410610696}{2:09501717040402VZCRVECAAXXX40812675430404021720N}{3:{108:SCONNECT}}{4:
:20:MI081226
:25:2222222222
:28C:0527/020
:60M:C081226VEF000000888241,03
:61:081226C000000000200,00NTRF000084060804//180007
PAGO
:61:081226C000000004500,00NTRF000084061611//180007
PAGO
:61:081226C000000001600,00NTRF000084061843//180007
PAGO
:61:081226C000000003000,00NTRF000084062926//180007
PAGO
:61:081226C000000004000,00NTRF000084065693//180007
PAGO
:61:081226C000000005000,00NTRF000084070954//180007
PAGO
:61:081226C000000000650,00NTRF000084071094//180007
PAGO
:61:081226C000000000270,00NTRF000084072284//180007
PAGO
:61:081226C000000001000,00NTRF000084073533//180007
PAGO
:62M:C081226VEF000000908461,03
-}{5:{CHK:1143FB20924B}}{S:{COP:S}}${1:F21VZCRVECAAXXX5410610696}{4:{177:0404021720}{451:0}}{1:F01VZCRVECAAXXX5410610696}{2:09501717040402VZCRVECAAXXX40812675430404021720N}{3:{108:SCONNECT}}{4:
:20:MI081226
:25:2222222222
:28C:0527/021
:60M:C081226VEF000000908461,03
:61:081226C000000000500,00NTRF000084073636//180007
PAGO
:61:081226C000000000800,00NTRF000084074126//180007
PAGO
:61:081226C000000000500,00NTRF000084075375//180007
PAGO
:61:081226C000000001000,00NTRF000084075434//180007
PAGO
:61:081226C000000003500,00NTRF000084075460//180007
PAGO
:61:081226C000000000500,00NTRF000084070431//180007
PAGO
:61:081226C000000002000,00NTRF000084065645//180007
PAGO
:61:081226C000000007500,00NTRF000084053804//180007
PAGO
:61:081226C000000000500,00NTRF000084051623//180007
PAGO
:62M:C081226VEF000000925261,03
-}{5:{CHK:1143FB20924B}}{S:{COP:S}}${1:F21VZCRVECAAXXX5410610696}{4:{177:0404021720}{451:0}}{1:F01VZCRVECAAXXX5410610696}{2:09501717040402VZCRVECAAXXX40812675430404021720N}{3:{108:SCONNECT}}{4:
:20:MI081226
:25:2222222222
:28C:0527/022
:60M:C081226VEF000000925261,03
:61:081226C000000000307,00NTRF000084048392//180007
PAGO
:61:081226C000000000150,00NTRF000084043971//180007
PAGO
:61:081226C000000001500,00NTRF000084040843//180007
PAGO
:61:081226C000000004000,00NTRF000084077685//180007
PAGO
:61:081226C000000001000,00NTRF000084077556//180007
PAGO
:61:081226C000000001000,00NTRF000084072332//180007
PAGO
:61:081226C000000005500,00NTRF000084043945//180007
PAGO
:61:081226C000000000200,00NTRF000084077361//180007
PAGO
:61:081226C000000001000,00NTRF000084062602//180007
PAGO
:62M:C081226VEF000000939918,03
-}{5:{CHK:1143FB20924B}}{S:{COP:S}}${1:F21VZCRVECAAXXX5410610696}{4:{177:0404021720}{451:0}}{1:F01VZCRVECAAXXX5410610696}{2:09501717040402VZCRVECAAXXX40812675430404021720N}{3:{108:SCONNECT}}{4:
:20:MI081226
:25:2222222222
:28C:0527/023
:60M:C081226VEF000000939918,03
:61:081226C000000003500,00NTRF000000000279//180007
PAGO
:61:081226C000000010273,37NTRF000000000213//180007
PAGO
:61:081226C000000001783,86NTRF000000000216//180007
PAGO
:61:081226C000000004530,70NTRF000000000221//180007
PAGO
:61:081226C000000004681,78NTRF000000000223//180007
PAGO
:61:081226C000000003726,21NTRF000000000020//180007
PAGO
:61:081226C000000000965,35NTRF000000000864//180007
PAGO
:61:081226C000000086938,89NTRF000000000596//180007
PAGO
:61:081226C000000003604,80NTRF000081226112//180007
PAGO
:62M:C081226VEF000001059922,99
-}{5:{CHK:1143FB20924B}}{S:{COP:S}}${1:F21VZCRVECAAXXX5410610696}{4:{177:0404021720}{451:0}}{1:F01VZCRVECAAXXX5410610696}{2:09501717040402VZCRVECAAXXX40812675430404021720N}{3:{108:SCONNECT}}{4:
:20:MI081226
:25:2222222222
:28C:0527/024
:60M:C081226VEF000001059922,99
:61:081226C000000000375,00NTRF000081226109//180007
PAGO
:61:081226C000000000626,67NTRF000081226113//180007
PAGO
:61:081226C000000005000,00NTRF000000000000//180007
PAGO
:61:081226C000000000750,00NTRF000000084441//180007
PAGO
:61:081226C000000007000,00NTRF000000084575//180007
PAGO
:61:081226C000000002500,00NTRF000031038266//180007
PAGO
:61:081226C000000005000,00NTRF000084109616//180007
PAGO
:61:081226C000000002274,59NTRF000084110530//180007
PAGO
:61:081226C000000005000,00NTRF000084124935//180007
PAGO
:62M:C081226VEF000001088449,25
-}{5:{CHK:1143FB20924B}}{S:{COP:S}}${1:F21VZCRVECAAXXX5410610696}{4:{177:0404021720}{451:0}}{1:F01VZCRVECAAXXX5410610696}{2:09501717040402VZCRVECAAXXX40812675430404021720N}{3:{108:SCONNECT}}{4:
:20:MI081226
:25:2222222222
:28C:0527/025
:60M:C081226VEF000001088449,25
:61:081226C000000003000,00NTRF000084142531//180007
PAGO
:61:081226C000000003000,00NTRF000084143356//180007
PAGO
:61:081226C000000001000,00NTRF000084141621//180007
PAGO
:61:081226C000000002000,00NTRF000084109034//180007
PAGO
:61:081226C000000007000,00NTRF000084107376//180007
PAGO
:61:081226C000000000675,00NTRF000084158605//180007
PAGO
:61:081226C000000005000,00NTRF000084158395//180007
PAGO
:61:081226C000000003000,00NTRF000084148164//180007
PAGO
:61:081226C000000003000,00NTRF000084150426//180007
PAGO
:62M:C081226VEF000001116124,25
-}{5:{CHK:1143FB20924B}}{S:{COP:S}}${1:F21VZCRVECAAXXX5410610696}{4:{177:0404021720}{451:0}}{1:F01VZCRVECAAXXX5410610696}{2:09501717040402VZCRVECAAXXX40812675430404021720N}{3:{108:SCONNECT}}{4:
:20:MI081226
:25:2222222222
:28C:0527/026
:60M:C081226VEF000001116124,25
:61:081226C000000002000,00NTRF000084155595//180007
PAGO
:61:081226C000000000920,00NTRF000084158060//180007
PAGO
:61:081226C000000001000,00NTRF000084134702//180007
PAGO
:61:081226C000000000100,00NTRF000084135435//180007
PAGO
:61:081226C000000002000,00NTRF000084120503//180007
PAGO
:61:081226C000000002623,00NTRF000084121704//180007
PAGO
:61:081226C000000005000,00NTRF000084123465//180007
PAGO
:61:081226C000000005000,00NTRF000084123734//180007
PAGO
:61:081226C000000001000,00NTRF000084124471//180007
PAGO
:62M:C081226VEF000001135767,25
-}{5:{CHK:1143FB20924B}}{S:{COP:S}}${1:F21VZCRVECAAXXX5410610696}{4:{177:0404021720}{451:0}}{1:F01VZCRVECAAXXX5410610696}{2:09501717040402VZCRVECAAXXX40812675430404021720N}{3:{108:SCONNECT}}{4:
:20:MI081226
:25:2222222222
:28C:0527/027
:60M:C081226VEF000001135767,25
:61:081226C000000000600,00NTRF000084127271//180007
PAGO
:61:081226C000000004500,00NTRF000084127540//180007
PAGO
:61:081226C000000000345,00NTRF000084127934//180007
PAGO
:61:081226C000000001000,00NTRF000084116594//180007
PAGO
:61:081226C000000000716,00NTRF000084116745//180007
PAGO
:61:081226C000000002000,00NTRF000084117003//180007
PAGO
:61:081226C000000000900,00NTRF000084118506//180007
PAGO
:61:081226C000000001000,00NTRF000084118554//180007
PAGO
:61:081226C000000000440,00NTRF000084118613//180007
PAGO
:62M:C081226VEF000001147268,25
-}{5:{CHK:1143FB20924B}}{S:{COP:S}}${1:F21VZCRVECAAXXX5410610696}{4:{177:0404021720}{451:0}}{1:F01VZCRVECAAXXX5410610696}{2:09501717040402VZCRVECAAXXX40812675430404021720N}{3:{108:SCONNECT}}{4:
:20:MI081226
:25:2222222222
:28C:0527/028
:60M:C081226VEF000001147268,25
:61:081226C000000000050,00NTRF000084119324//180007
PAGO
:61:081226C000000000015,00NTRF000084119464//180007
PAGO
:61:081226C000000003000,00NTRF000084111963//180007
PAGO
:61:081226C000000005000,00NTRF000084113002//180007
PAGO
:61:081226C000000002500,00NTRF000084114601//180007
PAGO
:61:081226C000000000600,00NTRF000084104716//180007
PAGO
:61:081226C000000001000,00NTRF000084104775//180007
PAGO
:61:081226C000000001000,00NTRF000084104812//180007
PAGO
:61:081226C000000000500,00NTRF000084104963//180007
PAGO
:62M:C081226VEF000001160933,25
-}{5:{CHK:1143FB20924B}}{S:{COP:S}}${1:F21VZCRVECAAXXX5410610696}{4:{177:0404021720}{451:0}}{1:F01VZCRVECAAXXX5410610696}{2:09501717040402VZCRVECAAXXX40812675430404021720N}{3:{108:SCONNECT}}{4:
:20:MI081226
:25:2222222222
:28C:0527/029
:60M:C081226VEF000001160933,25
:61:081226C000000001000,00NTRF000084105022//180007
PAGO
:61:081226C000000003000,00NTRF000084106503//180007
PAGO
:61:081226C000000003000,00NTRF000084111053//180007
PAGO
:61:081226C000000000120,00NTRF000084111425//180007
PAGO
:61:081226C000000000120,00NTRF000084111510//180007
PAGO
:61:081226C000000005000,00NTRF000084130060//180007
PAGO
:61:081226C000000000400,00NTRF000084130270//180007
PAGO
:61:081226C000000006000,00NTRF000084130992//180007
PAGO
:61:081226C000000000151,00NTRF000084132801//180007
PAGO
:62M:C081226VEF000001179724,25
-}{5:{CHK:1143FB20924B}}{S:{COP:S}}${1:F21VZCRVECAAXXX5410610696}{4:{177:0404021720}{451:0}}{1:F01VZCRVECAAXXX5410610696}{2:09501717040402VZCRVECAAXXX40812675430404021720N}{3:{108:SCONNECT}}{4:
:20:MI081226
:25:2222222222
:28C:0527/030
:60M:C081226VEF000001179724,25
:61:081226C000000003000,00NTRF000084114660//180007
PAGO
:61:081226C000000000503,00NTRF000084114693//180007
PAGO
:61:081226C000000000490,00NTRF000084114870//180007
PAGO
:61:081226C000000003000,00NTRF000084115474//180007
PAGO
:61:081226C000000001500,00NTRF000084115791//180007
PAGO
:61:081226C000000159381,52NTRF000084137045//180007
PAGO
:61:081226C000000159381,53NTRF000084137185//180007
PAGO
:61:081226C000000000200,00NTRF000084138250//180007
PAGO
:61:081226C000000000140,00NTRF000084138784//180007
PAGO
:62M:C081226VEF000001507320,30
-}{5:{CHK:1143FB20924B}}{S:{COP:S}}${1:F21VZCRVECAAXXX5410610696}{4:{177:0404021720}{451:0}}{1:F01VZCRVECAAXXX5410610696}{2:09501717040402VZCRVECAAXXX40812675430404021720N}{3:{108:SCONNECT}}{4:
:20:MI081226
:25:2222222222
:28C:0527/031
:60M:C081226VEF000001507320,30
:61:081226C000000000050,00NTRF000084139333//180007
PAGO
:61:081226C000000004000,00NTRF000084139624//180007
PAGO
:61:081226C000000001000,00NTRF000084139871//180007
PAGO
:61:081226C000000003000,00NTRF000084141083//180007
PAGO
:61:081226C000000002400,00NTRF000084119921//180007
PAGO
:61:081226C000000000350,00NTRF000084136835//180007
PAGO
:61:081226C000000001480,00NTRF000084135332//180007
PAGO
:61:081226C000000000010,00NTRF000084134385//180007
PAGO
:61:081226C000000002000,00NTRF000084156052//180007
PAGO
:62M:C081226VEF000001521610,30
-}{5:{CHK:1143FB20924B}}{S:{COP:S}}${1:F21VZCRVECAAXXX5410610696}{4:{177:0404021720}{451:0}}{1:F01VZCRVECAAXXX5410610696}{2:09501717040402VZCRVECAAXXX40812675430404021720N}{3:{108:SCONNECT}}{4:
:20:MI081226
:25:2222222222
:28C:0527/032
:60M:C081226VEF000001521610,30
:61:081226C000000002300,00NTRF000084154033//180007
PAGO
:61:081226C000000002300,00NTRF000084149225//180007
PAGO
:61:081226C000000000465,75NTRF000084147803//180007
PAGO
:61:081226C000000000545,00NTRF000084146355//180007
PAGO
:61:081226C000000002400,00NTRF000084144830//180007
PAGO
:61:081226C000000000100,00NTRF000084125823//180007
PAGO
:61:081226C000000000393,00NTRF000084137200//180007
PAGO
:61:081226C000000000989,00NTRF000084137141//180007
PAGO
:61:081226C000000000300,00NTRF000084123340//180007
PAGO
:62M:C081226VEF000001531403,05
-}{5:{CHK:1143FB20924B}}{S:{COP:S}}${1:F21VZCRVECAAXXX5410610696}{4:{177:0404021720}{451:0}}{1:F01VZCRVECAAXXX5410610696}{2:09501717040402VZCRVECAAXXX40812675430404021720N}{3:{108:SCONNECT}}{4:
:20:MI081226
:25:2222222222
:28C:0527/033
:60M:C081226VEF000001531403,05
:61:081226C000000000550,00NTRF000084105803//180007
PAGO
:61:081226C000000000500,00NTRF000084136651//180007
PAGO
:61:081226C000000010000,00NTRF000000001358//180007
PAGO
:61:081226C000000001867,00NTRF000000001251//180007
PAGO
:61:081226C000000000168,00NTRF000000001094//180007
PAGO
:61:081226C000000010000,00NTRF000000001359//180007
PAGO
:61:081226C000000011197,94NTRF000000001447//180007
PAGO
:61:081226C000000009982,95NTRF000000001451//180007
PAGO
:61:081226C000000001884,86NTRF000000001464//180007
PAGO
:62M:C081226VEF000001577553,80
-}{5:{CHK:1143FB20924B}}{S:{COP:S}}${1:F21VZCRVECAAXXX5410610696}{4:{177:0404021720}{451:0}}{1:F01VZCRVECAAXXX5410610696}{2:09501717040402VZCRVECAAXXX40812675430404021720N}{3:{108:SCONNECT}}{4:
:20:MI081226
:25:2222222222
:28C:0527/034
:60M:C081226VEF000001577553,80
:61:081226C000000005000,00NTRF000000261208//180007
PAGO
:61:081226C000000000500,00NTRF000056690589//180007
PAGO
:61:081226C000000001425,00NTRF000000443226//180007
PAGO
:61:081226C000000001000,00NTRF000056573339//180007
PAGO
:61:081226C000000000200,00NTRF000056689359//180007
PAGO
:61:081226C000000000425,00NTRF000056677163//180007
PAGO
:61:081226C000000002570,00NTRF000056687135//180007
PAGO
:61:081226C000000000300,00NTRF000056686996//180007
PAGO
:61:081226C000000000800,00NTRF000056622673//180007
PAGO
:62M:C081226VEF000001589773,80
-}{5:{CHK:1143FB20924B}}{S:{COP:S}}${1:F21VZCRVECAAXXX5410610696}{4:{177:0404021720}{451:0}}{1:F01VZCRVECAAXXX5410610696}{2:09501717040402VZCRVECAAXXX40812675430404021720N}{3:{108:SCONNECT}}{4:
:20:MI081226
:25:2222222222
:28C:0527/035
:60M:C081226VEF000001589773,80
:61:081226C000000000238,00NTRF000056592259//180007
PAGO
:61:081226C000000002856,00NTRF000000000148//180007
PAGO
:61:081226C000000005000,00NTRF000000556496//180007
PAGO
:61:081226C000000000900,00NTRF000000556757//180007
PAGO
:61:081226C000000000300,00NTRF000000416339//180007
PAGO
:61:081226C000000002000,00NTRF000000416314//180007
PAGO
:61:081226C000000008841,93NTRF000000416289//180007
PAGO
:61:081226C000000000791,21NTRF000000416279//180007
PAGO
:61:081226C000000000722,00NTRF000000416036//180007
PAGO
:62M:C081226VEF000001611422,94
-}{5:{CHK:1143FB20924B}}{S:{COP:S}}${1:F21VZCRVECAAXXX5410610696}{4:{177:0404021720}{451:0}}{1:F01VZCRVECAAXXX5410610696}{2:09501717040402VZCRVECAAXXX40812675430404021720N}{3:{108:SCONNECT}}{4:
:20:MI081226
:25:2222222222
:28C:0527/036
:60M:C081226VEF000001611422,94
:61:081226C000000006000,00NTRF000000412783//180007
PAGO
:61:081226C000000010000,00NTRF000000416333//180007
PAGO
:61:081226C000000001100,00NTRF000000417078//180007
PAGO
:61:081226C000000000410,00NTRF000000417045//180007
PAGO
:61:081226C000000000850,00NTRF000000416994//180007
PAGO
:61:081226C000000002739,00NTRF000000416963//180007
PAGO
:61:081226C000000000250,00NTRF000000416629//180007
PAGO
:61:081226C000000003800,00NTRF000000416585//180007
PAGO
:61:081226C000000002315,00NTRF000000416560//180007
PAGO
:62M:C081226VEF000001638886,94
-}{5:{CHK:1143FB20924B}}{S:{COP:S}}${1:F21VZCRVECAAXXX5410610696}{4:{177:0404021720}{451:0}}{1:F01VZCRVECAAXXX5410610696}{2:09501717040402VZCRVECAAXXX40812675430404021720N}{3:{108:SCONNECT}}{4:
:20:MI081226
:25:2222222222
:28C:0527/037
:60M:C081226VEF000001638886,94
:61:081226C000000001500,00NTRF000000417232//180007
PAGO
:61:081226C000000007000,00NTRF000000289178//180007
PAGO
:61:081226C000000000500,00NTRF000000417440//180007
PAGO
:61:081226C000000001033,00NTRF000000417291//180007
PAGO
:61:081226C000000000270,00NTRF000000417262//180007
PAGO
:61:081226C000000000450,00NTRF000000289162//180007
PAGO
:61:081226C000000000100,00NTRF000000289706//180007
PAGO
:61:081226C000000001000,00NTRF000000289788//180007
PAGO
:61:081226C000000001248,00NTRF000000059352//180007
PAGO
:62M:C081226VEF000001651987,94
-}{5:{CHK:1143FB20924B}}{S:{COP:S}}${1:F21VZCRVECAAXXX5410610696}{4:{177:0404021720}{451:0}}{1:F01VZCRVECAAXXX5410610696}{2:09501717040402VZCRVECAAXXX40812675430404021720N}{3:{108:SCONNECT}}{4:
:20:MI081226
:25:2222222222
:28C:0527/038
:60M:C081226VEF000001651987,94
:61:081226C000000000536,00NTRF000000059861//180007
PAGO
:61:081226C000000000050,00NTRF000000059845//180007
PAGO
:61:081226C000000005000,00NTRF000000059614//180007
PAGO
:61:081226C000000003000,00NTRF000000059513//180007
PAGO
:61:081226C000000000350,00NTRF000000059598//180007
PAGO
:61:081226C000000002100,00NTRF000000059670//180007
PAGO
:61:081226C000000000800,00NTRF000000059487//180007
PAGO
:61:081226C000000000942,25NTRF000000045939//180007
PAGO
:61:081226C000000001000,00NTRF000000045729//180007
PAGO
:62M:C081226VEF000001665766,19
-}{5:{CHK:1143FB20924B}}{S:{COP:S}}${1:F21VZCRVECAAXXX5410610696}{4:{177:0404021720}{451:0}}{1:F01VZCRVECAAXXX5410610696}{2:09501717040402VZCRVECAAXXX40812675430404021720N}{3:{108:SCONNECT}}{4:
:20:MI081226
:25:2222222222
:28C:0527/039
:60M:C081226VEF000001665766,19
:61:081226C000000000500,00NTRF000000045338//180007
PAGO
:61:081226C000000018000,00NTRF000000045252//180007
PAGO
:61:081226C000000000200,00NTRF000000045033//180007
PAGO
:61:081226C000000003000,00NTRF000000044908//180007
PAGO
:61:081226C000000017240,00NTRF000000044741//180007
PAGO
:61:081226C000000000400,00NTRF000000044613//180007
PAGO
:61:081226C000000000600,00NTRF000000044614//180007
PAGO
:61:081226C000000000559,88NTRF000000044555//180007
PAGO
:61:081226C000000000400,00NTRF000000044528//180007
PAGO
:62M:C081226VEF000001706666,07
-}{5:{CHK:1143FB20924B}}{S:{COP:S}}${1:F21VZCRVECAAXXX5410610696}{4:{177:0404021720}{451:0}}{1:F01VZCRVECAAXXX5410610696}{2:09501717040402VZCRVECAAXXX40812675430404021720N}{3:{108:SCONNECT}}{4:
:20:MI081226
:25:2222222222
:28C:0527/040
:60M:C081226VEF000001706666,07
:61:081226C000000011165,00NTRF000000044525//180007
PAGO
:61:081226C000000000300,00NTRF000000044464//180007
PAGO
:61:081226C000000024000,00NTRF000000044404//180007
PAGO
:61:081226C000000000100,00NTRF000000044311//180007
PAGO
:61:081226C000000010350,00NTRF000000044295//180007
PAGO
:61:081226C000000032500,00NTRF000000044994//180007
PAGO
:61:081226C000000000700,00NTRF000000045103//180007
PAGO
:61:081226C000000009000,00NTRF000000045308//180007
PAGO
:61:081226C000000010965,00NTRF000000045489//180007
PAGO
:62M:C081226VEF000001805746,07
-}{5:{CHK:1143FB20924B}}{S:{COP:S}}${1:F21VZCRVECAAXXX5410610696}{4:{177:0404021720}{451:0}}{1:F01VZCRVECAAXXX5410610696}{2:09501717040402VZCRVECAAXXX40812675430404021720N}{3:{108:SCONNECT}}{4:
:20:MI081226
:25:2222222222
:28C:0527/041
:60M:C081226VEF000001805746,07
:61:081226C000000066250,00NTRF000000044109//180007
PAGO
:61:081226C000000000869,00NTRF000000044191//180007
PAGO
:61:081226C000000000120,00NTRF000000045836//180007
PAGO
:61:081226C000000001617,00NTRF000000044244//180007
PAGO
:61:081226C000000005000,00NTRF000000123793//180007
PAGO
:61:081226C000000003000,00NTRF000000123795//180007
PAGO
:61:081226C000000001080,00NTRF000000123833//180007
PAGO
:61:081226C000000000500,00NTRF000000123825//180007
PAGO
:61:081226C000000001000,00NTRF000000123824//180007
PAGO
:62M:C081226VEF000001885182,07
-}{5:{CHK:1143FB20924B}}{S:{COP:S}}${1:F21VZCRVECAAXXX5410610696}{4:{177:0404021720}{451:0}}{1:F01VZCRVECAAXXX5410610696}{2:09501717040402VZCRVECAAXXX40812675430404021720N}{3:{108:SCONNECT}}{4:
:20:MI081226
:25:2222222222
:28C:0527/042
:60M:C081226VEF000001885182,07
:61:081226C000000000700,00NTRF000000123777//180007
PAGO
:61:081226C000000001500,00NTRF000000123651//180007
PAGO
:61:081226C000000002000,00NTRF000000093307//180007
PAGO
:61:081226C000000000900,00NTRF000000123896//180007
PAGO
:61:081226C000000015374,50NTRF000000879788//180007
PAGO
:61:081226C000000000572,83NTRF000000098692//180007
PAGO
:61:081226C000000001659,05NTRF000000098761//180007
PAGO
:61:081226C000000001400,00NTRF000003129181//180007
PAGO
:61:081226C000000000215,00NTRF000003135163//180007
PAGO
:62M:C081226VEF000001909503,45
-}{5:{CHK:1143FB20924B}}{S:{COP:S}}${1:F21VZCRVECAAXXX5410610696}{4:{177:0404021720}{451:0}}{1:F01VZCRVECAAXXX5410610696}{2:09501717040402VZCRVECAAXXX40812675430404021720N}{3:{108:SCONNECT}}{4:
:20:MI081226
:25:2222222222
:28C:0527/043
:60M:C081226VEF000001909503,45
:61:081226C000000000500,00NTRF000094295978//180007
PAGO
:61:081226C000000000850,00NTRF000015892824//180007
PAGO
:61:081226C000000000409,00NTRF000064883551//180007
PAGO
:61:081226C000000000360,00NTRF000027795643//180007
PAGO
:61:081226C000000000350,00NTRF000050069613//180007
PAGO
:61:081226C000000000300,00NTRF000000000000//180007
PAGO
:61:081226C000000001300,00NTRF000000000000//180007
PAGO
:61:081226C000000003000,00NTRF000000007899//180007
PAGO
:61:081226C000000002598,50NTRF000000031151//180007
PAGO
:62M:C081226VEF000001919170,95
-}{5:{CHK:1143FB20924B}}{S:{COP:S}}${1:F21VZCRVECAAXXX5410610696}{4:{177:0404021720}{451:0}}{1:F01VZCRVECAAXXX5410610696}{2:09501717040402VZCRVECAAXXX40812675430404021720N}{3:{108:SCONNECT}}{4:
:20:MI081226
:25:2222222222
:28C:0527/044
:60M:C081226VEF000001919170,95
:61:081226C000000004000,00NTRF000027794727//180007
PAGO
:61:081226C000000000200,00NTRF000027792151//180007
PAGO
:61:081226C000000000090,00NTRF000027791587//180007
PAGO
:61:081226C000000008000,00NTRF000027792410//180007
PAGO
:61:081226C000000000600,00NTRF000027792552//180007
PAGO
:61:081226C000000001000,00NTRF000000385849//180007
PAGO
:61:081226C000000000200,00NTRF000000385878//180007
PAGO
:61:081226C000000000150,00NTRF000000385903//180007
PAGO
:61:081226C000000000300,00NTRF000000385941//180007
PAGO
:62M:C081226VEF000001933710,95
-}{5:{CHK:1143FB20924B}}{S:{COP:S}}${1:F21VZCRVECAAXXX5410610696}{4:{177:0404021720}{451:0}}{1:F01VZCRVECAAXXX5410610696}{2:09501717040402VZCRVECAAXXX40812675430404021720N}{3:{108:SCONNECT}}{4:
:20:MI081226
:25:2222222222
:28C:0527/045
:60M:C081226VEF000001933710,95
:61:081226C000000001000,00NTRF000000385385//180007
PAGO
:61:081226C000000000250,00NTRF000000385176//180007
PAGO
:61:081226C000000000200,00NTRF000000385184//180007
PAGO
:61:081226C000000013000,00NTRF000000385230//180007
PAGO
:61:081226C000000000300,00NTRF000000385286//180007
PAGO
:61:081226C000000001000,00NTRF000000385305//180007
PAGO
:61:081226C000000002000,00NTRF000000385353//180007
PAGO
:61:081226C000000011186,40NTRF000000374060//180007
PAGO
:61:081226C000000200000,00NTRF000000374696//180007
PAGO
:62M:C081226VEF000002162647,35
-}{5:{CHK:1143FB20924B}}{S:{COP:S}}${1:F21VZCRVECAAXXX5410610696}{4:{177:0404021720}{451:0}}{1:F01VZCRVECAAXXX5410610696}{2:09501717040402VZCRVECAAXXX40812675430404021720N}{3:{108:SCONNECT}}{4:
:20:MI081226
:25:2222222222
:28C:0527/046
:60M:C081226VEF000002162647,35
:61:081226C000000001416,00NTRF000000384711//180007
PAGO
:61:081226C000000000100,00NTRF000000384801//180007
PAGO
:61:081226C000000008427,88NTRF000000325931//180007
PAGO
:61:081226C000003150000,00NTRF000000364064//180007
PAGO
:61:081226C000000000512,30NTRF000000372285//180007
PAGO
:61:081226C000000000613,53NTRF000000373560//180007
PAGO
:61:081226C000000004563,67NTRF000000373677//180007
PAGO
:61:081226C000000035861,25NTRF000000373702//180007
PAGO
:61:081226C000000006076,76NTRF000000373713//180007
PAGO
:62M:C081226VEF000005370218,74
-}{5:{CHK:1143FB20924B}}{S:{COP:S}}${1:F21VZCRVECAAXXX5410610696}{4:{177:0404021720}{451:0}}{1:F01VZCRVECAAXXX5410610696}{2:09501717040402VZCRVECAAXXX40812675430404021720N}{3:{108:SCONNECT}}{4:
:20:MI081226
:25:2222222222
:28C:0527/047
:60M:C081226VEF000005370218,74
:61:081226C000000014970,29NTRF000000375378//180007
PAGO
:61:081226C000000100000,00NTRF000000374708//180007
PAGO
:61:081226C000000068488,56NTRF000000375384//180007
PAGO
:61:081226C000000000900,00NTRF000000378419//180007
PAGO
:61:081226C000000000025,00NTRF000000384577//180007
PAGO
:61:081226C000000000250,00NTRF000000384578//180007
PAGO
:61:081226C000000002000,00NTRF000000384636//180007
PAGO
:61:081226C000000003000,00NTRF000000384657//180007
PAGO
:61:081226C000000002000,00NTRF000000384708//180007
PAGO
:62M:C081226VEF000005561852,59
-}{5:{CHK:1143FB20924B}}{S:{COP:S}}${1:F21VZCRVECAAXXX5410610696}{4:{177:0404021720}{451:0}}{1:F01VZCRVECAAXXX5410610696}{2:09501717040402VZCRVECAAXXX40812675430404021720N}{3:{108:SCONNECT}}{4:
:20:MI081226
:25:2222222222
:28C:0527/048
:60M:C081226VEF000005561852,59
:61:081226C000000000700,00NTRF000000385689//180007
PAGO
:61:081226C000000030000,00NTRF000000385728//180007
PAGO
:61:081226C000000000900,00NTRF000000384810//180007
PAGO
:61:081226C000000000228,00NTRF000000384902//180007
PAGO
:61:081226C000000006000,00NTRF000000384994//180007
PAGO
:61:081226C000000000800,00NTRF000000384998//180007
PAGO
:61:081226C000000001500,00NTRF000000385069//180007
PAGO
:61:081226C000000003000,00NTRF000000385101//180007
PAGO
:61:081226C000000000350,00NTRF000000385170//180007
PAGO
:62M:C081226VEF000005605330,59
-}{5:{CHK:1143FB20924B}}{S:{COP:S}}${1:F21VZCRVECAAXXX5410610696}{4:{177:0404021720}{451:0}}{1:F01VZCRVECAAXXX5410610696}{2:09501717040402VZCRVECAAXXX40812675430404021720N}{3:{108:SCONNECT}}{4:
:20:MI081226
:25:2222222222
:28C:0527/049
:60M:C081226VEF000005605330,59
:61:081226C000000001600,00NTRF000000385452//180007
PAGO
:61:081226C000000000100,00NTRF000000385473//180007
PAGO
:61:081226C000000000500,00NTRF000000385500//180007
PAGO
:61:081226C000000001000,00NTRF000000385512//180007
PAGO
:61:081226C000000000250,00NTRF000000385573//180007
PAGO
:61:081226C000000000100,00NTRF000000385590//180007
PAGO
:61:081226C000000001000,00NTRF000000385593//180007
PAGO
:61:081226C000000000160,00NTRF000000385668//180007
PAGO
:61:081226C000000008184,00NTRF000000385418//180007
PAGO
:62M:C081226VEF000005618224,59
-}{5:{CHK:1143FB20924B}}{S:{COP:S}}${1:F21VZCRVECAAXXX5410610696}{4:{177:0404021720}{451:0}}{1:F01VZCRVECAAXXX5410610696}{2:09501717040402VZCRVECAAXXX40812675430404021720N}{3:{108:SCONNECT}}{4:
:20:MI081226
:25:2222222222
:28C:0527/050
:60M:C081226VEF000005618224,59
:61:081226C000000004000,00NTRF000000386061//180007
PAGO
:61:081226C000000003000,00NTRF000000385979//180007
PAGO
:61:081226C000000000100,00NTRF000000385918//180007
PAGO
:61:081226C000000000400,00NTRF000000385901//180007
PAGO
:61:081226C000000000600,00NTRF000000385821//180007
PAGO
:61:081226C000000001800,00NTRF000000385833//180007
PAGO
:61:081226C000000002500,00NTRF000000385780//180007
PAGO
:61:081226C000000004710,00NTRF000000385731//180007
PAGO
:61:081226C000000000150,00NTRF000000078040//180007
PAGO
:62M:C081226VEF000005635484,59
-}{5:{CHK:1143FB20924B}}{S:{COP:S}}${1:F21VZCRVECAAXXX5410610696}{4:{177:0404021720}{451:0}}{1:F01VZCRVECAAXXX5410610696}{2:09501717040402VZCRVECAAXXX40812675430404021720N}{3:{108:SCONNECT}}{4:
:20:MI081226
:25:2222222222
:28C:0527/051
:60M:C081226VEF000005635484,59
:61:081226C000000001000,00NTRF000000000000//180007
PAGO
:61:081226C000000105000,00NTRF000000000000//180007
PAGO
:61:081226C000000000400,00NTRF000026122008//180007
PAGO
:61:081226C000000000150,00NTRF000026122008//180007
PAGO
:61:081226C000000000600,00NTRF000026122008//180007
PAGO
:61:081226C000000000800,00NTRF000026122008//180007
PAGO
:61:081226C000000000125,00NTRF000000000000//180007
PAGO
:61:081226C000000000050,00NTRF000095120001//180007
PAGO
:61:081226C000000001000,00NTRF000095120001//180007
PAGO
:62M:C081226VEF000005744609,59
-}{5:{CHK:1143FB20924B}}{S:{COP:S}}${1:F21VZCRVECAAXXX5410610696}{4:{177:0404021720}{451:0}}{1:F01VZCRVECAAXXX5410610696}{2:09501717040402VZCRVECAAXXX40812675430404021720N}{3:{108:SCONNECT}}{4:
:20:MI081226
:25:2222222222
:28C:0527/052
:60M:C081226VEF000005744609,59
:61:081226C000000005000,00NTRF000095120001//180007
PAGO
:61:081226C000000000190,00NTRF000000174114//180007
PAGO
:61:081226C000000015000,00NTRF000000174175//180007
PAGO
:61:081226C000000002388,39NTRF000000174414//180007
PAGO
:61:081226C000000009000,00NTRF000027791302//180007
PAGO
:61:081226C000000003700,00NTRF000027790086//180007
PAGO
:61:081226C000000000030,00NTRF000000972786//180007
PAGO
:61:081226C000000012000,00NTRF000000943508//180007
PAGO
:61:081226C000000000009,00NTRF000000965164//180007
PAGO
:62M:C081226VEF000005791926,98
-}{5:{CHK:1143FB20924B}}{S:{COP:S}}${1:F21VZCRVECAAXXX5410610696}{4:{177:0404021720}{451:0}}{1:F01VZCRVECAAXXX5410610696}{2:09501717040402VZCRVECAAXXX40812675430404021720N}{3:{108:SCONNECT}}{4:
:20:MI081226
:25:2222222222
:28C:0527/053
:60M:C081226VEF000005791926,98
:61:081226C000000005001,00NTRF000000030734//180007
PAGO
:61:081226C000000000277,00NTRF000000027150//180007
PAGO
:61:081226C000000001500,00NTRF000000955308//180007
PAGO
:61:081226C000000005000,00NTRF000000033665//180007
PAGO
:61:081226C000000010700,00NTRF000000962565//180007
PAGO
:61:081226C000000004500,00NTRF000000031602//180007
PAGO
:61:081226C000000000350,00NTRF000000031578//180007
PAGO
:61:081226C000000000300,00NTRF000000031742//180007
PAGO
:61:081226C000000006012,00NTRF000000031402//180007
PAGO
:62M:C081226VEF000005825566,98
-}{5:{CHK:1143FB20924B}}{S:{COP:S}}${1:F21VZCRVECAAXXX5410610696}{4:{177:0404021720}{451:0}}{1:F01VZCRVECAAXXX5410610696}{2:09501717040402VZCRVECAAXXX40812675430404021720N}{3:{108:SCONNECT}}{4:
:20:MI081226
:25:2222222222
:28C:0527/054
:60M:C081226VEF000005825566,98
:61:081226C000000004000,00NTRF000000031906//180007
PAGO
:61:081226C000000000140,00NTRF000000025466//180007
PAGO
:61:081226C000000000600,00NTRF000000025384//180007
PAGO
:61:081226C000000000750,00NTRF000000025220//180007
PAGO
:61:081226C000000000920,00NTRF000000024370//180007
PAGO
:61:081226C000000000066,66NTRF000000024890//180007
PAGO
:61:081226C000000002600,00NTRF000000024749//180007
PAGO
:61:081226C000000011000,00NTRF000000024707//180007
PAGO
:61:081226C000000003185,00NTRF000000024694//180007
PAGO
:62M:C081226VEF000005848828,64
-}{5:{CHK:1143FB20924B}}{S:{COP:S}}${1:F21VZCRVECAAXXX5410610696}{4:{177:0404021720}{451:0}}{1:F01VZCRVECAAXXX5410610696}{2:09501717040402VZCRVECAAXXX40812675430404021720N}{3:{108:SCONNECT}}{4:
:20:MI081226
:25:2222222222
:28C:0527/055
:60M:C081226VEF000005848828,64
:61:081226C000000000500,00NTRF000000024635//180007
PAGO
:61:081226C000000001000,00NTRF000000024569//180007
PAGO
:61:081226C000000009000,00NTRF000000024557//180007
PAGO
:61:081226C000000000100,00NTRF000000024560//180007
PAGO
:61:081226C000000000050,00NTRF000000023826//180007
PAGO
:61:081226C000000000200,00NTRF000000023827//180007
PAGO
:61:081226C000000001000,00NTRF000000023552//180007
PAGO
:61:081226C000000001100,00NTRF000000023540//180007
PAGO
:61:081226C000000002419,35NTRF000000023507//180007
PAGO
:62M:C081226VEF000005864197,99
-}{5:{CHK:1143FB20924B}}{S:{COP:S}}${1:F21VZCRVECAAXXX5410610696}{4:{177:0404021720}{451:0}}{1:F01VZCRVECAAXXX5410610696}{2:09501717040402VZCRVECAAXXX40812675430404021720N}{3:{108:SCONNECT}}{4:
:20:MI081226
:25:2222222222
:28C:0527/056
:60M:C081226VEF000005864197,99
:61:081226C000000006230,00NTRF000000023494//180007
PAGO
:61:081226C000000001100,96NTRF000000023506//180007
PAGO
:61:081226C000000000500,00NTRF000000023447//180007
PAGO
:61:081226C000000007000,00NTRF000000023428//180007
PAGO
:61:081226C000000000045,00NTRF000000022700//180007
PAGO
:61:081226C000000001500,00NTRF000000022672//180007
PAGO
:61:081226C000000000800,00NTRF000000022590//180007
PAGO
:61:081226C000000000700,00NTRF000000024549//180007
PAGO
:61:081226C000000000460,00NTRF000000024194//180007
PAGO
:62M:C081226VEF000005882533,95
-}{5:{CHK:1143FB20924B}}{S:{COP:S}}${1:F21VZCRVECAAXXX5410610696}{4:{177:0404021720}{451:0}}{1:F01VZCRVECAAXXX5410610696}{2:09501717040402VZCRVECAAXXX40812675430404021720N}{3:{108:SCONNECT}}{4:
:20:MI081226
:25:2222222222
:28C:0527/057
:60M:C081226VEF000005882533,95
:61:081226C000000000062,00NTRF000000024177//180007
PAGO
:61:081226C000000009183,00NTRF000000024110//180007
PAGO
:61:081226C000000006132,00NTRF000000024103//180007
PAGO
:61:081226C000000001500,00NTRF000000024067//180007
PAGO
:61:081226C000000000680,00NTRF000000024020//180007
PAGO
:61:081226C000000010000,00NTRF000000023989//180007
PAGO
:61:081226C000000000750,00NTRF000000022540//180007
PAGO
:61:081226C000000000600,00NTRF000000022518//180007
PAGO
:61:081226C000000002187,50NTRF000000022498//180007
PAGO
:62M:C081226VEF000005913628,45
-}{5:{CHK:1143FB20924B}}{S:{COP:S}}${1:F21VZCRVECAAXXX5410610696}{4:{177:0404021720}{451:0}}{1:F01VZCRVECAAXXX5410610696}{2:09501717040402VZCRVECAAXXX40812675430404021720N}{3:{108:SCONNECT}}{4:
:20:MI081226
:25:2222222222
:28C:0527/058
:60M:C081226VEF000005913628,45
:61:081226C000000000050,00NTRF000000022487//180007
PAGO
:61:081226C000000000200,00NTRF000000022064//180007
PAGO
:61:081226C000000001100,00NTRF000000021975//180007
PAGO
:61:081226C000000001000,00NTRF000000021943//180007
PAGO
:61:081226C000000003400,00NTRF000000021893//180007
PAGO
:61:081226C000000001200,00NTRF000000021894//180007
PAGO
:61:081226C000000001500,00NTRF000000023863//180007
PAGO
:61:081226C000000001040,00NTRF000000023732//180007
PAGO
:61:081226C000000010000,00NTRF000000023733//180007
PAGO
:62M:C081226VEF000005933118,45
-}{5:{CHK:1143FB20924B}}{S:{COP:S}}${1:F21VZCRVECAAXXX5410610696}{4:{177:0404021720}{451:0}}{1:F01VZCRVECAAXXX5410610696}{2:09501717040402VZCRVECAAXXX40812675430404021720N}{3:{108:SCONNECT}}{4:
:20:MI081226
:25:2222222222
:28C:0527/059
:60M:C081226VEF000005933118,45
:61:081226C000000001000,00NTRF000000023734//180007
PAGO
:61:081226C000000000750,00NTRF000000023643//180007
PAGO
:61:081226C000000003100,00NTRF000000023376//180007
PAGO
:61:081226C000000001000,00NTRF000000023349//180007
PAGO
:61:081226C000000001000,00NTRF000000023062//180007
PAGO
:61:081226C000000002000,00NTRF000000022958//180007
PAGO
:61:081226C000000002000,00NTRF000000022959//180007
PAGO
:61:081226C000000002800,00NTRF000000022931//180007
PAGO
:61:081226C000000000500,00NTRF000000022352//180007
PAGO
:62M:C081226VEF000005947268,45
-}{5:{CHK:1143FB20924B}}{S:{COP:S}}${1:F21VZCRVECAAXXX5410610696}{4:{177:0404021720}{451:0}}{1:F01VZCRVECAAXXX5410610696}{2:09501717040402VZCRVECAAXXX40812675430404021720N}{3:{108:SCONNECT}}{4:
:20:MI081226
:25:2222222222
:28C:0527/060
:60M:C081226VEF000005947268,45
:61:081226C000000001980,00NTRF000000025202//180007
PAGO
:61:081226C000000004500,00NTRF000000025301//180007
PAGO
:61:081226C000000001500,00NTRF000000025483//180007
PAGO
:61:081226C000000001500,00NTRF000000025482//180007
PAGO
:61:081226C000000000500,00NTRF000000025608//180007
PAGO
:61:081226C000000005300,00NTRF000000009190//180007
PAGO
:61:081226C000000003000,00NTRF000000009223//180007
PAGO
:61:081226C000000001000,00NTRF000000009176//180007
PAGO
:61:081226C000000003640,00NTRF000000009033//180007
PAGO
:62M:C081226VEF000005970188,45
-}{5:{CHK:1143FB20924B}}{S:{COP:S}}${1:F21VZCRVECAAXXX5410610696}{4:{177:0404021720}{451:0}}{1:F01VZCRVECAAXXX5410610696}{2:09501717040402VZCRVECAAXXX40812675430404021720N}{3:{108:SCONNECT}}{4:
:20:MI081226
:25:2222222222
:28C:0527/061
:60M:C081226VEF000005970188,45
:61:081226C000000002000,00NTRF000000009162//180007
PAGO
:61:081226C000000005000,00NTRF000000009413//180007
PAGO
:61:081226C000000002000,00NTRF000000008578//180007
PAGO
:61:081226C000000006500,00NTRF000000008580//180007
PAGO
:61:081226C000000000750,00NTRF000000008558//180007
PAGO
:61:081226C000000006000,00NTRF000000008579//180007
PAGO
:61:081226C000000000800,00NTRF000000008505//180007
PAGO
:61:081226C000000049000,00NTRF000000008500//180007
PAGO
:61:081226C000000002550,00NTRF000000008458//180007
PAGO
:62M:C081226VEF000006044788,45
-}{5:{CHK:1143FB20924B}}{S:{COP:S}}${1:F21VZCRVECAAXXX5410610696}{4:{177:0404021720}{451:0}}{1:F01VZCRVECAAXXX5410610696}{2:09501717040402VZCRVECAAXXX40812675430404021720N}{3:{108:SCONNECT}}{4:
:20:MI081226
:25:2222222222
:28C:0527/062
:60M:C081226VEF000006044788,45
:61:081226C000000000400,00NTRF000000008364//180007
PAGO
:61:081226C000000002373,00NTRF000000008302//180007
PAGO
:61:081226C000000010000,00NTRF000000008260//180007
PAGO
:61:081226C000000002720,64NTRF000000008253//180007
PAGO
:61:081226C000000010000,00NTRF000000008257//180007
PAGO
:61:081226C000000000300,00NTRF000000008787//180007
PAGO
:61:081226C000000000840,00NTRF000000008801//180007
PAGO
:61:081226C000000000250,00NTRF000000008621//180007
PAGO
:61:081226C000000006000,00NTRF000000008833//180007
PAGO
:62M:C081226VEF000006077672,09
-}{5:{CHK:1143FB20924B}}{S:{COP:S}}${1:F21VZCRVECAAXXX5410610696}{4:{177:0404021720}{451:0}}{1:F01VZCRVECAAXXX5410610696}{2:09501717040402VZCRVECAAXXX40812675430404021720N}{3:{108:SCONNECT}}{4:
:20:MI081226
:25:2222222222
:28C:0527/063
:60M:C081226VEF000006077672,09
:61:081226C000000000500,00NTRF000000020699//180007
PAGO
:61:081226C000000000140,00NTRF000000020664//180007
PAGO
:61:081226C000000002000,00NTRF000000020618//180007
PAGO
:61:081226C000000000081,00NTRF000000020404//180007
PAGO
:61:081226C000000000151,00NTRF000000020405//180007
PAGO
:61:081226C000000008000,00NTRF000000020354//180007
PAGO
:61:081226C000000003300,00NTRF000000020328//180007
PAGO
:61:081226C000000000500,00NTRF000000020218//180007
PAGO
:61:081226C000000003000,00NTRF000000019847//180007
PAGO
:62M:C081226VEF000006095344,09
-}{5:{CHK:1143FB20924B}}{S:{COP:S}}${1:F21VZCRVECAAXXX5410610696}{4:{177:0404021720}{451:0}}{1:F01VZCRVECAAXXX5410610696}{2:09501717040402VZCRVECAAXXX40812675430404021720N}{3:{108:SCONNECT}}{4:
:20:MI081226
:25:2222222222
:28C:0527/064
:60M:C081226VEF000006095344,09
:61:081226C000000000200,00NTRF000000019818//180007
PAGO
:61:081226C000000002000,00NTRF000000019787//180007
PAGO
:61:081226C000000000600,00NTRF000000021523//180007
PAGO
:61:081226C000000001798,92NTRF000000021492//180007
PAGO
:61:081226C000000001000,00NTRF000000021437//180007
PAGO
:61:081226C000000000400,00NTRF000000021329//180007
PAGO
:61:081226C000000000180,00NTRF000000021140//180007
PAGO
:61:081226C000000005000,00NTRF000000021099//180007
PAGO
:61:081226C000000001560,00NTRF000000021041//180007
PAGO
:62M:C081226VEF000006108083,01
-}{5:{CHK:1143FB20924B}}{S:{COP:S}}${1:F21VZCRVECAAXXX5410610696}{4:{177:0404021720}{451:0}}{1:F01VZCRVECAAXXX5410610696}{2:09501717040402VZCRVECAAXXX40812675430404021720N}{3:{108:SCONNECT}}{4:
:20:MI081226
:25:2222222222
:28C:0527/065
:60M:C081226VEF000006108083,01
:61:081226C000000001453,12NTRF000000020759//180007
PAGO
:61:081226C000000000900,00NTRF000000019304//180007
PAGO
:61:081226C000000005000,00NTRF000000019286//180007
PAGO
:61:081226C000000004450,00NTRF000000019053//180007
PAGO
:61:081226C000000000300,00NTRF000000018969//180007
PAGO
:61:081226C000000000500,00NTRF000000018970//180007
PAGO
:61:081226C000000010965,00NTRF000000018930//180007
PAGO
:61:081226C000000506512,15NTRF000000018902//180007
PAGO
:61:081226C000000010000,00NTRF000000018885//180007
PAGO
:62M:C081226VEF000006648163,28
-}{5:{CHK:1143FB20924B}}{S:{COP:S}}${1:F21VZCRVECAAXXX5410610696}{4:{177:0404021720}{451:0}}{1:F01VZCRVECAAXXX5410610696}{2:09501717040402VZCRVECAAXXX40812675430404021720N}{3:{108:SCONNECT}}{4:
:20:MI081226
:25:2222222222
:28C:0527/066
:60M:C081226VEF000006648163,28
:61:081226C000000002698,00NTRF000000018284//180007
PAGO
:61:081226C000000001000,00NTRF000000018199//180007
PAGO
:61:081226C000000006000,00NTRF000000018109//180007
PAGO
:61:081226C000000001000,00NTRF000000018053//180007
PAGO
:61:081226C000000000700,00NTRF000000018027//180007
PAGO
:61:081226C000000000200,00NTRF000000018006//180007
PAGO
:61:081226C000000000060,00NTRF000000017823//180007
PAGO
:61:081226C000000005180,00NTRF000000017820//180007
PAGO
:61:081226C000000005000,00NTRF000000009746//180007
PAGO
:62M:C081226VEF000006670001,28
-}{5:{CHK:1143FB20924B}}{S:{COP:S}}${1:F21VZCRVECAAXXX5410610696}{4:{177:0404021720}{451:0}}{1:F01VZCRVECAAXXX5410610696}{2:09501717040402VZCRVECAAXXX40812675430404021720N}{3:{108:SCONNECT}}{4:
:20:MI081226
:25:2222222222
:28C:0527/067
:60M:C081226VEF000006670001,28
:61:081226C000000005000,00NTRF000000009717//180007
PAGO
:61:081226C000000000300,00NTRF000000017791//180007
PAGO
:61:081226C000000001000,00NTRF000000017772//180007
PAGO
:61:081226C000000000350,00NTRF000000017743//180007
PAGO
:61:081226C000000004460,00NTRF000000010134//180007
PAGO
:61:081226C000000004355,00NTRF000000010098//180007
PAGO
:61:081226C000000009000,00NTRF000000010099//180007
PAGO
:61:081226C000000025000,00NTRF000000010057//180007
PAGO
:61:081226C000000001000,00NTRF000000009903//180007
PAGO
:62M:C081226VEF000006720466,28
-}{5:{CHK:1143FB20924B}}{S:{COP:S}}${1:F21VZCRVECAAXXX5410610696}{4:{177:0404021720}{451:0}}{1:F01VZCRVECAAXXX5410610696}{2:09501717040402VZCRVECAAXXX40812675430404021720N}{3:{108:SCONNECT}}{4:
:20:MI081226
:25:2222222222
:28C:0527/068
:60M:C081226VEF000006720466,28
:61:081226C000000001600,00NTRF000000009904//180007
PAGO
:61:081226C000000000120,00NTRF000000018872//180007
PAGO
:61:081226C000000000450,00NTRF000000018693//180007
PAGO
:61:081226C000000001000,00NTRF000000018648//180007
PAGO
:61:081226C000000009750,00NTRF000000018638//180007
PAGO
:61:081226C000000012540,00NTRF000000018585//180007
PAGO
:61:081226C000000010000,00NTRF000000018518//180007
PAGO
:61:081226C000000002000,00NTRF000000018435//180007
PAGO
:61:081226C000000002590,00NTRF000000018414//180007
PAGO
:62M:C081226VEF000006760516,28
-}{5:{CHK:1143FB20924B}}{S:{COP:S}}${1:F21VZCRVECAAXXX5410610696}{4:{177:0404021720}{451:0}}{1:F01VZCRVECAAXXX5410610696}{2:09501717040402VZCRVECAAXXX40812675430404021720N}{3:{108:SCONNECT}}{4:
:20:MI081226
:25:2222222222
:28C:0527/069
:60M:C081226VEF000006760516,28
:61:081226C000000004800,00NTRF000000018352//180007
PAGO
:61:081226C000000020000,00NTRF000000020212//180007
PAGO
:61:081226C000000012400,00NTRF000000020117//180007
PAGO
:61:081226C000000003000,00NTRF000000020089//180007
PAGO
:61:081226C000000000249,00NTRF000000019550//180007
PAGO
:61:081226C000000000300,00NTRF000000019551//180007
PAGO
:61:081226C000000000400,00NTRF000000019527//180007
PAGO
:61:081226C000000007600,00NTRF000000019519//180007
PAGO
:61:081226C000000002500,00NTRF000000019422//180007
PAGO
:62M:C081226VEF000006811765,28
-}{5:{CHK:1143FB20924B}}{S:{COP:S}}${1:F21VZCRVECAAXXX5410610696}{4:{177:0404021720}{451:0}}{1:F01VZCRVECAAXXX5410610696}{2:09501717040402VZCRVECAAXXX40812675430404021720N}{3:{108:SCONNECT}}{4:
:20:MI081226
:25:2222222222
:28C:0527/070
:60M:C081226VEF000006811765,28
:61:081226C000000001000,00NTRF000000021541//180007
PAGO
:61:081226C000000001965,00NTRF000000021543//180007
PAGO
:61:081226C000000005000,00NTRF000000021559//180007
PAGO
:61:081226C000001207731,00NTRF000003578080//180007
PAGO
:61:081226C000000009380,39NTRF000035980818//180007
PAGO
:61:081226C000000085481,05NTRF000024122008//180007
PAGO
:61:081226C000000001585,42NTRF000001140826//180007
PAGO
:61:081226C000000025526,09NTRF000035980819//180007
PAGO
:61:081226C000000126000,00NTRF000001140804//180007
PAGO
:62M:C081226VEF000008275434,23
-}{5:{CHK:1143FB20924B}}{S:{COP:S}}${1:F21VZCRVECAAXXX5410610696}{4:{177:0404021720}{451:0}}{1:F01VZCRVECAAXXX5410610696}{2:09501717040402VZCRVECAAXXX40812675430404021720N}{3:{108:SCONNECT}}{4:
:20:MI081226
:25:2222222222
:28C:0527/071
:60M:C081226VEF000008275434,23
:61:081226C000000031595,05NTRF000000229915//180007
PAGO
:61:081226C000000005460,36NTRF000000001522//180007
PAGO
:61:081226C000000025617,58NTRF000035980810//180007
PAGO
:61:081226C000000000050,00NTRF000030974049//180007
PAGO
:61:081226C000000000500,00NTRF000000000000//180007
PAGO
:61:081226C000000000200,00NTRF000000000000//180007
PAGO
:61:081226C000000010000,00NTRF000000000000//180007
PAGO
:61:081226C000000003000,00NTRF000000000000//180007
PAGO
:61:081226C000000019000,00NTRF000000000000//180007
PAGO
:62M:C081226VEF000008370857,22
-}{5:{CHK:1143FB20924B}}{S:{COP:S}}${1:F21VZCRVECAAXXX5410610696}{4:{177:0404021720}{451:0}}{1:F01VZCRVECAAXXX5410610696}{2:09501717040402VZCRVECAAXXX40812675430404021720N}{3:{108:SCONNECT}}{4:
:20:MI081226
:25:2222222222
:28C:0527/072
:60M:C081226VEF000008370857,22
:61:081226C000000000600,00NTRF000000000000//180007
PAGO
:61:081226C000000004239,53NTRF000027691091//180007
PAGO
:61:081226C000000004185,60NTRF000027685091//180007
PAGO
:61:081226C000000012019,88NTRF000000008063//180007
PAGO
:61:081226C000000012673,91NTRF000000014901//180007
PAGO
:61:081226C000000000720,00NTRF000032612488//180007
PAGO
:61:081226C000000168676,56NTRF000000052686//180007
PAGO
:61:081226C000000001365,04NTRF000000004095//180007
PAGO
:61:081226C000000002000,00NTRF000027770647//180007
PAGO
:62M:C081226VEF000008577337,74
-}{5:{CHK:1143FB20924B}}{S:{COP:S}}${1:F21VZCRVECAAXXX5410610696}{4:{177:0404021720}{451:0}}{1:F01VZCRVECAAXXX5410610696}{2:09501717040402VZCRVECAAXXX40812675430404021720N}{3:{108:SCONNECT}}{4:
:20:MI081226
:25:2222222222
:28C:0527/073
:60M:C081226VEF000008577337,74
:61:081226C000000020000,00NTRF000027781754//180007
PAGO
:61:081226C000000000300,00NTRF000027781395//180007
PAGO
:61:081226C000000003500,00NTRF000027781125//180007
PAGO
:61:081226C000000000400,00NTRF000027778971//180007
PAGO
:61:081226C000000000900,00NTRF000027778889//180007
PAGO
:61:081226C000000000106,00NTRF000027778885//180007
PAGO
:61:081226C000000010000,00NTRF000027777857//180007
PAGO
:61:081226C000000010000,00NTRF000027771056//180007
PAGO
:61:081226C000000000300,00NTRF000027773409//180007
PAGO
:62M:C081226VEF000008622843,74
-}{5:{CHK:1143FB20924B}}{S:{COP:S}}${1:F21VZCRVECAAXXX5410610696}{4:{177:0404021720}{451:0}}{1:F01VZCRVECAAXXX5410610696}{2:09501717040402VZCRVECAAXXX40812675430404021720N}{3:{108:SCONNECT}}{4:
:20:MI081226
:25:2222222222
:28C:0527/074
:60M:C081226VEF000008622843,74
:61:081226C000000000050,00NTRF000027773965//180007
PAGO
:61:081226C000000010000,00NTRF000027774812//180007
PAGO
:61:081226C000000003250,00NTRF000027775425//180007
PAGO
:61:081226C000000000210,00NTRF000027775545//180007
PAGO
:61:081226C000000005000,00NTRF000027759670//180007
PAGO
:61:081226C000000000250,00NTRF000027759097//180007
PAGO
:61:081226C000000000998,50NTRF000027760669//180007
PAGO
:61:081226C000000001000,00NTRF000027760798//180007
PAGO
:61:081226C000000001999,00NTRF000027762809//180007
PAGO
:62M:C081226VEF000008645601,24
-}{5:{CHK:1143FB20924B}}{S:{COP:S}}${1:F21VZCRVECAAXXX5410610696}{4:{177:0404021720}{451:0}}{1:F01VZCRVECAAXXX5410610696}{2:09501717040402VZCRVECAAXXX40812675430404021720N}{3:{108:SCONNECT}}{4:
:20:MI081226
:25:2222222222
:28C:0527/075
:60M:C081226VEF000008645601,24
:61:081226C000000000300,00NTRF000027763883//180007
PAGO
:61:081226C000000000200,00NTRF000027764235//180007
PAGO
:61:081226C000000000150,00NTRF000027765383//180007
PAGO
:61:081226C000000001000,00NTRF000027765449//180007
PAGO
:61:081226C000000000500,00NTRF000027765486//180007
PAGO
:61:081226C000000001000,00NTRF000027765855//180007
PAGO
:61:081226C000000001000,00NTRF000027756360//180007
PAGO
:61:081226C000000005000,00NTRF000024120801//180007
PAGO
:61:081226C000000003500,00NTRF000027757646//180007
PAGO
:62M:C081226VEF000008658251,24
-}{5:{CHK:1143FB20924B}}{S:{COP:S}}${1:F21VZCRVECAAXXX5410610696}{4:{177:0404021720}{451:0}}{1:F01VZCRVECAAXXX5410610696}{2:09501717040402VZCRVECAAXXX40812675430404021720N}{3:{108:SCONNECT}}{4:
:20:MI081226
:25:2222222222
:28C:0527/076
:60M:C081226VEF000008658251,24
:61:081226C000000030000,00NTRF000027767602//180007
PAGO
:61:081226C000000000220,00NTRF000027768226//180007
PAGO
:61:081226C000000015000,00NTRF000027769307//180007
PAGO
:61:081226C000000002000,00NTRF000027769377//180007
PAGO
:61:081226C000000001600,00NTRF000027784014//180007
PAGO
:61:081226C000000004500,00NTRF000027787343//180007
PAGO
:61:081226C000000000075,00NTRF000027787886//180007
PAGO
:61:081226C000000000050,00NTRF000027787875//180007
PAGO
:61:081226C000000002600,00NTRF000027785385//180007
PAGO
:62M:C081226VEF000008714296,24
-}{5:{CHK:1143FB20924B}}{S:{COP:S}}${1:F21VZCRVECAAXXX5410610696}{4:{177:0404021720}{451:0}}{1:F01VZCRVECAAXXX5410610696}{2:09501717040402VZCRVECAAXXX40812675430404021720N}{3:{108:SCONNECT}}{4:
:20:MI081226
:25:2222222222
:28C:0527/077
:60M:C081226VEF000008714296,24
:61:081226C000000003500,00NTRF000027785795//180007
PAGO
:61:081226C000000000150,00NTRF000027784727//180007
PAGO
:61:081226C000000000400,00NTRF000027783559//180007
PAGO
:61:081226C000000003200,00NTRF000070713160//180007
PAGO
:61:081226C000000002000,00NTRF000026544080//180007
PAGO
:61:081226C000000000440,00NTRF000010091199//180007
PAGO
:61:081226C000000005900,00NTRF000030485817//180007
PAGO
:61:081226C000000000375,19NTRF000030448992//180007
PAGO
:61:081226C000000000600,00NTRF000030430267//180007
PAGO
:62M:C081226VEF000008730861,43
-}{5:{CHK:1143FB20924B}}{S:{COP:S}}${1:F21VZCRVECAAXXX5410610696}{4:{177:0404021720}{451:0}}{1:F01VZCRVECAAXXX5410610696}{2:09501717040402VZCRVECAAXXX40812675430404021720N}{3:{108:SCONNECT}}{4:
:20:MI081226
:25:2222222222
:28C:0527/078
:60M:C081226VEF000008730861,43
:61:081226C000000000315,00NTRF000026122008//180007
PAGO
:61:081226C000000000330,00NTRF000026122008//180007
PAGO
:61:081226C000000005000,00NTRF000026122008//180007
PAGO
:61:081226C000000002500,00NTRF000026122008//180007
PAGO
:61:081226C000000002500,00NTRF000026122008//180007
PAGO
:61:081226C000000001510,35NTRF000026122008//180007
PAGO
:61:081226C000000000500,00NTRF000026122008//180007
PAGO
:61:081226C000000000075,00NTRF000026122008//180007
PAGO
:61:081226C000000001182,00NTRF000026122008//180007
PAGO
:62M:C081226VEF000008744773,78
-}{5:{CHK:1143FB20924B}}{S:{COP:S}}${1:F21VZCRVECAAXXX5410610696}{4:{177:0404021720}{451:0}}{1:F01VZCRVECAAXXX5410610696}{2:09501717040402VZCRVECAAXXX40812675430404021720N}{3:{108:SCONNECT}}{4:
:20:MI081226
:25:2222222222
:28C:0527/079
:60M:C081226VEF000008744773,78
:61:081226C000000000002,00NTRF000026122008//180007
PAGO
:61:081226C000000001000,00NTRF000026122008//180007
PAGO
:61:081226C000000002000,00NTRF000026122008//180007
PAGO
:61:081226C000000000150,00NTRF000026122008//180007
PAGO
:61:081226C000000000146,00NTRF000026122008//180007
PAGO
:61:081226C000000000116,00NTRF000026122008//180007
PAGO
:61:081226C000000001020,00NTRF000026122008//180007
PAGO
:61:081226C000000003245,00NTRF000026122008//180007
PAGO
:61:081226C000000000199,00NTRF000026122008//180007
PAGO
:62M:C081226VEF000008752651,78
-}{5:{CHK:1143FB20924B}}{S:{COP:S}}${1:F21VZCRVECAAXXX5410610696}{4:{177:0404021720}{451:0}}{1:F01VZCRVECAAXXX5410610696}{2:09501717040402VZCRVECAAXXX40812675430404021720N}{3:{108:SCONNECT}}{4:
:20:MI081226
:25:2222222222
:28C:0527/080
:60M:C081226VEF000008752651,78
:61:081226C000000000100,00NTRF000026122008//180007
PAGO
:61:081226C000000000300,00NTRF000026122008//180007
PAGO
:61:081226C000000000150,00NTRF000026122008//180007
PAGO
:61:081226C000000000750,00NTRF000000384537//180007
PAGO
:61:081226C000000000066,66NTRF000000384551//180007
PAGO
:61:081226C000000003032,45NTRF000003284715//180007
PAGO
:61:081226C000000002496,48NTRF000003284856//180007
PAGO
:61:081226C000000003621,72NTRF000003285273//180007
PAGO
:61:081226C000000001021,45NTRF000003285463//180007
PAGO
:62M:C081226VEF000008764190,54
-}{5:{CHK:1143FB20924B}}{S:{COP:S}}${1:F21VZCRVECAAXXX5410610696}{4:{177:0404021720}{451:0}}{1:F01VZCRVECAAXXX5410610696}{2:09501717040402VZCRVECAAXXX40812675430404021720N}{3:{108:SCONNECT}}{4:
:20:MI081226
:25:2222222222
:28C:0527/081
:60M:C081226VEF000008764190,54
:61:081226C000000000543,85NTRF000003282166//180007
PAGO
:61:081226C000000002000,00NTRF000003282221//180007
PAGO
:61:081226C000000000072,62NTRF000003282240//180007
PAGO
:61:081226C000000000031,70NTRF000003282241//180007
PAGO
:61:081226C000000004354,93NTRF000003282314//180007
PAGO
:61:081226C000000000590,25NTRF000003282343//180007
PAGO
:61:081226C000000000684,31NTRF000003282368//180007
PAGO
:61:081226C000000159711,91NTRF000003282400//180007
PAGO
:61:081226C000000000850,00NTRF000000380027//180007
PAGO
:62M:C081226VEF000008933030,11
-}{5:{CHK:1143FB20924B}}{S:{COP:S}}${1:F21VZCRVECAAXXX5410610696}{4:{177:0404021720}{451:0}}{1:F01VZCRVECAAXXX5410610696}{2:09501717040402VZCRVECAAXXX40812675430404021720N}{3:{108:SCONNECT}}{4:
:20:MI081226
:25:2222222222
:28C:0527/082
:60M:C081226VEF000008933030,11
:61:081226C000000001000,00NTRF000000380212//180007
PAGO
:61:081226C000000000200,00NTRF000000380296//180007
PAGO
:61:081226C000000000100,00NTRF000000380401//180007
PAGO
:61:081226C000000000600,00NTRF000000380466//180007
PAGO
:61:081226C000000004687,83NTRF000002459644//180007
PAGO
:61:081226C000000454146,93NTRF000003282023//180007
PAGO
:61:081226C000000002610,00NTRF000003282118//180007
PAGO
:61:081226C000000000200,00NTRF000000379678//180007
PAGO
:61:081226C000000018000,00NTRF000000379746//180007
PAGO
:62M:C081226VEF000009414574,87
-}{5:{CHK:1143FB20924B}}{S:{COP:S}}${1:F21VZCRVECAAXXX5410610696}{4:{177:0404021720}{451:0}}{1:F01VZCRVECAAXXX5410610696}{2:09501717040402VZCRVECAAXXX40812675430404021720N}{3:{108:SCONNECT}}{4:
:20:MI081226
:25:2222222222
:28C:0527/083
:60M:C081226VEF000009414574,87
:61:081226C000000000600,00NTRF000000379788//180007
PAGO
:61:081226C000000000430,00NTRF000000379809//180007
PAGO
:61:081226C000000000100,00NTRF000000379111//180007
PAGO
:61:081226C000000001205,00NTRF000000379185//180007
PAGO
:61:081226C000000000200,00NTRF000000379236//180007
PAGO
:61:081226C000000000314,61NTRF000000379281//180007
PAGO
:61:081226C000000005000,00NTRF000000378595//180007
PAGO
:61:081226C000000000500,00NTRF000000378671//180007
PAGO
:61:081226C000000000500,00NTRF000000378687//180007
PAGO
:62M:C081226VEF000009423424,48
-}{5:{CHK:1143FB20924B}}{S:{COP:S}}${1:F21VZCRVECAAXXX5410610696}{4:{177:0404021720}{451:0}}{1:F01VZCRVECAAXXX5410610696}{2:09501717040402VZCRVECAAXXX40812675430404021720N}{3:{108:SCONNECT}}{4:
:20:MI081226
:25:2222222222
:28C:0527/084
:60M:C081226VEF000009423424,48
:61:081226C000000001255,00NTRF000000378717//180007
PAGO
:61:081226C000000001500,00NTRF000000378750//180007
PAGO
:61:081226C000000000600,00NTRF000000378818//180007
PAGO
:61:081226C000000001500,00NTRF000000378833//180007
PAGO
:61:081226C000000006700,00NTRF000000379010//180007
PAGO
:61:081226C000000000800,00NTRF000000377726//180007
PAGO
:61:081226C000000002000,00NTRF000000377765//180007
PAGO
:61:081226C000000000300,00NTRF000000377793//180007
PAGO
:61:081226C000000001750,00NTRF000000377809//180007
PAGO
:62M:C081226VEF000009439829,48
-}{5:{CHK:1143FB20924B}}{S:{COP:S}}${1:F21VZCRVECAAXXX5410610696}{4:{177:0404021720}{451:0}}{1:F01VZCRVECAAXXX5410610696}{2:09501717040402VZCRVECAAXXX40812675430404021720N}{3:{108:SCONNECT}}{4:
:20:MI081226
:25:2222222222
:28C:0527/085
:60M:C081226VEF000009439829,48
:61:081226C000000000185,00NTRF000000378162//180007
PAGO
:61:081226C000000000614,00NTRF000000378260//180007
PAGO
:61:081226C000000002000,00NTRF000000378275//180007
PAGO
:61:081226C000000000500,00NTRF000000378291//180007
PAGO
:61:081226C000000002850,00NTRF000000378330//180007
PAGO
:61:081226C000000005000,00NTRF000000378334//180007
PAGO
:61:081226C000000005000,00NTRF000000378338//180007
PAGO
:61:081226C000000001100,00NTRF000000378401//180007
PAGO
:61:081226C000000000300,00NTRF000000378515//180007
PAGO
:62M:C081226VEF000009457378,48
-}{5:{CHK:1143FB20924B}}{S:{COP:S}}${1:F21VZCRVECAAXXX5410610696}{4:{177:0404021720}{451:0}}{1:F01VZCRVECAAXXX5410610696}{2:09501717040402VZCRVECAAXXX40812675430404021720N}{3:{108:SCONNECT}}{4:
:20:MI081226
:25:2222222222
:28C:0527/086
:60M:C081226VEF000009457378,48
:61:081226C000000004572,00NTRF000000379013//180007
PAGO
:61:081226C000000000014,00NTRF000000379040//180007
PAGO
:61:081226C000000000288,00NTRF000000379075//180007
PAGO
:61:081226C000000000250,00NTRF000000379084//180007
PAGO
:61:081226C000000003000,00NTRF000000379097//180007
PAGO
:61:081226C000000001000,00NTRF000000377941//180007
PAGO
:61:081226C000000005000,00NTRF000000377969//180007
PAGO
:61:081226C000000010000,00NTRF000000377999//180007
PAGO
:61:081226C000000000100,00NTRF000000378140//180007
PAGO
:62M:C081226VEF000009481602,48
-}{5:{CHK:1143FB20924B}}{S:{COP:S}}${1:F21VZCRVECAAXXX5410610696}{4:{177:0404021720}{451:0}}{1:F01VZCRVECAAXXX5410610696}{2:09501717040402VZCRVECAAXXX40812675430404021720N}{3:{108:SCONNECT}}{4:
:20:MI081226
:25:2222222222
:28C:0527/087
:60M:C081226VEF000009481602,48
:61:081226C000000000200,00NTRF000000379330//180007
PAGO
:61:081226C000000005000,00NTRF000000379346//180007
PAGO
:61:081226C000000005000,00NTRF000000379347//180007
PAGO
:61:081226C000000000700,00NTRF000000379350//180007
PAGO
:61:081226C000000000170,00NTRF000000379359//180007
PAGO
:61:081226C000000006600,00NTRF000000379400//180007
PAGO
:61:081226C000000000520,00NTRF000000379416//180007
PAGO
:61:081226C000000002100,00NTRF000000379437//180007
PAGO
:61:081226C000000000400,00NTRF000000379502//180007
PAGO
:62M:C081226VEF000009502292,48
-}{5:{CHK:1143FB20924B}}{S:{COP:S}}${1:F21VZCRVECAAXXX5410610696}{4:{177:0404021720}{451:0}}{1:F01VZCRVECAAXXX5410610696}{2:09501717040402VZCRVECAAXXX40812675430404021720N}{3:{108:SCONNECT}}{4:
:20:MI081226
:25:2222222222
:28C:0527/088
:60M:C081226VEF000009502292,48
:61:081226C000000001700,00NTRF000000379554//180007
PAGO
:61:081226C000000004000,00NTRF000000379564//180007
PAGO
:61:081226C000000001500,00NTRF000000379575//180007
PAGO
:61:081226C000000001000,00NTRF000000379618//180007
PAGO
:61:081226C000000001000,00NTRF000000379624//180007
PAGO
:61:081226C000000001000,00NTRF000000379626//180007
PAGO
:61:081226C000000001000,00NTRF000000379631//180007
PAGO
:61:081226C000000001000,00NTRF000000379633//180007
PAGO
:61:081226C000000001000,00NTRF000000379676//180007
PAGO
:62M:C081226VEF000009515492,48
-}{5:{CHK:1143FB20924B}}{S:{COP:S}}${1:F21VZCRVECAAXXX5410610696}{4:{177:0404021720}{451:0}}{1:F01VZCRVECAAXXX5410610696}{2:09501717040402VZCRVECAAXXX40812675430404021720N}{3:{108:SCONNECT}}{4:
:20:MI081226
:25:2222222222
:28C:0527/089
:60M:C081226VEF000009515492,48
:61:081226C000000000135,60NTRF000003282479//180007
PAGO
:61:081226C000000000798,93NTRF000003282524//180007
PAGO
:61:081226C000000000021,04NTRF000003282731//180007
PAGO
:61:081226C000000000312,34NTRF000003282849//180007
PAGO
:61:081226C000000020000,00NTRF000000379946//180007
PAGO
:61:081226C000000002500,00NTRF000000379969//180007
PAGO
:61:081226C000000002000,00NTRF000000379974//180007
PAGO
:61:081226C000000001000,00NTRF000000379976//180007
PAGO
:61:081226C000000002100,00NTRF000000379989//180007
PAGO
:62M:C081226VEF000009544360,39
-}{5:{CHK:1143FB20924B}}{S:{COP:S}}${1:F21VZCRVECAAXXX5410610696}{4:{177:0404021720}{451:0}}{1:F01VZCRVECAAXXX5410610696}{2:09501717040402VZCRVECAAXXX40812675430404021720N}{3:{108:SCONNECT}}{4:
:20:MI081226
:25:2222222222
:28C:0527/090
:60M:C081226VEF000009544360,39
:61:081226C000000000520,49NTRF000003283473//180007
PAGO
:61:081226C000000000163,92NTRF000003283615//180007
PAGO
:61:081226C000000000048,16NTRF000003283860//180007
PAGO
:61:081226C000000000102,70NTRF000003284055//180007
PAGO
:61:081226C000000000242,43NTRF000003284064//180007
PAGO
:61:081226C000000000012,44NTRF000003284093//180007
PAGO
:61:081226C000000000044,44NTRF000003284243//180007
PAGO
:61:081226C000000000145,37NTRF000003284249//180007
PAGO
:61:081226C000000005535,08NTRF000003282164//180007
PAGO
:62M:C081226VEF000009551175,42
-}{5:{CHK:1143FB20924B}}{S:{COP:S}}${1:F21VZCRVECAAXXX5410610696}{4:{177:0404021720}{451:0}}{1:F01VZCRVECAAXXX5410610696}{2:09501717040402VZCRVECAAXXX40812675430404021720N}{3:{108:SCONNECT}}{4:
:20:MI081226
:25:2222222222
:28C:0527/091
:60M:C081226VEF000009551175,42
:61:081226C000000530790,17NTRF000003285730//180007
PAGO
:61:081226C000000010688,32NTRF000003285736//180007
PAGO
:61:081226C000000033643,98NTRF000003285738//180007
PAGO
:61:081226C000000001500,00NTRF000000384339//180007
PAGO
:61:081226C000000000710,35NTRF000003283036//180007
PAGO
:61:081226C000000000035,98NTRF000003283104//180007
PAGO
:61:081226C000000000086,51NTRF000003283343//180007
PAGO
:61:081226C000000000182,67NTRF000003283351//180007
PAGO
:61:081226C000000000074,60NTRF000003283399//180007
PAGO
:62M:C081226VEF000010128888,00
-}{5:{CHK:1143FB20924B}}{S:{COP:S}}${1:F21VZCRVECAAXXX5410610696}{4:{177:0404021720}{451:0}}{1:F01VZCRVECAAXXX5410610696}{2:09501717040402VZCRVECAAXXX40812675430404021720N}{3:{108:SCONNECT}}{4:
:20:MI081226
:25:2222222222
:28C:0527/092
:60M:C081226VEF000010128888,00
:61:081226C000000001408,51NTRF000003285689//180007
PAGO
:61:081226C000000016717,19NTRF000003285274//180007
PAGO
:61:081226C000000002541,42NTRF000003284896//180007
PAGO
:61:081226C000000002517,78NTRF000003284763//180007
PAGO
:61:081226C000000000053,56NTRF000003284275//180007
PAGO
:61:081226C000000012000,00NTRF000000384524//180007
PAGO
:61:081226C000000000340,00NTRF000000384513//180007
PAGO
:61:081226C000000002000,00NTRF000000384506//180007
PAGO
:61:081226C000000005000,00NTRF000000384452//180007
PAGO
:62M:C081226VEF000010171466,46
-}{5:{CHK:1143FB20924B}}{S:{COP:S}}${1:F21VZCRVECAAXXX5410610696}{4:{177:0404021720}{451:0}}{1:F01VZCRVECAAXXX5410610696}{2:09501717040402VZCRVECAAXXX40812675430404021720N}{3:{108:SCONNECT}}{4:
:20:MI081226
:25:2222222222
:28C:0527/093
:60M:C081226VEF000010171466,46
:61:081226C000000000500,00NTRF000000000104//180007
PAGO
:61:081226C000000001100,00NTRF000000000000//180007
PAGO
:61:081226C000000005000,00NTRF000000000000//180007
PAGO
:61:081226C000000000678,00NTRF000000000000//180007
PAGO
:61:081226C000000005000,00NTRF000000000000//180007
PAGO
:61:081226C000000000070,00NTRF000000000000//180007
PAGO
:61:081226C000000000510,00NTRF000000012000//180007
PAGO
:61:081226C000000000100,00NTRF000000000000//180007
PAGO
:61:081226C000000002421,98NTRF000000000000//180007
PAGO
:62M:C081226VEF000010186846,44
-}{5:{CHK:1143FB20924B}}{S:{COP:S}}${1:F21VZCRVECAAXXX5410610696}{4:{177:0404021720}{451:0}}{1:F01VZCRVECAAXXX5410610696}{2:09501717040402VZCRVECAAXXX40812675430404021720N}{3:{108:SCONNECT}}{4:
:20:MI081226
:25:2222222222
:28C:0527/094
:60M:C081226VEF000010186846,44
:61:081226C000000005000,00NTRF000024122008//180007
PAGO
:61:081226C000000004000,00NTRF000041220082//180007
PAGO
:61:081226C000000002610,11NTRF000000000000//180007
PAGO
:61:081226C000000005000,00NTRF000000000000//180007
PAGO
:61:081226C000000001370,11NTRF000000000000//180007
PAGO
:61:081226C000000005000,00NTRF000000241208//180007
PAGO
:61:081226C000000002000,00NTRF000002412081//180007
PAGO
:61:081226C000000000400,00NTRF000000000000//180007
PAGO
:61:081226C000000000200,00NTRF000000000001//180007
PAGO
:62M:C081226VEF000010212426,66
-}{5:{CHK:1143FB20924B}}{S:{COP:S}}${1:F21VZCRVECAAXXX5410610696}{4:{177:0404021720}{451:0}}{1:F01VZCRVECAAXXX5410610696}{2:09501717040402VZCRVECAAXXX40812675430404021720N}{3:{108:SCONNECT}}{4:
:20:MI081226
:25:2222222222
:28C:0527/095
:60M:C081226VEF000010212426,66
:61:081226C000000004000,00NTRF000000373536//180007
PAGO
:61:081226C000000001000,00NTRF000000373538//180007
PAGO
:61:081226C000000000025,00NTRF000000372937//180007
PAGO
:61:081226C000000002000,00NTRF000000372961//180007
PAGO
:61:081226C000000008000,00NTRF000000373002//180007
PAGO
:61:081226C000000004300,00NTRF000000373040//180007
PAGO
:61:081226C000000002500,00NTRF000000373094//180007
PAGO
:61:081226C000000000500,00NTRF000000373100//180007
PAGO
:61:081226C000000002675,00NTRF000000373120//180007
PAGO
:62M:C081226VEF000010237426,66
-}{5:{CHK:1143FB20924B}}{S:{COP:S}}${1:F21VZCRVECAAXXX5410610696}{4:{177:0404021720}{451:0}}{1:F01VZCRVECAAXXX5410610696}{2:09501717040402VZCRVECAAXXX40812675430404021720N}{3:{108:SCONNECT}}{4:
:20:MI081226
:25:2222222222
:28C:0527/096
:60M:C081226VEF000010237426,66
:61:081226C000000000250,00NTRF000000373167//180007
PAGO
:61:081226C000000003000,00NTRF000000373173//180007
PAGO
:61:081226C000000003000,00NTRF000000373182//180007
PAGO
:61:081226C000000003000,00NTRF000000373185//180007
PAGO
:61:081226C000000002000,00NTRF000000373193//180007
PAGO
:61:081226C000000000530,00NTRF000000373217//180007
PAGO
:61:081226C000000000300,00NTRF000000372521//180007
PAGO
:61:081226C000000002000,00NTRF000000372527//180007
PAGO
:61:081226C000000001000,00NTRF000000372620//180007
PAGO
:62M:C081226VEF000010252506,66
-}{5:{CHK:1143FB20924B}}{S:{COP:S}}${1:F21VZCRVECAAXXX5410610696}{4:{177:0404021720}{451:0}}{1:F01VZCRVECAAXXX5410610696}{2:09501717040402VZCRVECAAXXX40812675430404021720N}{3:{108:SCONNECT}}{4:
:20:MI081226
:25:2222222222
:28C:0527/097
:60M:C081226VEF000010252506,66
:61:081226C000000011437,54NTRF000003281272//180007
PAGO
:61:081226C000000131953,56NTRF000003281290//180007
PAGO
:61:081226C000000008216,65NTRF000003281291//180007
PAGO
:61:081226C000000017110,39NTRF000003281297//180007
PAGO
:61:081226C000000090617,12NTRF000003281311//180007
PAGO
:61:081226C000000080284,47NTRF000003281326//180007
PAGO
:61:081226C000000007033,01NTRF000003281327//180007
PAGO
:61:081226C000000008335,42NTRF000003281328//180007
PAGO
:61:081226C000000005000,00NTRF000000372709//180007
PAGO
:62M:C081226VEF000010612494,82
-}{5:{CHK:1143FB20924B}}{S:{COP:S}}${1:F21VZCRVECAAXXX5410610696}{4:{177:0404021720}{451:0}}{1:F01VZCRVECAAXXX5410610696}{2:09501717040402VZCRVECAAXXX40812675430404021720N}{3:{108:SCONNECT}}{4:
:20:MI081226
:25:2222222222
:28C:0527/098
:60M:C081226VEF000010612494,82
:61:081226C000000021075,00NTRF000000372911//180007
PAGO
:61:081226C000000001400,00NTRF000000372179//180007
PAGO
:61:081226C000000004500,00NTRF000000372223//180007
PAGO
:61:081226C000000000237,00NTRF000000372280//180007
PAGO
:61:081226C000000000200,00NTRF000000372299//180007
PAGO
:61:081226C000000001000,00NTRF000000372407//180007
PAGO
:61:081226C000000001430,00NTRF000000372507//180007
PAGO
:61:081226C000000000550,00NTRF000000372512//180007
PAGO
:61:081226C000000000625,00NTRF000000376606//180007
PAGO
:62M:C081226VEF000010643511,82
-}{5:{CHK:1143FB20924B}}{S:{COP:S}}${1:F21VZCRVECAAXXX5410610696}{4:{177:0404021720}{451:0}}{1:F01VZCRVECAAXXX5410610696}{2:09501717040402VZCRVECAAXXX40812675430404021720N}{3:{108:SCONNECT}}{4:
:20:MI081226
:25:2222222222
:28C:0527/099
:60M:C081226VEF000010643511,82
:61:081226C000000003000,00NTRF000000376636//180007
PAGO
:61:081226C000000010000,00NTRF000000376744//180007
PAGO
:61:081226C000000010000,00NTRF000000376752//180007
PAGO
:61:081226C000000004000,00NTRF000000376759//180007
PAGO
:61:081226C000000000380,00NTRF000000376898//180007
PAGO
:61:081226C000000001300,00NTRF000000376992//180007
PAGO
:61:081226C000000002300,00NTRF000000377016//180007
PAGO
:61:081226C000000025000,00NTRF000000377069//180007
PAGO
:61:081226C000000016648,10NTRF000003282004//180007
PAGO
:62M:C081226VEF000010716139,92
-}{5:{CHK:1143FB20924B}}{S:{COP:S}}${1:F21VZCRVECAAXXX5410610696}{4:{177:0404021720}{451:0}}{1:F01VZCRVECAAXXX5410610696}{2:09501717040402VZCRVECAAXXX40812675430404021720N}{3:{108:SCONNECT}}{4:
:20:MI081226
:25:2222222222
:28C:0527/100
:60M:C081226VEF000010716139,92
:61:081226C000000012096,82NTRF000003282008//180007
PAGO
:61:081226C000000004000,00NTRF000000376242//180007
PAGO
:61:081226C000000000289,00NTRF000000376254//180007
PAGO
:61:081226C000000000100,00NTRF000000376279//180007
PAGO
:61:081226C000000000600,00NTRF000000376297//180007
PAGO
:61:081226C000000007500,00NTRF000000376309//180007
PAGO
:61:081226C000000015000,00NTRF000000376314//180007
PAGO
:61:081226C000000000300,00NTRF000000376338//180007
PAGO
:61:081226C000000000300,00NTRF000000376398//180007
PAGO
:62M:C081226VEF000010756325,74
-}{5:{CHK:1143FB20924B}}{S:{COP:S}}${1:F21VZCRVECAAXXX5410610696}{4:{177:0404021720}{451:0}}{1:F01VZCRVECAAXXX5410610696}{2:09501717040402VZCRVECAAXXX40812675430404021720N}{3:{108:SCONNECT}}{4:
:20:MI081226
:25:2222222222
:28C:0527/101
:60M:C081226VEF000010756325,74
:61:081226C000000003300,00NTRF000000376520//180007
PAGO
:61:081226C000000004800,00NTRF000000376524//180007
PAGO
:61:081226C000000000370,00NTRF000000376552//180007
PAGO
:61:081226C000000000327,20NTRF000003281828//180007
PAGO
:61:081226C000000003272,00NTRF000003281829//180007
PAGO
:61:081226C000000000562,38NTRF000003281830//180007
PAGO
:61:081226C000000001482,63NTRF000003281831//180007
PAGO
:61:081226C000000000654,40NTRF000003281832//180007
PAGO
:61:081226C000000000562,38NTRF000003281833//180007
PAGO
:62M:C081226VEF000010771656,73
-}{5:{CHK:1143FB20924B}}{S:{COP:S}}${1:F21VZCRVECAAXXX5410610696}{4:{177:0404021720}{451:0}}{1:F01VZCRVECAAXXX5410610696}{2:09501717040402VZCRVECAAXXX40812675430404021720N}{3:{108:SCONNECT}}{4:
:20:MI081226
:25:2222222222
:28C:0527/102
:60M:C081226VEF000010771656,73
:61:081226C000000000429,45NTRF000003281834//180007
PAGO
:61:081226C000000002249,50NTRF000003281835//180007
PAGO
:61:081226C000000000490,80NTRF000003281836//180007
PAGO
:61:081226C000000001324,76NTRF000003281965//180007
PAGO
:61:081226C000000000868,30NTRF000003281966//180007
PAGO
:61:081226C000000025047,81NTRF000003281999//180007
PAGO
:61:081226C000000148990,00NTRF000003282003//180007
PAGO
:61:081226C000000000419,90NTRF000002459171//180007
PAGO
:61:081226C000000000054,11NTRF000002459208//180007
PAGO
:62M:C081226VEF000010951531,36
-}{5:{CHK:1143FB20924B}}{S:{COP:S}}${1:F21VZCRVECAAXXX5410610696}{4:{177:0404021720}{451:0}}{1:F01VZCRVECAAXXX5410610696}{2:09501717040402VZCRVECAAXXX40812675430404021720N}{3:{108:SCONNECT}}{4:
:20:MI081226
:25:2222222222
:28C:0527/103
:60M:C081226VEF000010951531,36
:61:081226C000000122077,40NTRF000002459567//180007
PAGO
:61:081226C000000005177,92NTRF000002459568//180007
PAGO
:61:081226C000000007600,00NTRF000002459569//180007
PAGO
:61:081226C000000001809,97NTRF000002459570//180007
PAGO
:61:081226C000000000120,00NTRF000000375385//180007
PAGO
:61:081226C000000001200,00NTRF000000375407//180007
PAGO
:61:081226C000000044836,62NTRF000003281335//180007
PAGO
:61:081226C000000000736,20NTRF000003281541//180007
PAGO
:61:081226C000000000593,05NTRF000003281542//180007
PAGO
:62M:C081226VEF000011135682,52
-}{5:{CHK:1143FB20924B}}{S:{COP:S}}${1:F21VZCRVECAAXXX5410610696}{4:{177:0404021720}{451:0}}{1:F01VZCRVECAAXXX5410610696}{2:09501717040402VZCRVECAAXXX40812675430404021720N}{3:{108:SCONNECT}}{4:
:20:MI081226
:25:2222222222
:28C:0527/104
:60M:C081226VEF000011135682,52
:61:081226C000000001073,63NTRF000003281543//180007
PAGO
:61:081226C000000000562,38NTRF000003281827//180007
PAGO
:61:081226C000000003546,76NTRF000002459085//180007
PAGO
:61:081226C000000000600,00NTRF000002459090//180007
PAGO
:61:081226C000000000288,35NTRF000002459102//180007
PAGO
:61:081226C000000000240,00NTRF000002459118//180007
PAGO
:61:081226C000000000120,00NTRF000002459120//180007
PAGO
:61:081226C000000001329,15NTRF000002459125//180007
PAGO
:61:081226C000000000100,00NTRF000002459138//180007
PAGO
:62M:C081226VEF000011143542,79
-}{5:{CHK:1143FB20924B}}{S:{COP:S}}${1:F21VZCRVECAAXXX5410610696}{4:{177:0404021720}{451:0}}{1:F01VZCRVECAAXXX5410610696}{2:09501717040402VZCRVECAAXXX40812675430404021720N}{3:{108:SCONNECT}}{4:
:20:MI081226
:25:2222222222
:28C:0527/105
:60M:C081226VEF000011143542,79
:61:081226C000000000260,00NTRF000002459148//180007
PAGO
:61:081226C000000001475,20NTRF000002459152//180007
PAGO
:61:081226C000000000164,63NTRF000002459163//180007
PAGO
:61:081226C000000000120,00NTRF000002459165//180007
PAGO
:61:081226C000000000200,00NTRF000002459167//180007
PAGO
:61:081226C000000000448,23NTRF000002459168//180007
PAGO
:61:081226C000000002000,00NTRF000000374631//180007
PAGO
:61:081226C000000005000,00NTRF000000374669//180007
PAGO
:61:081226C000000011701,20NTRF000002458920//180007
PAGO
:62M:C081226VEF000011164912,05
-}{5:{CHK:1143FB20924B}}{S:{COP:S}}${1:F21VZCRVECAAXXX5410610696}{4:{177:0404021720}{451:0}}{1:F01VZCRVECAAXXX5410610696}{2:09501717040402VZCRVECAAXXX40812675430404021720N}{3:{108:SCONNECT}}{4:
:20:MI081226
:25:2222222222
:28C:0527/106
:60M:C081226VEF000011164912,05
:61:081226C000000018620,16NTRF000002458968//180007
PAGO
:61:081226C000000000996,00NTRF000002458998//180007
PAGO
:61:081226C000000001270,07NTRF000002458999//180007
PAGO
:61:081226C000000000454,10NTRF000002459000//180007
PAGO
:61:081226D000011186252,38NTRF000020081226//180007
N/D
:62F:C081226VEF000000000000,00
-}{5:{CHK:96FA6004455F}}{S:{COP:S}}
