{1:F21CONSVECAAXXX5126904705}{4:{177:0805280702}{451:0}}{1:F01CONSVECAAXXX5126904705}{2:O9500704080528BPROVECAAXXX63117178900805280704N}{4:
:20:EC95004820080527
:25:01080090150500000806
:28C:08148/00001
:60F:D080527VEF4065488,38
:61:0805270527DB2268,00NCHG000076796//000076796
CORRESP. N/C 9523405082 230508    
:62F:D080527VEF4067756,38
:64:D080527VEF4067756,38
-}{5:{CHK:05648CAEAE29}}{S:{COP:S}}
