{1:F21VZCRVECAAXXX5410610696}{4:{177:0404021720}{451:0}}{1:F01VZCRVECAAXXX5410610696}{2:09501717040402VZCRVECAAXXX40812675430404021720N}{3:{108:SCONNECT}}{4:
:20:MI081229
:25:2222222222
:28C:0528/001
:60F:C081229VEF000000000000,00
:61:081229C000000001555,83NTRF000079900127//180008
PAGO
:61:081229C000000010133,17NTRF000080000096//180008
PAGO
:61:081229C000000000029,58NTRF000079900266//180008
PAGO
:61:081229C000000000827,81NTRF000079902875//180008
PAGO
:62M:C081229VEF000000012546,39
-}{5:{CHK:1143FB20924B}}{S:{COP:S}}${1:F21VZCRVECAAXXX5410610696}{4:{177:0404021720}{451:0}}{1:F01VZCRVECAAXXX5410610696}{2:09501717040402VZCRVECAAXXX40812675430404021720N}{3:{108:SCONNECT}}{4:
:20:MI081229
:25:2222222222
:28C:0528/002
:60M:C081229VEF000000012546,39
:61:081229C000000002030,62NTRF000079903760//180008
PAGO
:61:081229C000000008866,88NTRF000079903624//180008
PAGO
:61:081229C000000001388,51NTRF000079903207//180008
PAGO
:61:081229C000000001821,29NTRF000079903730//180008
PAGO
:61:081229C000000004035,94NTRF000079903138//180008
PAGO
:61:081229C000000001058,91NTRF000079903187//180008
PAGO
:61:081229C000000000017,49NTRF000079903487//180008
PAGO
:61:081229C000000001666,56NTRF000079903695//180008
PAGO
:61:081229C000000001478,34NTRF000079904026//180008
PAGO
:62M:C081229VEF000000034910,93
-}{5:{CHK:1143FB20924B}}{S:{COP:S}}${1:F21VZCRVECAAXXX5410610696}{4:{177:0404021720}{451:0}}{1:F01VZCRVECAAXXX5410610696}{2:09501717040402VZCRVECAAXXX40812675430404021720N}{3:{108:SCONNECT}}{4:
:20:MI081229
:25:2222222222
:28C:0528/003
:60M:C081229VEF000000034910,93
:61:081229C000000001083,06NTRF000079900731//180008
PAGO
:61:081229C000000000863,57NTRF000079900960//180008
PAGO
:61:081229C000000001000,00NTRF000000392295//180008
PAGO
:61:081229C000000011000,00NTRF000027821682//180008
PAGO
:61:081229C000000004250,00NTRF000027815970//180008
PAGO
:61:081229C000000005310,50NTRF000027814812//180008
PAGO
:61:081229C000000000450,00NTRF000027800472//180008
PAGO
:61:081229C000000001045,39NTRF000027804537//180008
PAGO
:61:081229C000000008000,00NTRF000027805312//180008
PAGO
:62M:C081229VEF000000067913,45
-}{5:{CHK:1143FB20924B}}{S:{COP:S}}${1:F21VZCRVECAAXXX5410610696}{4:{177:0404021720}{451:0}}{1:F01VZCRVECAAXXX5410610696}{2:09501717040402VZCRVECAAXXX40812675430404021720N}{3:{108:SCONNECT}}{4:
:20:MI081229
:25:2222222222
:28C:0528/004
:60M:C081229VEF000000067913,45
:61:081229C000000000500,00NTRF000027804795//180008
PAGO
:61:081229C000000000060,00NTRF000027802784//180008
PAGO
:61:081229C000000000320,00NTRF000027799043//180008
PAGO
:61:081229C000000001200,00NTRF000027798249//180008
PAGO
:61:081229C000000001523,52NTRF000000000025//180008
PAGO
:61:081229C000000012524,00NTRF000000000035//180008
PAGO
:61:081229C000000000481,20NTRF000000001244//180008
PAGO
:61:081229C000000000914,25NTRF000000000786//180008
PAGO
:61:081229C000000015000,00NTRF000000000296//180008
PAGO
:62M:C081229VEF000000100436,42
-}{5:{CHK:1143FB20924B}}{S:{COP:S}}${1:F21VZCRVECAAXXX5410610696}{4:{177:0404021720}{451:0}}{1:F01VZCRVECAAXXX5410610696}{2:09501717040402VZCRVECAAXXX40812675430404021720N}{3:{108:SCONNECT}}{4:
:20:MI081229
:25:2222222222
:28C:0528/005
:60M:C081229VEF000000100436,42
:61:081229C000000040405,90NTRF000000000777//180008
PAGO
:61:081229C000000000962,40NTRF000000001230//180008
PAGO
:61:081229C000000006836,00NTRF000000001297//180008
PAGO
:61:081229C000000000066,20NTRF000000000191//180008
PAGO
:61:081229C000000004996,32NTRF000000001309//180008
PAGO
:61:081229C000000008202,46NTRF000000000261//180008
PAGO
:61:081229C000000001171,44NTRF000079902329//180008
PAGO
:61:081229C000000005714,00NTRF000079902733//180008
PAGO
:61:081229C000000001403,65NTRF000079902282//180008
PAGO
:62M:C081229VEF000000170194,79
-}{5:{CHK:1143FB20924B}}{S:{COP:S}}${1:F21VZCRVECAAXXX5410610696}{4:{177:0404021720}{451:0}}{1:F01VZCRVECAAXXX5410610696}{2:09501717040402VZCRVECAAXXX40812675430404021720N}{3:{108:SCONNECT}}{4:
:20:MI081229
:25:2222222222
:28C:0528/006
:60M:C081229VEF000000170194,79
:61:081229C000000001888,81NTRF000079902513//180008
PAGO
:61:081229C000000001185,46NTRF000079902246//180008
PAGO
:61:081229C000000005540,52NTRF000079902158//180008
PAGO
:61:081229C000000001184,44NTRF000079902140//180008
PAGO
:61:081229C000000003576,03NTRF000079902124//180008
PAGO
:61:081229C000000001721,88NTRF000079902038//180008
PAGO
:61:081229C000000001019,94NTRF000079902799//180008
PAGO
:61:081229C000000000900,00NTRF000000387913//180008
PAGO
:61:081229C000000001000,00NTRF000000387926//180008
PAGO
:62M:C081229VEF000000188211,87
-}{5:{CHK:1143FB20924B}}{S:{COP:S}}${1:F21VZCRVECAAXXX5410610696}{4:{177:0404021720}{451:0}}{1:F01VZCRVECAAXXX5410610696}{2:09501717040402VZCRVECAAXXX40812675430404021720N}{3:{108:SCONNECT}}{4:
:20:MI081229
:25:2222222222
:28C:0528/007
:60M:C081229VEF000000188211,87
:61:081229C000000001350,00NTRF000000389524//180008
PAGO
:61:081229C000000000500,00NTRF000000388125//180008
PAGO
:61:081229C000000000900,00NTRF000000388183//180008
PAGO
:61:081229C000000001686,64NTRF000000388254//180008
PAGO
:61:081229C000000000150,00NTRF000000388285//180008
PAGO
:61:081229C000000000300,00NTRF000000388306//180008
PAGO
:61:081229C000000000250,00NTRF000000388328//180008
PAGO
:61:081229C000000000135,00NTRF000000388357//180008
PAGO
:61:081229C000000000500,00NTRF000000388368//180008
PAGO
:62M:C081229VEF000000193983,51
-}{5:{CHK:1143FB20924B}}{S:{COP:S}}${1:F21VZCRVECAAXXX5410610696}{4:{177:0404021720}{451:0}}{1:F01VZCRVECAAXXX5410610696}{2:09501717040402VZCRVECAAXXX40812675430404021720N}{3:{108:SCONNECT}}{4:
:20:MI081229
:25:2222222222
:28C:0528/008
:60M:C081229VEF000000193983,51
:61:081229C000000120000,00NTRF000003285778//180008
PAGO
:61:081229C000000010000,00NTRF000003285779//180008
PAGO
:61:081229C000000002658,50NTRF000003285955//180008
PAGO
:61:081229C000000001431,50NTRF000003285956//180008
PAGO
:61:081229C000000002147,25NTRF000003285957//180008
PAGO
:61:081229C000000000900,00NTRF000000388641//180008
PAGO
:61:081229C000000005000,00NTRF000000388691//180008
PAGO
:61:081229C000000002000,00NTRF000000388700//180008
PAGO
:61:081229C000000002225,00NTRF000000388703//180008
PAGO
:62M:C081229VEF000000340345,76
-}{5:{CHK:1143FB20924B}}{S:{COP:S}}${1:F21VZCRVECAAXXX5410610696}{4:{177:0404021720}{451:0}}{1:F01VZCRVECAAXXX5410610696}{2:09501717040402VZCRVECAAXXX40812675430404021720N}{3:{108:SCONNECT}}{4:
:20:MI081229
:25:2222222222
:28C:0528/009
:60M:C081229VEF000000340345,76
:61:081229C000000001000,00NTRF000000390632//180008
PAGO
:61:081229C000000001100,00NTRF000000390652//180008
PAGO
:61:081229C000000002203,00NTRF000000390664//180008
PAGO
:61:081229C000000000500,00NTRF000000390688//180008
PAGO
:61:081229C000000020000,00NTRF000000390724//180008
PAGO
:61:081229C000000000250,00NTRF000000390759//180008
PAGO
:61:081229C000000020000,00NTRF000000390784//180008
PAGO
:61:081229C000000001200,00NTRF000000390787//180008
PAGO
:61:081229C000000000500,00NTRF000000390972//180008
PAGO
:62M:C081229VEF000000387098,76
-}{5:{CHK:1143FB20924B}}{S:{COP:S}}${1:F21VZCRVECAAXXX5410610696}{4:{177:0404021720}{451:0}}{1:F01VZCRVECAAXXX5410610696}{2:09501717040402VZCRVECAAXXX40812675430404021720N}{3:{108:SCONNECT}}{4:
:20:MI081229
:25:2222222222
:28C:0528/010
:60M:C081229VEF000000387098,76
:61:081229C000000000300,00NTRF000000390994//180008
PAGO
:61:081229C000000000720,00NTRF000000391013//180008
PAGO
:61:081229C000000000400,00NTRF000000391095//180008
PAGO
:61:081229C000000022750,69NTRF000003286279//180008
PAGO
:61:081229C000000035175,41NTRF000003286283//180008
PAGO
:61:081229C000000003335,86NTRF000003286285//180008
PAGO
:61:081229C000000001450,00NTRF000000391138//180008
PAGO
:61:081229C000000010000,00NTRF000000391161//180008
PAGO
:61:081229C000000000500,00NTRF000000391212//180008
PAGO
:62M:C081229VEF000000461730,72
-}{5:{CHK:1143FB20924B}}{S:{COP:S}}${1:F21VZCRVECAAXXX5410610696}{4:{177:0404021720}{451:0}}{1:F01VZCRVECAAXXX5410610696}{2:09501717040402VZCRVECAAXXX40812675430404021720N}{3:{108:SCONNECT}}{4:
:20:MI081229
:25:2222222222
:28C:0528/011
:60M:C081229VEF000000461730,72
:61:081229C000000004300,00NTRF000000391576//180008
PAGO
:61:081229C000000007000,00NTRF000000391590//180008
PAGO
:61:081229C000000002500,00NTRF000000391612//180008
PAGO
:61:081229C000000002500,00NTRF000000391618//180008
PAGO
:61:081229C000000000650,00NTRF000000391620//180008
PAGO
:61:081229C000000000520,00NTRF000000391767//180008
PAGO
:61:081229C000000000805,00NTRF000000391792//180008
PAGO
:61:081229C000000000500,00NTRF000000391849//180008
PAGO
:61:081229C000000000550,00NTRF000000391853//180008
PAGO
:62M:C081229VEF000000481055,72
-}{5:{CHK:1143FB20924B}}{S:{COP:S}}${1:F21VZCRVECAAXXX5410610696}{4:{177:0404021720}{451:0}}{1:F01VZCRVECAAXXX5410610696}{2:09501717040402VZCRVECAAXXX40812675430404021720N}{3:{108:SCONNECT}}{4:
:20:MI081229
:25:2222222222
:28C:0528/012
:60M:C081229VEF000000481055,72
:61:081229C000000000050,00NTRF000000392186//180008
PAGO
:61:081229C000000010000,00NTRF000000392206//180008
PAGO
:61:081229C000000001000,00NTRF000000392231//180008
PAGO
:61:081229C000000000050,00NTRF000000392235//180008
PAGO
:61:081229C000000000600,00NTRF000000392279//180008
PAGO
:61:081229C000000000400,00NTRF000000391390//180008
PAGO
:61:081229C000000002500,00NTRF000000391402//180008
PAGO
:61:081229C000000004000,00NTRF000000391425//180008
PAGO
:61:081229C000000000900,00NTRF000000391464//180008
PAGO
:62M:C081229VEF000000500555,72
-}{5:{CHK:1143FB20924B}}{S:{COP:S}}${1:F21VZCRVECAAXXX5410610696}{4:{177:0404021720}{451:0}}{1:F01VZCRVECAAXXX5410610696}{2:09501717040402VZCRVECAAXXX40812675430404021720N}{3:{108:SCONNECT}}{4:
:20:MI081229
:25:2222222222
:28C:0528/013
:60M:C081229VEF000000500555,72
:61:081229C000000001500,00NTRF000000392110//180008
PAGO
:61:081229C000000002500,00NTRF000000392064//180008
PAGO
:61:081229C000000000500,00NTRF000000391983//180008
PAGO
:61:081229C000000000600,00NTRF000000391884//180008
PAGO
:61:081229C000000000114,56NTRF000000392501//180008
PAGO
:61:081229C000000002000,00NTRF000000392437//180008
PAGO
:61:081229C000000001000,00NTRF000000392339//180008
PAGO
:61:081229C000000001000,00NTRF000000392332//180008
PAGO
:61:081229C000000000715,31NTRF000002461358//180008
PAGO
:62M:C081229VEF000000510485,59
-}{5:{CHK:1143FB20924B}}{S:{COP:S}}${1:F21VZCRVECAAXXX5410610696}{4:{177:0404021720}{451:0}}{1:F01VZCRVECAAXXX5410610696}{2:09501717040402VZCRVECAAXXX40812675430404021720N}{3:{108:SCONNECT}}{4:
:20:MI081229
:25:2222222222
:28C:0528/014
:60M:C081229VEF000000510485,59
:61:081229C000000000677,31NTRF000002461359//180008
PAGO
:61:081229C000000000695,31NTRF000002461360//180008
PAGO
:61:081229C000000000697,33NTRF000002461361//180008
PAGO
:61:081229C000000000691,33NTRF000002461362//180008
PAGO
:61:081229C000000000715,31NTRF000002461363//180008
PAGO
:61:081229C000000000671,33NTRF000002461364//180008
PAGO
:61:081229C000000000799,23NTRF000002461365//180008
PAGO
:61:081229C000000000799,23NTRF000002461366//180008
PAGO
:61:081229C000000000651,04NTRF000002461367//180008
PAGO
:62M:C081229VEF000000516883,01
-}{5:{CHK:1143FB20924B}}{S:{COP:S}}${1:F21VZCRVECAAXXX5410610696}{4:{177:0404021720}{451:0}}{1:F01VZCRVECAAXXX5410610696}{2:09501717040402VZCRVECAAXXX40812675430404021720N}{3:{108:SCONNECT}}{4:
:20:MI081229
:25:2222222222
:28C:0528/015
:60M:C081229VEF000000516883,01
:61:081229C000000000693,50NTRF000002461368//180008
PAGO
:61:081229C000000000701,33NTRF000002461369//180008
PAGO
:61:081229C000000000719,31NTRF000002461370//180008
PAGO
:61:081229C000000000799,23NTRF000002461371//180008
PAGO
:61:081229C000000000799,23NTRF000002461372//180008
PAGO
:61:081229C000000000799,23NTRF000002461373//180008
PAGO
:61:081229C000000000635,36NTRF000002461382//180008
PAGO
:61:081229C000000004685,69NTRF000002461383//180008
PAGO
:61:081229C000000009162,99NTRF000002461384//180008
PAGO
:62M:C081229VEF000000535878,88
-}{5:{CHK:1143FB20924B}}{S:{COP:S}}${1:F21VZCRVECAAXXX5410610696}{4:{177:0404021720}{451:0}}{1:F01VZCRVECAAXXX5410610696}{2:09501717040402VZCRVECAAXXX40812675430404021720N}{3:{108:SCONNECT}}{4:
:20:MI081229
:25:2222222222
:28C:0528/016
:60M:C081229VEF000000535878,88
:61:081229C000000001600,00NTRF000002461395//180008
PAGO
:61:081229C000000000160,03NTRF000003286391//180008
PAGO
:61:081229C000000000018,54NTRF000003286400//180008
PAGO
:61:081229C000000000094,07NTRF000003286507//180008
PAGO
:61:081229C000000000209,45NTRF000003286512//180008
PAGO
:61:081229C000000000171,20NTRF000003286526//180008
PAGO
:61:081229C000000000066,95NTRF000003287311//180008
PAGO
:61:081229C000000000554,53NTRF000003287619//180008
PAGO
:61:081229C000000001223,48NTRF000003287769//180008
PAGO
:62M:C081229VEF000000539977,13
-}{5:{CHK:1143FB20924B}}{S:{COP:S}}${1:F21VZCRVECAAXXX5410610696}{4:{177:0404021720}{451:0}}{1:F01VZCRVECAAXXX5410610696}{2:09501717040402VZCRVECAAXXX40812675430404021720N}{3:{108:SCONNECT}}{4:
:20:MI081229
:25:2222222222
:28C:0528/017
:60M:C081229VEF000000539977,13
:61:081229C000000001084,43NTRF000003287836//180008
PAGO
:61:081229C000000019959,14NTRF000003287912//180008
PAGO
:61:081229C000000000799,23NTRF000002461378//180008
PAGO
:61:081229C000000000712,28NTRF000002461379//180008
PAGO
:61:081229C000000000663,30NTRF000002461380//180008
PAGO
:61:081229C000000001606,79NTRF000002461381//180008
PAGO
:61:081229C000000000065,99NTRF000003287298//180008
PAGO
:61:081229C000000000047,55NTRF000003287175//180008
PAGO
:61:081229C000000000105,20NTRF000003286918//180008
PAGO
:62M:C081229VEF000000565021,04
-}{5:{CHK:1143FB20924B}}{S:{COP:S}}${1:F21VZCRVECAAXXX5410610696}{4:{177:0404021720}{451:0}}{1:F01VZCRVECAAXXX5410610696}{2:09501717040402VZCRVECAAXXX40812675430404021720N}{3:{108:SCONNECT}}{4:
:20:MI081229
:25:2222222222
:28C:0528/018
:60M:C081229VEF000000565021,04
:61:081229C000000000030,26NTRF000003286902//180008
PAGO
:61:081229C000000000066,66NTRF000000403813//180008
PAGO
:61:081229C000000005000,00NTRF000000403827//180008
PAGO
:61:081229C000000010000,00NTRF000000403783//180008
PAGO
:61:081229C000000000206,00NTRF000000403580//180008
PAGO
:61:081229C000000000925,66NTRF000002461144//180008
PAGO
:61:081229C000000000741,25NTRF000002461088//180008
PAGO
:61:081229C000000000715,31NTRF000002461089//180008
PAGO
:61:081229C000000000719,31NTRF000002461090//180008
PAGO
:62M:C081229VEF000000583425,49
-}{5:{CHK:1143FB20924B}}{S:{COP:S}}${1:F21VZCRVECAAXXX5410610696}{4:{177:0404021720}{451:0}}{1:F01VZCRVECAAXXX5410610696}{2:09501717040402VZCRVECAAXXX40812675430404021720N}{3:{108:SCONNECT}}{4:
:20:MI081229
:25:2222222222
:28C:0528/019
:60M:C081229VEF000000583425,49
:61:081229C000000000741,29NTRF000002461091//180008
PAGO
:61:081229C000000000719,31NTRF000002461066//180008
PAGO
:61:081229C000000000715,31NTRF000002461067//180008
PAGO
:61:081229C000000000695,31NTRF000002461068//180008
PAGO
:61:081229C000000000678,34NTRF000002461069//180008
PAGO
:61:081229C000000000719,31NTRF000002461070//180008
PAGO
:61:081229C000000000701,33NTRF000002461071//180008
PAGO
:61:081229C000000000664,07NTRF000002461072//180008
PAGO
:61:081229C000000000711,28NTRF000002461073//180008
PAGO
:62M:C081229VEF000000589771,04
-}{5:{CHK:1143FB20924B}}{S:{COP:S}}${1:F21VZCRVECAAXXX5410610696}{4:{177:0404021720}{451:0}}{1:F01VZCRVECAAXXX5410610696}{2:09501717040402VZCRVECAAXXX40812675430404021720N}{3:{108:SCONNECT}}{4:
:20:MI081229
:25:2222222222
:28C:0528/020
:60M:C081229VEF000000589771,04
:61:081229C000000000688,29NTRF000002461074//180008
PAGO
:61:081229C000000000656,02NTRF000002461075//180008
PAGO
:61:081229C000000000755,27NTRF000002461076//180008
PAGO
:61:081229C000000000665,40NTRF000002461077//180008
PAGO
:61:081229C000000000719,31NTRF000002461078//180008
PAGO
:61:081229C000000000712,27NTRF000002461053//180008
PAGO
:61:081229C000000000691,33NTRF000002461054//180008
PAGO
:61:081229C000000000697,33NTRF000002461055//180008
PAGO
:61:081229C000000000663,29NTRF000002461056//180008
PAGO
:62M:C081229VEF000000596019,55
-}{5:{CHK:1143FB20924B}}{S:{COP:S}}${1:F21VZCRVECAAXXX5410610696}{4:{177:0404021720}{451:0}}{1:F01VZCRVECAAXXX5410610696}{2:09501717040402VZCRVECAAXXX40812675430404021720N}{3:{108:SCONNECT}}{4:
:20:MI081229
:25:2222222222
:28C:0528/021
:60M:C081229VEF000000596019,55
:61:081229C000000000799,23NTRF000002461057//180008
PAGO
:61:081229C000000000799,23NTRF000002461058//180008
PAGO
:61:081229C000000000716,26NTRF000002461059//180008
PAGO
:61:081229C000000000755,26NTRF000002461060//180008
PAGO
:61:081229C000000000643,04NTRF000002461061//180008
PAGO
:61:081229C000000000655,14NTRF000002461062//180008
PAGO
:61:081229C000000000685,41NTRF000002461063//180008
PAGO
:61:081229C000000000637,33NTRF000002461064//180008
PAGO
:61:081229C000000000675,12NTRF000002461065//180008
PAGO
:62M:C081229VEF000000602385,57
-}{5:{CHK:1143FB20924B}}{S:{COP:S}}${1:F21VZCRVECAAXXX5410610696}{4:{177:0404021720}{451:0}}{1:F01VZCRVECAAXXX5410610696}{2:09501717040402VZCRVECAAXXX40812675430404021720N}{3:{108:SCONNECT}}{4:
:20:MI081229
:25:2222222222
:28C:0528/022
:60M:C081229VEF000000602385,57
:61:081229C000000000774,55NTRF000002461040//180008
PAGO
:61:081229C000000000799,23NTRF000002461041//180008
PAGO
:61:081229C000000000679,12NTRF000002461042//180008
PAGO
:61:081229C000000000638,31NTRF000002461043//180008
PAGO
:61:081229C000000000680,75NTRF000002461044//180008
PAGO
:61:081229C000000000690,60NTRF000002461045//180008
PAGO
:61:081229C000000000663,35NTRF000002461046//180008
PAGO
:61:081229C000000000682,04NTRF000002461047//180008
PAGO
:61:081229C000000000705,64NTRF000002461048//180008
PAGO
:62M:C081229VEF000000608699,16
-}{5:{CHK:1143FB20924B}}{S:{COP:S}}${1:F21VZCRVECAAXXX5410610696}{4:{177:0404021720}{451:0}}{1:F01VZCRVECAAXXX5410610696}{2:09501717040402VZCRVECAAXXX40812675430404021720N}{3:{108:SCONNECT}}{4:
:20:MI081229
:25:2222222222
:28C:0528/023
:60M:C081229VEF000000608699,16
:61:081229C000000000663,28NTRF000002461049//180008
PAGO
:61:081229C000000000728,25NTRF000002461050//180008
PAGO
:61:081229C000000000637,42NTRF000002461051//180008
PAGO
:61:081229C000000000635,39NTRF000002461052//180008
PAGO
:61:081229C000000000691,28NTRF000002461027//180008
PAGO
:61:081229C000000000687,26NTRF000002461028//180008
PAGO
:61:081229C000000000689,88NTRF000002461029//180008
PAGO
:61:081229C000000000636,37NTRF000002461030//180008
PAGO
:61:081229C000000000601,47NTRF000002461031//180008
PAGO
:62M:C081229VEF000000614669,76
-}{5:{CHK:1143FB20924B}}{S:{COP:S}}${1:F21VZCRVECAAXXX5410610696}{4:{177:0404021720}{451:0}}{1:F01VZCRVECAAXXX5410610696}{2:09501717040402VZCRVECAAXXX40812675430404021720N}{3:{108:SCONNECT}}{4:
:20:MI081229
:25:2222222222
:28C:0528/024
:60M:C081229VEF000000614669,76
:61:081229C000000000715,31NTRF000002461032//180008
PAGO
:61:081229C000000000716,27NTRF000002461033//180008
PAGO
:61:081229C000000000795,23NTRF000002461034//180008
PAGO
:61:081229C000000000689,41NTRF000002461035//180008
PAGO
:61:081229C000000000799,21NTRF000002461036//180008
PAGO
:61:081229C000000000716,27NTRF000002461037//180008
PAGO
:61:081229C000000000564,43NTRF000002461038//180008
PAGO
:61:081229C000000000715,31NTRF000002461039//180008
PAGO
:61:081229C000000000840,89NTRF000002461014//180008
PAGO
:62M:C081229VEF000000621222,09
-}{5:{CHK:1143FB20924B}}{S:{COP:S}}${1:F21VZCRVECAAXXX5410610696}{4:{177:0404021720}{451:0}}{1:F01VZCRVECAAXXX5410610696}{2:09501717040402VZCRVECAAXXX40812675430404021720N}{3:{108:SCONNECT}}{4:
:20:MI081229
:25:2222222222
:28C:0528/025
:60M:C081229VEF000000621222,09
:61:081229C000000000587,51NTRF000002461015//180008
PAGO
:61:081229C000000000749,24NTRF000002461016//180008
PAGO
:61:081229C000000000849,69NTRF000002461017//180008
PAGO
:61:081229C000000000691,26NTRF000002461018//180008
PAGO
:61:081229C000000000728,39NTRF000002461019//180008
PAGO
:61:081229C000000000639,36NTRF000002461020//180008
PAGO
:61:081229C000000000647,45NTRF000002461021//180008
PAGO
:61:081229C000000000701,33NTRF000002460939//180008
PAGO
:61:081229C000000000689,31NTRF000002460940//180008
PAGO
:62M:C081229VEF000000627505,63
-}{5:{CHK:1143FB20924B}}{S:{COP:S}}${1:F21VZCRVECAAXXX5410610696}{4:{177:0404021720}{451:0}}{1:F01VZCRVECAAXXX5410610696}{2:09501717040402VZCRVECAAXXX40812675430404021720N}{3:{108:SCONNECT}}{4:
:20:MI081229
:25:2222222222
:28C:0528/026
:60M:C081229VEF000000627505,63
:61:081229C000000000671,43NTRF000002460941//180008
PAGO
:61:081229C000000000683,65NTRF000002460942//180008
PAGO
:61:081229C000000000634,32NTRF000002460943//180008
PAGO
:61:081229C000000000565,47NTRF000002460944//180008
PAGO
:61:081229C000000000715,31NTRF000002460945//180008
PAGO
:61:081229C000000000708,28NTRF000002460946//180008
PAGO
:61:081229C000000000739,28NTRF000002460947//180008
PAGO
:61:081229C000000000611,17NTRF000002460948//180008
PAGO
:61:081229C000000000691,33NTRF000002460923//180008
PAGO
:62M:C081229VEF000000633525,87
-}{5:{CHK:1143FB20924B}}{S:{COP:S}}${1:F21VZCRVECAAXXX5410610696}{4:{177:0404021720}{451:0}}{1:F01VZCRVECAAXXX5410610696}{2:09501717040402VZCRVECAAXXX40812675430404021720N}{3:{108:SCONNECT}}{4:
:20:MI081229
:25:2222222222
:28C:0528/027
:60M:C081229VEF000000633525,87
:61:081229C000000000704,43NTRF000002460924//180008
PAGO
:61:081229C000000000743,28NTRF000002460925//180008
PAGO
:61:081229C000000000663,31NTRF000002460926//180008
PAGO
:61:081229C000000000719,30NTRF000002460927//180008
PAGO
:61:081229C000000000715,31NTRF000002460928//180008
PAGO
:61:081229C000000000799,21NTRF000002460929//180008
PAGO
:61:081229C000000000691,33NTRF000002460930//180008
PAGO
:61:081229C000000000715,31NTRF000002460931//180008
PAGO
:61:081229C000000000578,08NTRF000002460932//180008
PAGO
:62M:C081229VEF000000639855,43
-}{5:{CHK:1143FB20924B}}{S:{COP:S}}${1:F21VZCRVECAAXXX5410610696}{4:{177:0404021720}{451:0}}{1:F01VZCRVECAAXXX5410610696}{2:09501717040402VZCRVECAAXXX40812675430404021720N}{3:{108:SCONNECT}}{4:
:20:MI081229
:25:2222222222
:28C:0528/028
:60M:C081229VEF000000639855,43
:61:081229C000000000695,36NTRF000002460933//180008
PAGO
:61:081229C000000004093,28NTRF000002460934//180008
PAGO
:61:081229C000000000535,45NTRF000002460935//180008
PAGO
:61:081229C000000000654,02NTRF000002460910//180008
PAGO
:61:081229C000000000715,31NTRF000002460911//180008
PAGO
:61:081229C000000000691,33NTRF000002460912//180008
PAGO
:61:081229C000000000799,23NTRF000002460913//180008
PAGO
:61:081229C000000000715,31NTRF000002460914//180008
PAGO
:61:081229C000000000675,33NTRF000002460915//180008
PAGO
:62M:C081229VEF000000649430,05
-}{5:{CHK:1143FB20924B}}{S:{COP:S}}${1:F21VZCRVECAAXXX5410610696}{4:{177:0404021720}{451:0}}{1:F01VZCRVECAAXXX5410610696}{2:09501717040402VZCRVECAAXXX40812675430404021720N}{3:{108:SCONNECT}}{4:
:20:MI081229
:25:2222222222
:28C:0528/029
:60M:C081229VEF000000649430,05
:61:081229C000000000755,27NTRF000002460916//180008
PAGO
:61:081229C000000000679,12NTRF000002460917//180008
PAGO
:61:081229C000000000691,33NTRF000002460918//180008
PAGO
:61:081229C000000000737,29NTRF000002460919//180008
PAGO
:61:081229C000000003057,16NTRF000002460920//180008
PAGO
:61:081229C000000000715,26NTRF000002460921//180008
PAGO
:61:081229C000000000794,64NTRF000002460922//180008
PAGO
:61:081229C000000000691,33NTRF000002460897//180008
PAGO
:61:081229C000000000715,31NTRF000002460898//180008
PAGO
:62M:C081229VEF000000658266,76
-}{5:{CHK:1143FB20924B}}{S:{COP:S}}${1:F21VZCRVECAAXXX5410610696}{4:{177:0404021720}{451:0}}{1:F01VZCRVECAAXXX5410610696}{2:09501717040402VZCRVECAAXXX40812675430404021720N}{3:{108:SCONNECT}}{4:
:20:MI081229
:25:2222222222
:28C:0528/030
:60M:C081229VEF000000658266,76
:61:081229C000000000684,05NTRF000002460899//180008
PAGO
:61:081229C000000000755,27NTRF000002460900//180008
PAGO
:61:081229C000000000654,35NTRF000002460901//180008
PAGO
:61:081229C000000000799,23NTRF000002460902//180008
PAGO
:61:081229C000000000691,33NTRF000002460903//180008
PAGO
:61:081229C000000000691,30NTRF000002460904//180008
PAGO
:61:081229C000000000691,33NTRF000002460905//180008
PAGO
:61:081229C000000000606,29NTRF000002460906//180008
PAGO
:61:081229C000000000668,30NTRF000002460907//180008
PAGO
:62M:C081229VEF000000664508,21
-}{5:{CHK:1143FB20924B}}{S:{COP:S}}${1:F21VZCRVECAAXXX5410610696}{4:{177:0404021720}{451:0}}{1:F01VZCRVECAAXXX5410610696}{2:09501717040402VZCRVECAAXXX40812675430404021720N}{3:{108:SCONNECT}}{4:
:20:MI081229
:25:2222222222
:28C:0528/031
:60M:C081229VEF000000664508,21
:61:081229C000000000715,30NTRF000002460908//180008
PAGO
:61:081229C000000000719,31NTRF000002460909//180008
PAGO
:61:081229C000000001000,00NTRF000000399591//180008
PAGO
:61:081229C000000001000,00NTRF000000399687//180008
PAGO
:61:081229C000000003200,00NTRF000000399752//180008
PAGO
:61:081229C000000000200,00NTRF000000399753//180008
PAGO
:61:081229C000000004000,00NTRF000000399808//180008
PAGO
:61:081229C000000010000,00NTRF000000399820//180008
PAGO
:61:081229C000000000767,18NTRF000002460890//180008
PAGO
:62M:C081229VEF000000686110,00
-}{5:{CHK:1143FB20924B}}{S:{COP:S}}${1:F21VZCRVECAAXXX5410610696}{4:{177:0404021720}{451:0}}{1:F01VZCRVECAAXXX5410610696}{2:09501717040402VZCRVECAAXXX40812675430404021720N}{3:{108:SCONNECT}}{4:
:20:MI081229
:25:2222222222
:28C:0528/032
:60M:C081229VEF000000686110,00
:61:081229C000000000715,31NTRF000002460891//180008
PAGO
:61:081229C000000000695,33NTRF000002460892//180008
PAGO
:61:081229C000000000691,28NTRF000002460893//180008
PAGO
:61:081229C000000000654,19NTRF000002460894//180008
PAGO
:61:081229C000000000715,31NTRF000002460895//180008
PAGO
:61:081229C000000000799,23NTRF000002460896//180008
PAGO
:61:081229C000000000060,00NTRF000000398923//180008
PAGO
:61:081229C000000006000,00NTRF000000398984//180008
PAGO
:61:081229C000000000195,00NTRF000000396629//180008
PAGO
:62M:C081229VEF000000696635,65
-}{5:{CHK:1143FB20924B}}{S:{COP:S}}${1:F21VZCRVECAAXXX5410610696}{4:{177:0404021720}{451:0}}{1:F01VZCRVECAAXXX5410610696}{2:09501717040402VZCRVECAAXXX40812675430404021720N}{3:{108:SCONNECT}}{4:
:20:MI081229
:25:2222222222
:28C:0528/033
:60M:C081229VEF000000696635,65
:61:081229C000000002000,00NTRF000000396715//180008
PAGO
:61:081229C000000000250,00NTRF000000396734//180008
PAGO
:61:081229C000000000054,00NTRF000000395082//180008
PAGO
:61:081229C000000000700,00NTRF000000395126//180008
PAGO
:61:081229C000000000800,00NTRF000000395135//180008
PAGO
:61:081229C000000000360,00NTRF000000395143//180008
PAGO
:61:081229C000000001800,00NTRF000000395175//180008
PAGO
:61:081229C000000009500,00NTRF000000395226//180008
PAGO
:61:081229C000000000050,00NTRF000000395314//180008
PAGO
:62M:C081229VEF000000712149,65
-}{5:{CHK:1143FB20924B}}{S:{COP:S}}${1:F21VZCRVECAAXXX5410610696}{4:{177:0404021720}{451:0}}{1:F01VZCRVECAAXXX5410610696}{2:09501717040402VZCRVECAAXXX40812675430404021720N}{3:{108:SCONNECT}}{4:
:20:MI081229
:25:2222222222
:28C:0528/034
:60M:C081229VEF000000712149,65
:61:081229C000000000500,00NTRF000000395318//180008
PAGO
:61:081229C000000000400,00NTRF000000395420//180008
PAGO
:61:081229C000000001600,00NTRF000000395434//180008
PAGO
:61:081229C000000000100,00NTRF000000395604//180008
PAGO
:61:081229C000000004500,00NTRF000000395666//180008
PAGO
:61:081229C000000000420,00NTRF000000395679//180008
PAGO
:61:081229C000000001300,00NTRF000000394634//180008
PAGO
:61:081229C000000000300,00NTRF000000394727//180008
PAGO
:61:081229C000000001650,00NTRF000000394862//180008
PAGO
:62M:C081229VEF000000722919,65
-}{5:{CHK:1143FB20924B}}{S:{COP:S}}${1:F21VZCRVECAAXXX5410610696}{4:{177:0404021720}{451:0}}{1:F01VZCRVECAAXXX5410610696}{2:09501717040402VZCRVECAAXXX40812675430404021720N}{3:{108:SCONNECT}}{4:
:20:MI081229
:25:2222222222
:28C:0528/035
:60M:C081229VEF000000722919,65
:61:081229C000000000500,00NTRF000000394868//180008
PAGO
:61:081229C000000000055,00NTRF000000394958//180008
PAGO
:61:081229C000000000300,00NTRF000000394963//180008
PAGO
:61:081229C000000000300,00NTRF000000394966//180008
PAGO
:61:081229C000000000544,50NTRF000000394981//180008
PAGO
:61:081229C000000000230,00NTRF000000395003//180008
PAGO
:61:081229C000000003000,00NTRF000000395034//180008
PAGO
:61:081229C000000000380,00NTRF000000395036//180008
PAGO
:61:081229C000000000300,00NTRF000000395065//180008
PAGO
:62M:C081229VEF000000728529,15
-}{5:{CHK:1143FB20924B}}{S:{COP:S}}${1:F21VZCRVECAAXXX5410610696}{4:{177:0404021720}{451:0}}{1:F01VZCRVECAAXXX5410610696}{2:09501717040402VZCRVECAAXXX40812675430404021720N}{3:{108:SCONNECT}}{4:
:20:MI081229
:25:2222222222
:28C:0528/036
:60M:C081229VEF000000728529,15
:61:081229C000000000200,00NTRF000000395075//180008
PAGO
:61:081229C000000003000,00NTRF000000394131//180008
PAGO
:61:081229C000000009000,00NTRF000000394260//180008
PAGO
:61:081229C000000007000,00NTRF000000394264//180008
PAGO
:61:081229C000000001784,77NTRF000000394291//180008
PAGO
:61:081229C000000000400,00NTRF000000394353//180008
PAGO
:61:081229C000000025000,00NTRF000000394354//180008
PAGO
:61:081229C000000000053,00NTRF000000394371//180008
PAGO
:61:081229C000000001000,00NTRF000000394383//180008
PAGO
:62M:C081229VEF000000775966,92
-}{5:{CHK:1143FB20924B}}{S:{COP:S}}${1:F21VZCRVECAAXXX5410610696}{4:{177:0404021720}{451:0}}{1:F01VZCRVECAAXXX5410610696}{2:09501717040402VZCRVECAAXXX40812675430404021720N}{3:{108:SCONNECT}}{4:
:20:MI081229
:25:2222222222
:28C:0528/037
:60M:C081229VEF000000775966,92
:61:081229C000000001450,00NTRF000000394404//180008
PAGO
:61:081229C000000000075,00NTRF000000394451//180008
PAGO
:61:081229C000000000200,00NTRF000000394471//180008
PAGO
:61:081229C000000001200,00NTRF000000394540//180008
PAGO
:61:081229C000000001000,00NTRF000000394563//180008
PAGO
:61:081229C000000000264,55NTRF000000393671//180008
PAGO
:61:081229C000000008000,00NTRF000000393697//180008
PAGO
:61:081229C000000002000,00NTRF000000393760//180008
PAGO
:61:081229C000000002000,00NTRF000000393766//180008
PAGO
:62M:C081229VEF000000792156,47
-}{5:{CHK:1143FB20924B}}{S:{COP:S}}${1:F21VZCRVECAAXXX5410610696}{4:{177:0404021720}{451:0}}{1:F01VZCRVECAAXXX5410610696}{2:09501717040402VZCRVECAAXXX40812675430404021720N}{3:{108:SCONNECT}}{4:
:20:MI081229
:25:2222222222
:28C:0528/038
:60M:C081229VEF000000792156,47
:61:081229C000000000500,00NTRF000000393773//180008
PAGO
:61:081229C000000000500,00NTRF000000393840//180008
PAGO
:61:081229C000000000200,00NTRF000000393983//180008
PAGO
:61:081229C000000000160,00NTRF000000394005//180008
PAGO
:61:081229C000000000300,00NTRF000000394040//180008
PAGO
:61:081229C000000000600,00NTRF000000394044//180008
PAGO
:61:081229C000000001450,00NTRF000000394049//180008
PAGO
:61:081229C000000001000,00NTRF000000394125//180008
PAGO
:61:081229C000000002000,00NTRF000000394128//180008
PAGO
:62M:C081229VEF000000798866,47
-}{5:{CHK:1143FB20924B}}{S:{COP:S}}${1:F21VZCRVECAAXXX5410610696}{4:{177:0404021720}{451:0}}{1:F01VZCRVECAAXXX5410610696}{2:09501717040402VZCRVECAAXXX40812675430404021720N}{3:{108:SCONNECT}}{4:
:20:MI081229
:25:2222222222
:28C:0528/039
:60M:C081229VEF000000798866,47
:61:081229C000000000200,00NTRF000000393183//180008
PAGO
:61:081229C000000001345,10NTRF000000393187//180008
PAGO
:61:081229C000000005000,00NTRF000000393209//180008
PAGO
:61:081229C000000000400,00NTRF000000393287//180008
PAGO
:61:081229C000000002600,00NTRF000000393322//180008
PAGO
:61:081229C000000000200,00NTRF000000393342//180008
PAGO
:61:081229C000000001500,00NTRF000000393343//180008
PAGO
:61:081229C000000001000,00NTRF000000393361//180008
PAGO
:61:081229C000000010000,00NTRF000000393452//180008
PAGO
:62M:C081229VEF000000821111,57
-}{5:{CHK:1143FB20924B}}{S:{COP:S}}${1:F21VZCRVECAAXXX5410610696}{4:{177:0404021720}{451:0}}{1:F01VZCRVECAAXXX5410610696}{2:09501717040402VZCRVECAAXXX40812675430404021720N}{3:{108:SCONNECT}}{4:
:20:MI081229
:25:2222222222
:28C:0528/040
:60M:C081229VEF000000821111,57
:61:081229C000000000499,00NTRF000000393471//180008
PAGO
:61:081229C000000002500,00NTRF000000393619//180008
PAGO
:61:081229C000000000100,00NTRF000000393664//180008
PAGO
:61:081229C000000000600,00NTRF000000393665//180008
PAGO
:61:081229C000000000200,00NTRF000000392756//180008
PAGO
:61:081229C000000000300,00NTRF000000392807//180008
PAGO
:61:081229C000000001000,00NTRF000000392891//180008
PAGO
:61:081229C000000000500,00NTRF000000392940//180008
PAGO
:61:081229C000000000500,00NTRF000000392942//180008
PAGO
:62M:C081229VEF000000827310,57
-}{5:{CHK:1143FB20924B}}{S:{COP:S}}${1:F21VZCRVECAAXXX5410610696}{4:{177:0404021720}{451:0}}{1:F01VZCRVECAAXXX5410610696}{2:09501717040402VZCRVECAAXXX40812675430404021720N}{3:{108:SCONNECT}}{4:
:20:MI081229
:25:2222222222
:28C:0528/041
:60M:C081229VEF000000827310,57
:61:081229C000000001000,00NTRF000000393051//180008
PAGO
:61:081229C000000001000,00NTRF000000393062//180008
PAGO
:61:081229C000000000200,00NTRF000000393067//180008
PAGO
:61:081229C000000000850,00NTRF000000398991//180008
PAGO
:61:081229C000000000498,00NTRF000000399035//180008
PAGO
:61:081229C000000000895,00NTRF000000399057//180008
PAGO
:61:081229C000000001000,00NTRF000000399124//180008
PAGO
:61:081229C000000003000,00NTRF000000399134//180008
PAGO
:61:081229C000000000500,00NTRF000000399179//180008
PAGO
:62M:C081229VEF000000836253,57
-}{5:{CHK:1143FB20924B}}{S:{COP:S}}${1:F21VZCRVECAAXXX5410610696}{4:{177:0404021720}{451:0}}{1:F01VZCRVECAAXXX5410610696}{2:09501717040402VZCRVECAAXXX40812675430404021720N}{3:{108:SCONNECT}}{4:
:20:MI081229
:25:2222222222
:28C:0528/042
:60M:C081229VEF000000836253,57
:61:081229C000000005000,00NTRF000000399238//180008
PAGO
:61:081229C000000000775,33NTRF000000399340//180008
PAGO
:61:081229C000000000500,00NTRF000000399442//180008
PAGO
:61:081229C000000000100,00NTRF000000399466//180008
PAGO
:61:081229C000000003000,00NTRF000000399550//180008
PAGO
:61:081229C000000000200,00NTRF000000398336//180008
PAGO
:61:081229C000000000200,00NTRF000000398344//180008
PAGO
:61:081229C000000000200,00NTRF000000398349//180008
PAGO
:61:081229C000000000500,00NTRF000000398433//180008
PAGO
:62M:C081229VEF000000846728,90
-}{5:{CHK:1143FB20924B}}{S:{COP:S}}${1:F21VZCRVECAAXXX5410610696}{4:{177:0404021720}{451:0}}{1:F01VZCRVECAAXXX5410610696}{2:09501717040402VZCRVECAAXXX40812675430404021720N}{3:{108:SCONNECT}}{4:
:20:MI081229
:25:2222222222
:28C:0528/043
:60M:C081229VEF000000846728,90
:61:081229C000000002000,00NTRF000000398454//180008
PAGO
:61:081229C000000001380,00NTRF000000398455//180008
PAGO
:61:081229C000000007000,00NTRF000000398462//180008
PAGO
:61:081229C000000000200,00NTRF000000398470//180008
PAGO
:61:081229C000000002700,00NTRF000000398504//180008
PAGO
:61:081229C000000002500,00NTRF000000398511//180008
PAGO
:61:081229C000000000659,00NTRF000000398564//180008
PAGO
:61:081229C000000000140,00NTRF000000398581//180008
PAGO
:61:081229C000000000500,00NTRF000000398874//180008
PAGO
:62M:C081229VEF000000863807,90
-}{5:{CHK:1143FB20924B}}{S:{COP:S}}${1:F21VZCRVECAAXXX5410610696}{4:{177:0404021720}{451:0}}{1:F01VZCRVECAAXXX5410610696}{2:09501717040402VZCRVECAAXXX40812675430404021720N}{3:{108:SCONNECT}}{4:
:20:MI081229
:25:2222222222
:28C:0528/044
:60M:C081229VEF000000863807,90
:61:081229C000000000200,00NTRF000000397963//180008
PAGO
:61:081229C000000000250,00NTRF000000397986//180008
PAGO
:61:081229C000000001000,00NTRF000000398022//180008
PAGO
:61:081229C000000003000,00NTRF000000398051//180008
PAGO
:61:081229C000000000500,00NTRF000000398104//180008
PAGO
:61:081229C000000000007,67NTRF000000398114//180008
PAGO
:61:081229C000000010000,00NTRF000000398149//180008
PAGO
:61:081229C000000009998,00NTRF000000398210//180008
PAGO
:61:081229C000000001000,00NTRF000000398280//180008
PAGO
:62M:C081229VEF000000889763,57
-}{5:{CHK:1143FB20924B}}{S:{COP:S}}${1:F21VZCRVECAAXXX5410610696}{4:{177:0404021720}{451:0}}{1:F01VZCRVECAAXXX5410610696}{2:09501717040402VZCRVECAAXXX40812675430404021720N}{3:{108:SCONNECT}}{4:
:20:MI081229
:25:2222222222
:28C:0528/045
:60M:C081229VEF000000889763,57
:61:081229C000000003000,00NTRF000000398299//180008
PAGO
:61:081229C000000002500,00NTRF000000398307//180008
PAGO
:61:081229C000000000200,00NTRF000000398332//180008
PAGO
:61:081229C000000000200,00NTRF000000398335//180008
PAGO
:61:081229C000000003000,00NTRF000000397554//180008
PAGO
:61:081229C000000000284,00NTRF000000397564//180008
PAGO
:61:081229C000000000200,00NTRF000000397588//180008
PAGO
:61:081229C000000003001,80NTRF000000397660//180008
PAGO
:61:081229C000000000500,00NTRF000000397672//180008
PAGO
:62M:C081229VEF000000902649,37
-}{5:{CHK:1143FB20924B}}{S:{COP:S}}${1:F21VZCRVECAAXXX5410610696}{4:{177:0404021720}{451:0}}{1:F01VZCRVECAAXXX5410610696}{2:09501717040402VZCRVECAAXXX40812675430404021720N}{3:{108:SCONNECT}}{4:
:20:MI081229
:25:2222222222
:28C:0528/046
:60M:C081229VEF000000902649,37
:61:081229C000000001000,00NTRF000000397730//180008
PAGO
:61:081229C000000000150,00NTRF000000397735//180008
PAGO
:61:081229C000000000200,00NTRF000000397759//180008
PAGO
:61:081229C000000000250,00NTRF000000397773//180008
PAGO
:61:081229C000000000250,00NTRF000000397787//180008
PAGO
:61:081229C000000000500,00NTRF000000397826//180008
PAGO
:61:081229C000000002000,00NTRF000000397876//180008
PAGO
:61:081229C000000000400,00NTRF000000397907//180008
PAGO
:61:081229C000000002000,00NTRF000000396782//180008
PAGO
:62M:C081229VEF000000909399,37
-}{5:{CHK:1143FB20924B}}{S:{COP:S}}${1:F21VZCRVECAAXXX5410610696}{4:{177:0404021720}{451:0}}{1:F01VZCRVECAAXXX5410610696}{2:09501717040402VZCRVECAAXXX40812675430404021720N}{3:{108:SCONNECT}}{4:
:20:MI081229
:25:2222222222
:28C:0528/047
:60M:C081229VEF000000909399,37
:61:081229C000000000290,00NTRF000000396980//180008
PAGO
:61:081229C000000003000,00NTRF000000396988//180008
PAGO
:61:081229C000000001000,00NTRF000000396991//180008
PAGO
:61:081229C000000000700,00NTRF000000397018//180008
PAGO
:61:081229C000000000400,00NTRF000000397021//180008
PAGO
:61:081229C000000001500,00NTRF000000397090//180008
PAGO
:61:081229C000000002850,00NTRF000000397152//180008
PAGO
:61:081229C000000000060,00NTRF000000397205//180008
PAGO
:61:081229C000000001470,00NTRF000000397368//180008
PAGO
:62M:C081229VEF000000920669,37
-}{5:{CHK:1143FB20924B}}{S:{COP:S}}${1:F21VZCRVECAAXXX5410610696}{4:{177:0404021720}{451:0}}{1:F01VZCRVECAAXXX5410610696}{2:09501717040402VZCRVECAAXXX40812675430404021720N}{3:{108:SCONNECT}}{4:
:20:MI081229
:25:2222222222
:28C:0528/048
:60M:C081229VEF000000920669,37
:61:081229C000000002000,00NTRF000000397420//180008
PAGO
:61:081229C000000002500,00NTRF000000397488//180008
PAGO
:61:081229C000000000300,00NTRF000000397492//180008
PAGO
:61:081229C000000001200,00NTRF000000395680//180008
PAGO
:61:081229C000000003358,00NTRF000000395733//180008
PAGO
:61:081229C000000015500,00NTRF000000395854//180008
PAGO
:61:081229C000000000270,00NTRF000000395876//180008
PAGO
:61:081229C000000000260,00NTRF000000396091//180008
PAGO
:61:081229C000000001100,00NTRF000000396095//180008
PAGO
:62M:C081229VEF000000947157,37
-}{5:{CHK:1143FB20924B}}{S:{COP:S}}${1:F21VZCRVECAAXXX5410610696}{4:{177:0404021720}{451:0}}{1:F01VZCRVECAAXXX5410610696}{2:09501717040402VZCRVECAAXXX40812675430404021720N}{3:{108:SCONNECT}}{4:
:20:MI081229
:25:2222222222
:28C:0528/049
:60M:C081229VEF000000947157,37
:61:081229C000000000155,00NTRF000000396104//180008
PAGO
:61:081229C000000005000,00NTRF000000396106//180008
PAGO
:61:081229C000000001500,00NTRF000000396400//180008
PAGO
:61:081229C000000000329,69NTRF000000396618//180008
PAGO
:61:081229C000000000715,31NTRF000002461022//180008
PAGO
:61:081229C000000000719,22NTRF000002461023//180008
PAGO
:61:081229C000000000669,11NTRF000002461024//180008
PAGO
:61:081229C000000000711,08NTRF000002461025//180008
PAGO
:61:081229C000000000757,22NTRF000002461026//180008
PAGO
:62M:C081229VEF000000957714,00
-}{5:{CHK:1143FB20924B}}{S:{COP:S}}${1:F21VZCRVECAAXXX5410610696}{4:{177:0404021720}{451:0}}{1:F01VZCRVECAAXXX5410610696}{2:09501717040402VZCRVECAAXXX40812675430404021720N}{3:{108:SCONNECT}}{4:
:20:MI081229
:25:2222222222
:28C:0528/050
:60M:C081229VEF000000957714,00
:61:081229C000000000719,31NTRF000002461001//180008
PAGO
:61:081229C000000000715,31NTRF000002461002//180008
PAGO
:61:081229C000000000712,27NTRF000002461003//180008
PAGO
:61:081229C000000000799,22NTRF000002461004//180008
PAGO
:61:081229C000000000719,31NTRF000002461005//180008
PAGO
:61:081229C000000001074,59NTRF000002461006//180008
PAGO
:61:081229C000000000719,31NTRF000002461007//180008
PAGO
:61:081229C000000000715,31NTRF000002461008//180008
PAGO
:61:081229C000000000704,43NTRF000002461009//180008
PAGO
:62M:C081229VEF000000964593,06
-}{5:{CHK:1143FB20924B}}{S:{COP:S}}${1:F21VZCRVECAAXXX5410610696}{4:{177:0404021720}{451:0}}{1:F01VZCRVECAAXXX5410610696}{2:09501717040402VZCRVECAAXXX40812675430404021720N}{3:{108:SCONNECT}}{4:
:20:MI081229
:25:2222222222
:28C:0528/051
:60M:C081229VEF000000964593,06
:61:081229C000000000635,39NTRF000002461010//180008
PAGO
:61:081229C000000000673,35NTRF000002461011//180008
PAGO
:61:081229C000000000708,44NTRF000002461012//180008
PAGO
:61:081229C000000000719,31NTRF000002461013//180008
PAGO
:61:081229C000000000799,23NTRF000002460988//180008
PAGO
:61:081229C000000000704,43NTRF000002460989//180008
PAGO
:61:081229C000000001021,02NTRF000002460990//180008
PAGO
:61:081229C000000000715,27NTRF000002460991//180008
PAGO
:61:081229C000000000672,52NTRF000002460992//180008
PAGO
:62M:C081229VEF000000971242,02
-}{5:{CHK:1143FB20924B}}{S:{COP:S}}${1:F21VZCRVECAAXXX5410610696}{4:{177:0404021720}{451:0}}{1:F01VZCRVECAAXXX5410610696}{2:09501717040402VZCRVECAAXXX40812675430404021720N}{3:{108:SCONNECT}}{4:
:20:MI081229
:25:2222222222
:28C:0528/052
:60M:C081229VEF000000971242,02
:61:081229C000000000715,31NTRF000002460993//180008
PAGO
:61:081229C000000000617,42NTRF000002460994//180008
PAGO
:61:081229C000000000757,89NTRF000002460995//180008
PAGO
:61:081229C000000000809,89NTRF000002460996//180008
PAGO
:61:081229C000000000715,31NTRF000002460997//180008
PAGO
:61:081229C000000000715,29NTRF000002460998//180008
PAGO
:61:081229C000000000912,93NTRF000002460999//180008
PAGO
:61:081229C000000000708,28NTRF000002461000//180008
PAGO
:61:081229C000000000701,33NTRF000002460975//180008
PAGO
:62M:C081229VEF000000977895,67
-}{5:{CHK:1143FB20924B}}{S:{COP:S}}${1:F21VZCRVECAAXXX5410610696}{4:{177:0404021720}{451:0}}{1:F01VZCRVECAAXXX5410610696}{2:09501717040402VZCRVECAAXXX40812675430404021720N}{3:{108:SCONNECT}}{4:
:20:MI081229
:25:2222222222
:28C:0528/053
:60M:C081229VEF000000977895,67
:61:081229C000000000719,31NTRF000002460976//180008
PAGO
:61:081229C000000000712,25NTRF000002460977//180008
PAGO
:61:081229C000000000737,29NTRF000002460978//180008
PAGO
:61:081229C000000000776,95NTRF000002460979//180008
PAGO
:61:081229C000000000675,12NTRF000002460980//180008
PAGO
:61:081229C000000000715,31NTRF000002460981//180008
PAGO
:61:081229C000000000698,07NTRF000002460982//180008
PAGO
:61:081229C000000000611,17NTRF000002460983//180008
PAGO
:61:081229C000000000684,27NTRF000002460984//180008
PAGO
:62M:C081229VEF000000984225,41
-}{5:{CHK:1143FB20924B}}{S:{COP:S}}${1:F21VZCRVECAAXXX5410610696}{4:{177:0404021720}{451:0}}{1:F01VZCRVECAAXXX5410610696}{2:09501717040402VZCRVECAAXXX40812675430404021720N}{3:{108:SCONNECT}}{4:
:20:MI081229
:25:2222222222
:28C:0528/054
:60M:C081229VEF000000984225,41
:61:081229C000000000661,40NTRF000002460985//180008
PAGO
:61:081229C000000000715,31NTRF000002460986//180008
PAGO
:61:081229C000000000715,31NTRF000002460987//180008
PAGO
:61:081229C000000000799,22NTRF000002460962//180008
PAGO
:61:081229C000000000719,31NTRF000002460963//180008
PAGO
:61:081229C000000000671,52NTRF000002460964//180008
PAGO
:61:081229C000000000708,28NTRF000002460965//180008
PAGO
:61:081229C000000000715,29NTRF000002460966//180008
PAGO
:61:081229C000000000719,31NTRF000002460967//180008
PAGO
:62M:C081229VEF000000990650,36
-}{5:{CHK:1143FB20924B}}{S:{COP:S}}${1:F21VZCRVECAAXXX5410610696}{4:{177:0404021720}{451:0}}{1:F01VZCRVECAAXXX5410610696}{2:09501717040402VZCRVECAAXXX40812675430404021720N}{3:{108:SCONNECT}}{4:
:20:MI081229
:25:2222222222
:28C:0528/055
:60M:C081229VEF000000990650,36
:61:081229C000000001299,79NTRF000002460968//180008
PAGO
:61:081229C000000000642,41NTRF000002460969//180008
PAGO
:61:081229C000000004848,00NTRF000029122008//180008
PAGO
:61:081229C000000000600,00NTRF000029122008//180008
PAGO
:61:081229C000000000530,00NTRF000029122008//180008
PAGO
:61:081229C000000002000,00NTRF000029122008//180008
PAGO
:61:081229C000000002000,00NTRF000029122008//180008
PAGO
:61:081229C000000000300,00NTRF000029122008//180008
PAGO
:61:081229C000000000300,00NTRF000029122008//180008
PAGO
:62M:C081229VEF000001003170,56
-}{5:{CHK:1143FB20924B}}{S:{COP:S}}${1:F21VZCRVECAAXXX5410610696}{4:{177:0404021720}{451:0}}{1:F01VZCRVECAAXXX5410610696}{2:09501717040402VZCRVECAAXXX40812675430404021720N}{3:{108:SCONNECT}}{4:
:20:MI081229
:25:2222222222
:28C:0528/056
:60M:C081229VEF000001003170,56
:61:081229C000000003648,00NTRF000029122008//180008
PAGO
:61:081229C000000002000,00NTRF000029122008//180008
PAGO
:61:081229C000000000150,00NTRF000029122008//180008
PAGO
:61:081229C000000000170,00NTRF000029122008//180008
PAGO
:61:081229C000000000600,00NTRF000029122008//180008
PAGO
:61:081229C000000000194,97NTRF000029122008//180008
PAGO
:61:081229C000000000200,00NTRF000029122008//180008
PAGO
:61:081229C000000000200,00NTRF000029122008//180008
PAGO
:61:081229C000000000350,00NTRF000029122008//180008
PAGO
:62M:C081229VEF000001010683,53
-}{5:{CHK:1143FB20924B}}{S:{COP:S}}${1:F21VZCRVECAAXXX5410610696}{4:{177:0404021720}{451:0}}{1:F01VZCRVECAAXXX5410610696}{2:09501717040402VZCRVECAAXXX40812675430404021720N}{3:{108:SCONNECT}}{4:
:20:MI081229
:25:2222222222
:28C:0528/057
:60M:C081229VEF000001010683,53
:61:081229C000000006000,00NTRF000029122008//180008
PAGO
:61:081229C000000005000,00NTRF000029122008//180008
PAGO
:61:081229C000000000100,00NTRF000029122008//180008
PAGO
:61:081229C000000000200,00NTRF000029122008//180008
PAGO
:61:081229C000000000500,00NTRF000029122008//180008
PAGO
:61:081229C000000002000,00NTRF000029122008//180008
PAGO
:61:081229C000000000860,00NTRF000029122008//180008
PAGO
:61:081229C000000000050,00NTRF000029122008//180008
PAGO
:61:081229C000000000300,00NTRF000029122008//180008
PAGO
:62M:C081229VEF000001025693,53
-}{5:{CHK:1143FB20924B}}{S:{COP:S}}${1:F21VZCRVECAAXXX5410610696}{4:{177:0404021720}{451:0}}{1:F01VZCRVECAAXXX5410610696}{2:09501717040402VZCRVECAAXXX40812675430404021720N}{3:{108:SCONNECT}}{4:
:20:MI081229
:25:2222222222
:28C:0528/058
:60M:C081229VEF000001025693,53
:61:081229C000000001000,00NTRF000029122008//180008
PAGO
:61:081229C000000004100,00NTRF000029122008//180008
PAGO
:61:081229C000000000551,00NTRF000029122008//180008
PAGO
:61:081229C000000000500,00NTRF000029122008//180008
PAGO
:61:081229C000000000110,00NTRF000029122008//180008
PAGO
:61:081229C000000000060,00NTRF000029122008//180008
PAGO
:61:081229C000000000424,21NTRF000003286758//180008
PAGO
:61:081229C000000000072,64NTRF000003286906//180008
PAGO
:61:081229C000000000334,93NTRF000003287163//180008
PAGO
:62M:C081229VEF000001032846,31
-}{5:{CHK:1143FB20924B}}{S:{COP:S}}${1:F21VZCRVECAAXXX5410610696}{4:{177:0404021720}{451:0}}{1:F01VZCRVECAAXXX5410610696}{2:09501717040402VZCRVECAAXXX40812675430404021720N}{3:{108:SCONNECT}}{4:
:20:MI081229
:25:2222222222
:28C:0528/059
:60M:C081229VEF000001032846,31
:61:081229C000000000025,53NTRF000003287297//180008
PAGO
:61:081229C000000000799,23NTRF000002461374//180008
PAGO
:61:081229C000000000799,23NTRF000002461375//180008
PAGO
:61:081229C000000000701,33NTRF000002461376//180008
PAGO
:61:081229C000000001039,00NTRF000002461377//180008
PAGO
:61:081229C000000000662,41NTRF000002461352//180008
PAGO
:61:081229C000000000613,31NTRF000002461353//180008
PAGO
:61:081229C000000000799,23NTRF000002461354//180008
PAGO
:61:081229C000000000597,21NTRF000002461355//180008
PAGO
:62M:C081229VEF000001038882,79
-}{5:{CHK:1143FB20924B}}{S:{COP:S}}${1:F21VZCRVECAAXXX5410610696}{4:{177:0404021720}{451:0}}{1:F01VZCRVECAAXXX5410610696}{2:09501717040402VZCRVECAAXXX40812675430404021720N}{3:{108:SCONNECT}}{4:
:20:MI081229
:25:2222222222
:28C:0528/060
:60M:C081229VEF000001038882,79
:61:081229C000000000648,43NTRF000002461339//180008
PAGO
:61:081229C000000000633,41NTRF000002461340//180008
PAGO
:61:081229C000000000695,33NTRF000002461341//180008
PAGO
:61:081229C000000000629,38NTRF000002461342//180008
PAGO
:61:081229C000000000666,31NTRF000002461343//180008
PAGO
:61:081229C000000000705,29NTRF000002461344//180008
PAGO
:61:081229C000000000612,36NTRF000002461345//180008
PAGO
:61:081229C000000000652,33NTRF000002461346//180008
PAGO
:61:081229C000000000715,31NTRF000002461330//180008
PAGO
:62M:C081229VEF000001044840,94
-}{5:{CHK:1143FB20924B}}{S:{COP:S}}${1:F21VZCRVECAAXXX5410610696}{4:{177:0404021720}{451:0}}{1:F01VZCRVECAAXXX5410610696}{2:09501717040402VZCRVECAAXXX40812675430404021720N}{3:{108:SCONNECT}}{4:
:20:MI081229
:25:2222222222
:28C:0528/061
:60M:C081229VEF000001044840,94
:61:081229C000000000637,92NTRF000002461331//180008
PAGO
:61:081229C000000000607,00NTRF000002461332//180008
PAGO
:61:081229C000000000611,48NTRF000002461333//180008
PAGO
:61:081229C000000000605,49NTRF000002461334//180008
PAGO
:61:081229C000000000669,14NTRF000002461335//180008
PAGO
:61:081229C000000001681,18NTRF000002461336//180008
PAGO
:61:081229C000000000640,72NTRF000002461337//180008
PAGO
:61:081229C000000000618,39NTRF000002461321//180008
PAGO
:61:081229C000000000579,37NTRF000002461322//180008
PAGO
:62M:C081229VEF000001051491,63
-}{5:{CHK:1143FB20924B}}{S:{COP:S}}${1:F21VZCRVECAAXXX5410610696}{4:{177:0404021720}{451:0}}{1:F01VZCRVECAAXXX5410610696}{2:09501717040402VZCRVECAAXXX40812675430404021720N}{3:{108:SCONNECT}}{4:
:20:MI081229
:25:2222222222
:28C:0528/062
:60M:C081229VEF000001051491,63
:61:081229C000000000635,39NTRF000002461323//180008
PAGO
:61:081229C000000000715,31NTRF000002461324//180008
PAGO
:61:081229C000000000502,96NTRF000002461325//180008
PAGO
:61:081229C000000000689,88NTRF000002461300//180008
PAGO
:61:081229C000000001931,28NTRF000002461301//180008
PAGO
:61:081229C000000000613,31NTRF000002461302//180008
PAGO
:61:081229C000000001208,03NTRF000002461312//180008
PAGO
:61:081229C000000000555,37NTRF000002461287//180008
PAGO
:61:081229C000000000680,02NTRF000002461288//180008
PAGO
:62M:C081229VEF000001059023,18
-}{5:{CHK:1143FB20924B}}{S:{COP:S}}${1:F21VZCRVECAAXXX5410610696}{4:{177:0404021720}{451:0}}{1:F01VZCRVECAAXXX5410610696}{2:09501717040402VZCRVECAAXXX40812675430404021720N}{3:{108:SCONNECT}}{4:
:20:MI081229
:25:2222222222
:28C:0528/063
:60M:C081229VEF000001059023,18
:61:081229C000000000631,30NTRF000002461289//180008
PAGO
:61:081229C000000000262,41NTRF000002461290//180008
PAGO
:61:081229C000000000248,00NTRF000002461291//180008
PAGO
:61:081229C000000000893,34NTRF000002461292//180008
PAGO
:61:081229C000000000105,92NTRF000002461293//180008
PAGO
:61:081229C000000000643,29NTRF000002461211//180008
PAGO
:61:081229C000000000695,31NTRF000002461212//180008
PAGO
:61:081229C000000000679,38NTRF000002461213//180008
PAGO
:61:081229C000000000635,31NTRF000002461214//180008
PAGO
:62M:C081229VEF000001063817,44
-}{5:{CHK:1143FB20924B}}{S:{COP:S}}${1:F21VZCRVECAAXXX5410610696}{4:{177:0404021720}{451:0}}{1:F01VZCRVECAAXXX5410610696}{2:09501717040402VZCRVECAAXXX40812675430404021720N}{3:{108:SCONNECT}}{4:
:20:MI081229
:25:2222222222
:28C:0528/064
:60M:C081229VEF000001063817,44
:61:081229C000000000719,30NTRF000002461215//180008
PAGO
:61:081229C000000000705,29NTRF000002461216//180008
PAGO
:61:081229C000000000701,33NTRF000002461217//180008
PAGO
:61:081229C000000000652,38NTRF000002461218//180008
PAGO
:61:081229C000000000719,31NTRF000002461219//180008
PAGO
:61:081229C000000000314,89NTRF000002461220//180008
PAGO
:61:081229C000000000667,43NTRF000002461221//180008
PAGO
:61:081229C000000000697,33NTRF000002461196//180008
PAGO
:61:081229C000000000642,08NTRF000002461197//180008
PAGO
:62M:C081229VEF000001069636,78
-}{5:{CHK:1143FB20924B}}{S:{COP:S}}${1:F21VZCRVECAAXXX5410610696}{4:{177:0404021720}{451:0}}{1:F01VZCRVECAAXXX5410610696}{2:09501717040402VZCRVECAAXXX40812675430404021720N}{3:{108:SCONNECT}}{4:
:20:MI081229
:25:2222222222
:28C:0528/065
:60M:C081229VEF000001069636,78
:61:081229C000000000701,29NTRF000002461198//180008
PAGO
:61:081229C000000000621,72NTRF000002461199//180008
PAGO
:61:081229C000000000928,59NTRF000002461200//180008
PAGO
:61:081229C000000001554,93NTRF000002461201//180008
PAGO
:61:081229C000000000579,56NTRF000002461202//180008
PAGO
:61:081229C000000001733,07NTRF000002461203//180008
PAGO
:61:081229C000000000705,65NTRF000002461204//180008
PAGO
:61:081229C000000000697,33NTRF000002461205//180008
PAGO
:61:081229C000000000708,28NTRF000002461206//180008
PAGO
:62M:C081229VEF000001077867,20
-}{5:{CHK:1143FB20924B}}{S:{COP:S}}${1:F21VZCRVECAAXXX5410610696}{4:{177:0404021720}{451:0}}{1:F01VZCRVECAAXXX5410610696}{2:09501717040402VZCRVECAAXXX40812675430404021720N}{3:{108:SCONNECT}}{4:
:20:MI081229
:25:2222222222
:28C:0528/066
:60M:C081229VEF000001077867,20
:61:081229C000000000636,29NTRF000002461207//180008
PAGO
:61:081229C000000000799,23NTRF000002461208//180008
PAGO
:61:081229C000000000591,41NTRF000002461183//180008
PAGO
:61:081229C000000000649,96NTRF000002461184//180008
PAGO
:61:081229C000000000517,41NTRF000002461185//180008
PAGO
:61:081229C000000000719,19NTRF000002461186//180008
PAGO
:61:081229C000000000691,22NTRF000002461187//180008
PAGO
:61:081229C000000000490,16NTRF000002461188//180008
PAGO
:61:081229C000000000671,33NTRF000002461189//180008
PAGO
:62M:C081229VEF000001083633,40
-}{5:{CHK:1143FB20924B}}{S:{COP:S}}${1:F21VZCRVECAAXXX5410610696}{4:{177:0404021720}{451:0}}{1:F01VZCRVECAAXXX5410610696}{2:09501717040402VZCRVECAAXXX40812675430404021720N}{3:{108:SCONNECT}}{4:
:20:MI081229
:25:2222222222
:28C:0528/067
:60M:C081229VEF000001083633,40
:61:081229C000000000689,31NTRF000002461190//180008
PAGO
:61:081229C000000000482,38NTRF000002461191//180008
PAGO
:61:081229C000000000683,33NTRF000002461192//180008
PAGO
:61:081229C000000000639,33NTRF000002461193//180008
PAGO
:61:081229C000000000518,63NTRF000002461194//180008
PAGO
:61:081229C000000000692,31NTRF000002461195//180008
PAGO
:61:081229C000000000636,98NTRF000002461170//180008
PAGO
:61:081229C000000000713,38NTRF000002461171//180008
PAGO
:61:081229C000000000736,89NTRF000002461172//180008
PAGO
:62M:C081229VEF000001089425,94
-}{5:{CHK:1143FB20924B}}{S:{COP:S}}${1:F21VZCRVECAAXXX5410610696}{4:{177:0404021720}{451:0}}{1:F01VZCRVECAAXXX5410610696}{2:09501717040402VZCRVECAAXXX40812675430404021720N}{3:{108:SCONNECT}}{4:
:20:MI081229
:25:2222222222
:28C:0528/068
:60M:C081229VEF000001089425,94
:61:081229C000000000671,43NTRF000002461173//180008
PAGO
:61:081229C000000000631,31NTRF000002461174//180008
PAGO
:61:081229C000000003069,34NTRF000002461175//180008
PAGO
:61:081229C000000000701,33NTRF000002461176//180008
PAGO
:61:081229C000000000657,43NTRF000002461177//180008
PAGO
:61:081229C000000000642,33NTRF000002461178//180008
PAGO
:61:081229C000000000524,51NTRF000002461179//180008
PAGO
:61:081229C000000000448,72NTRF000002461180//180008
PAGO
:61:081229C000000000678,48NTRF000002461181//180008
PAGO
:62M:C081229VEF000001097450,82
-}{5:{CHK:1143FB20924B}}{S:{COP:S}}${1:F21VZCRVECAAXXX5410610696}{4:{177:0404021720}{451:0}}{1:F01VZCRVECAAXXX5410610696}{2:09501717040402VZCRVECAAXXX40812675430404021720N}{3:{108:SCONNECT}}{4:
:20:MI081229
:25:2222222222
:28C:0528/069
:60M:C081229VEF000001097450,82
:61:081229C000000000759,27NTRF000002461182//180008
PAGO
:61:081229C000000000709,28NTRF000002461157//180008
PAGO
:61:081229C000000000611,23NTRF000002461158//180008
PAGO
:61:081229C000000000719,31NTRF000002461159//180008
PAGO
:61:081229C000000000689,41NTRF000002461160//180008
PAGO
:61:081229C000000000715,31NTRF000002461161//180008
PAGO
:61:081229C000000000691,33NTRF000002461162//180008
PAGO
:61:081229C000000000706,35NTRF000002461163//180008
PAGO
:61:081229C000000000648,54NTRF000002461164//180008
PAGO
:62M:C081229VEF000001103700,85
-}{5:{CHK:1143FB20924B}}{S:{COP:S}}${1:F21VZCRVECAAXXX5410610696}{4:{177:0404021720}{451:0}}{1:F01VZCRVECAAXXX5410610696}{2:09501717040402VZCRVECAAXXX40812675430404021720N}{3:{108:SCONNECT}}{4:
:20:MI081229
:25:2222222222
:28C:0528/070
:60M:C081229VEF000001103700,85
:61:081229C000000000715,31NTRF000002461165//180008
PAGO
:61:081229C000000000673,32NTRF000002461166//180008
PAGO
:61:081229C000000000713,55NTRF000002461167//180008
PAGO
:61:081229C000000000739,25NTRF000002461168//180008
PAGO
:61:081229C000000000226,07NTRF000002461169//180008
PAGO
:61:081229C000000000020,00NTRF000091401022//180008
PAGO
:61:081229C000000001200,00NTRF000094705183//180008
PAGO
:61:081229C000000000345,00NTRF000027311346//180008
PAGO
:61:081229C000000000150,00NTRF000092186307//180008
PAGO
:62M:C081229VEF000001108483,35
-}{5:{CHK:1143FB20924B}}{S:{COP:S}}${1:F21VZCRVECAAXXX5410610696}{4:{177:0404021720}{451:0}}{1:F01VZCRVECAAXXX5410610696}{2:09501717040402VZCRVECAAXXX40812675430404021720N}{3:{108:SCONNECT}}{4:
:20:MI081229
:25:2222222222
:28C:0528/071
:60M:C081229VEF000001108483,35
:61:081229C000000001241,00NTRF000046013609//180008
PAGO
:61:081229C000000004023,37NTRF000031984422//180008
PAGO
:61:081229C000000001500,00NTRF000040450760//180008
PAGO
:61:081229C000000004000,00NTRF000033581221//180008
PAGO
:61:081229C000000001200,00NTRF000069859214//180008
PAGO
:61:081229C000000000192,00NTRF000019039793//180008
PAGO
:61:081229C000000000500,00NTRF000006612673//180008
PAGO
:61:081229C000000000838,81NTRF000005907538//180008
PAGO
:61:081229C000000003000,00NTRF000005280584//180008
PAGO
:62M:C081229VEF000001124978,53
-}{5:{CHK:1143FB20924B}}{S:{COP:S}}${1:F21VZCRVECAAXXX5410610696}{4:{177:0404021720}{451:0}}{1:F01VZCRVECAAXXX5410610696}{2:09501717040402VZCRVECAAXXX40812675430404021720N}{3:{108:SCONNECT}}{4:
:20:MI081229
:25:2222222222
:28C:0528/072
:60M:C081229VEF000001124978,53
:61:081229C000000000500,00NTRF000004171339//180008
PAGO
:61:081229C000000000450,00NTRF000006320373//180008
PAGO
:61:081229C000000002500,00NTRF000006771014//180008
PAGO
:61:081229C000000002000,00NTRF000031146694//180008
PAGO
:61:081229C000000001454,49NTRF000031067824//180008
PAGO
:61:081229C000000000090,00NTRF000031063125//180008
PAGO
:61:081229C000000000300,00NTRF000031067497//180008
PAGO
:61:081229C000000000050,00NTRF000031148018//180008
PAGO
:61:081229C000000004000,00NTRF000031080030//180008
PAGO
:62M:C081229VEF000001136323,02
-}{5:{CHK:1143FB20924B}}{S:{COP:S}}${1:F21VZCRVECAAXXX5410610696}{4:{177:0404021720}{451:0}}{1:F01VZCRVECAAXXX5410610696}{2:09501717040402VZCRVECAAXXX40812675430404021720N}{3:{108:SCONNECT}}{4:
:20:MI081229
:25:2222222222
:28C:0528/073
:60M:C081229VEF000001136323,02
:61:081229C000000001000,00NTRF000031158071//180008
PAGO
:61:081229C000000002310,00NTRF000000174759//180008
PAGO
:61:081229C000000003100,00NTRF000000175353//180008
PAGO
:61:081229C000000000010,00NTRF000027826586//180008
PAGO
:61:081229C000000001000,00NTRF000027827056//180008
PAGO
:61:081229C000000005000,00NTRF000027825433//180008
PAGO
:61:081229C000000001180,99NTRF000084237716//180008
PAGO
:61:081229C000000000076,69NTRF000084234990//180008
PAGO
:61:081229C000000000049,80NTRF000084230300//180008
PAGO
:62M:C081229VEF000001150050,50
-}{5:{CHK:1143FB20924B}}{S:{COP:S}}${1:F21VZCRVECAAXXX5410610696}{4:{177:0404021720}{451:0}}{1:F01VZCRVECAAXXX5410610696}{2:09501717040402VZCRVECAAXXX40812675430404021720N}{3:{108:SCONNECT}}{4:
:20:MI081229
:25:2222222222
:28C:0528/074
:60M:C081229VEF000001150050,50
:61:081229C000000000319,69NTRF000084238696//180008
PAGO
:61:081229C000000000319,69NTRF000084238700//180008
PAGO
:61:081229C000000025109,84NTRF000084230996//180008
PAGO
:61:081229C000000002586,45NTRF000084236891//180008
PAGO
:61:081229C000000001327,85NTRF000084233656//180008
PAGO
:61:081229C000000010109,21NTRF000084238092//180008
PAGO
:61:081229C000000000571,53NTRF000084240822//180008
PAGO
:61:081229C000000000262,22NTRF000084240833//180008
PAGO
:61:081229C000000003304,38NTRF000084240752//180008
PAGO
:62M:C081229VEF000001193961,36
-}{5:{CHK:1143FB20924B}}{S:{COP:S}}${1:F21VZCRVECAAXXX5410610696}{4:{177:0404021720}{451:0}}{1:F01VZCRVECAAXXX5410610696}{2:09501717040402VZCRVECAAXXX40812675430404021720N}{3:{108:SCONNECT}}{4:
:20:MI081229
:25:2222222222
:28C:0528/075
:60M:C081229VEF000001193961,36
:61:081229C000000115000,00NTRF000084231033//180008
PAGO
:61:081229C000000000800,00NTRF000084239083//180008
PAGO
:61:081229C000000000700,00NTRF000084239094//180008
PAGO
:61:081229C000000000319,69NTRF000084239120//180008
PAGO
:61:081229C000000000449,90NTRF000084230775//180008
PAGO
:61:081229C000000001898,45NTRF000084238615//180008
PAGO
:61:081229C000000000074,83NTRF000084230311//180008
PAGO
:61:081229C000000117224,00NTRF000084234872//180008
PAGO
:61:081229C000000032300,00NTRF000084232492//180008
PAGO
:62M:C081229VEF000001462728,23
-}{5:{CHK:1143FB20924B}}{S:{COP:S}}${1:F21VZCRVECAAXXX5410610696}{4:{177:0404021720}{451:0}}{1:F01VZCRVECAAXXX5410610696}{2:09501717040402VZCRVECAAXXX40812675430404021720N}{3:{108:SCONNECT}}{4:
:20:MI081229
:25:2222222222
:28C:0528/076
:60M:C081229VEF000001462728,23
:61:081229C000000000295,45NTRF000084240251//180008
PAGO
:61:081229C000000001000,00NTRF000084229530//180008
PAGO
:61:081229C000000055521,82NTRF000084230930//180008
PAGO
:61:081229C000000001000,00NTRF000084229504//180008
PAGO
:61:081229C000000000100,00NTRF000084229795//180008
PAGO
:61:081229C000000000500,00NTRF000084180353//180008
PAGO
:61:081229C000000000150,00NTRF000084191354//180008
PAGO
:61:081229C000000000120,00NTRF000084180143//180008
PAGO
:61:081229C000000002000,00NTRF000084191855//180008
PAGO
:62M:C081229VEF000001523415,50
-}{5:{CHK:1143FB20924B}}{S:{COP:S}}${1:F21VZCRVECAAXXX5410610696}{4:{177:0404021720}{451:0}}{1:F01VZCRVECAAXXX5410610696}{2:09501717040402VZCRVECAAXXX40812675430404021720N}{3:{108:SCONNECT}}{4:
:20:MI081229
:25:2222222222
:28C:0528/077
:60M:C081229VEF000001523415,50
:61:081229C000000000500,00NTRF000084183831//180008
PAGO
:61:081229C000000001000,00NTRF000084189221//180008
PAGO
:61:081229C000000000500,00NTRF000084189081//180008
PAGO
:61:081229C000000000500,00NTRF000084208843//180008
PAGO
:61:081229C000001000000,00NTRF000084204186//180008
PAGO
:61:081229C000000002100,00NTRF000084215821//180008
PAGO
:61:081229C000000001800,00NTRF000084215924//180008
PAGO
:61:081229C000000005000,00NTRF000084204746//180008
PAGO
:61:081229C000000001500,00NTRF000084216193//180008
PAGO
:62M:C081229VEF000002536315,50
-}{5:{CHK:1143FB20924B}}{S:{COP:S}}${1:F21VZCRVECAAXXX5410610696}{4:{177:0404021720}{451:0}}{1:F01VZCRVECAAXXX5410610696}{2:09501717040402VZCRVECAAXXX40812675430404021720N}{3:{108:SCONNECT}}{4:
:20:MI081229
:25:2222222222
:28C:0528/078
:60M:C081229VEF000002536315,50
:61:081229C000000005000,00NTRF000084219730//180008
PAGO
:61:081229C000000005000,00NTRF000084192835//180008
PAGO
:61:081229C000000000050,00NTRF000084228001//180008
PAGO
:61:081229C000000000200,00NTRF000084197374//180008
PAGO
:61:081229C000000002000,00NTRF000084176186//180008
PAGO
:61:081229C000000005000,00NTRF000084177354//180008
PAGO
:61:081229C000000000200,00NTRF000084219321//180008
PAGO
:61:081229C000000001000,00NTRF000084219262//180008
PAGO
:61:081229C000000001000,00NTRF000084205122//180008
PAGO
:62M:C081229VEF000002555765,50
-}{5:{CHK:1143FB20924B}}{S:{COP:S}}${1:F21VZCRVECAAXXX5410610696}{4:{177:0404021720}{451:0}}{1:F01VZCRVECAAXXX5410610696}{2:09501717040402VZCRVECAAXXX40812675430404021720N}{3:{108:SCONNECT}}{4:
:20:MI081229
:25:2222222222
:28C:0528/079
:60M:C081229VEF000002555765,50
:61:081229C000000003500,00NTRF000084213426//180008
PAGO
:61:081229C000000000200,00NTRF000084213474//180008
PAGO
:61:081229C000000002000,00NTRF000084205096//180008
PAGO
:61:081229C000000000250,00NTRF000084210744//180008
PAGO
:61:081229C000000002641,00NTRF000084205100//180008
PAGO
:61:081229C000000000500,00NTRF000084218433//180008
PAGO
:61:081229C000000002000,00NTRF000084218805//180008
PAGO
:61:081229C000000003500,00NTRF000084202893//180008
PAGO
:61:081229C000000001720,00NTRF000084217873//180008
PAGO
:62M:C081229VEF000002572076,50
-}{5:{CHK:1143FB20924B}}{S:{COP:S}}${1:F21VZCRVECAAXXX5410610696}{4:{177:0404021720}{451:0}}{1:F01VZCRVECAAXXX5410610696}{2:09501717040402VZCRVECAAXXX40812675430404021720N}{3:{108:SCONNECT}}{4:
:20:MI081229
:25:2222222222
:28C:0528/080
:60M:C081229VEF000002572076,50
:61:081229C000000001750,00NTRF000084214631//180008
PAGO
:61:081229C000000000400,00NTRF000084182221//180008
PAGO
:61:081229C000000002500,00NTRF000084203291//180008
PAGO
:61:081229C000000117802,22NTRF000084201655//180008
PAGO
:61:081229C000000003000,00NTRF000084219295//180008
PAGO
:61:081229C000000005000,00NTRF000084221690//180008
PAGO
:61:081229C000000004000,00NTRF000084164894//180008
PAGO
:61:081229C000000005000,00NTRF000084223182//180008
PAGO
:61:081229C000000005000,00NTRF000084159482//180008
PAGO
:62M:C081229VEF000002716528,72
-}{5:{CHK:1143FB20924B}}{S:{COP:S}}${1:F21VZCRVECAAXXX5410610696}{4:{177:0404021720}{451:0}}{1:F01VZCRVECAAXXX5410610696}{2:09501717040402VZCRVECAAXXX40812675430404021720N}{3:{108:SCONNECT}}{4:
:20:MI081229
:25:2222222222
:28C:0528/081
:60M:C081229VEF000002716528,72
:61:081229C000000002000,00NTRF000084158970//180008
PAGO
:61:081229C000000001000,00NTRF000084159014//180008
PAGO
:61:081229C000000001500,00NTRF000084222143//180008
PAGO
:61:081229C000000000600,00NTRF000084222961//180008
PAGO
:61:081229C000000002400,00NTRF000084214701//180008
PAGO
:61:081229C000000001000,00NTRF000084223322//180008
PAGO
:61:081229C000000001000,00NTRF000084223274//180008
PAGO
:61:081229C000000001075,00NTRF000084190245//180008
PAGO
:61:081229C000000000750,00NTRF000084189722//180008
PAGO
:62M:C081229VEF000002727853,72
-}{5:{CHK:1143FB20924B}}{S:{COP:S}}${1:F21VZCRVECAAXXX5410610696}{4:{177:0404021720}{451:0}}{1:F01VZCRVECAAXXX5410610696}{2:09501717040402VZCRVECAAXXX40812675430404021720N}{3:{108:SCONNECT}}{4:
:20:MI081229
:25:2222222222
:28C:0528/082
:60M:C081229VEF000002727853,72
:61:081229C000000003000,00NTRF000084176654//180008
PAGO
:61:081229C000000000700,00NTRF000084200476//180008
PAGO
:61:081229C000000000250,00NTRF000084226096//180008
PAGO
:61:081229C000000000450,00NTRF000084200292//180008
PAGO
:61:081229C000000000400,00NTRF000084186056//180008
PAGO
:61:081229C000000000093,00NTRF000084220802//180008
PAGO
:61:081229C000000003200,00NTRF000084160241//180008
PAGO
:61:081229C000000000092,00NTRF000084220570//180008
PAGO
:61:081229C000000004000,00NTRF000084168383//180008
PAGO
:62M:C081229VEF000002740038,72
-}{5:{CHK:1143FB20924B}}{S:{COP:S}}${1:F21VZCRVECAAXXX5410610696}{4:{177:0404021720}{451:0}}{1:F01VZCRVECAAXXX5410610696}{2:09501717040402VZCRVECAAXXX40812675430404021720N}{3:{108:SCONNECT}}{4:
:20:MI081229
:25:2222222222
:28C:0528/083
:60M:C081229VEF000002740038,72
:61:081229C000000001000,00NTRF000084169772//180008
PAGO
:61:081229C000000000120,00NTRF000084171323//180008
PAGO
:61:081229C000000002550,14NTRF000084171570//180008
PAGO
:61:081229C000000001000,00NTRF000084171916//180008
PAGO
:61:081229C000000003500,00NTRF000084171382//180008
PAGO
:61:081229C000000030000,00NTRF000084189582//180008
PAGO
:61:081229C000000002500,00NTRF000084189022//180008
PAGO
:61:081229C000000004000,00NTRF000084183466//180008
PAGO
:61:081229C000000000950,00NTRF000084192091//180008
PAGO
:62M:C081229VEF000002785658,86
-}{5:{CHK:1143FB20924B}}{S:{COP:S}}${1:F21VZCRVECAAXXX5410610696}{4:{177:0404021720}{451:0}}{1:F01VZCRVECAAXXX5410610696}{2:09501717040402VZCRVECAAXXX40812675430404021720N}{3:{108:SCONNECT}}{4:
:20:MI081229
:25:2222222222
:28C:0528/084
:60M:C081229VEF000002785658,86
:61:081229C000000000500,00NTRF000084185323//180008
PAGO
:61:081229C000000011203,52NTRF000084186690//180008
PAGO
:61:081229C000000001828,00NTRF000084197105//180008
PAGO
:61:081229C000000000962,00NTRF000084187681//180008
PAGO
:61:081229C000000005000,00NTRF000084183606//180008
PAGO
:61:081229C000000000800,00NTRF000084220964//180008
PAGO
:61:081229C000000000300,00NTRF000084222526//180008
PAGO
:61:081229C000000000300,00NTRF000084201110//180008
PAGO
:61:081229C000000001000,00NTRF000084162260//180008
PAGO
:62M:C081229VEF000002807552,38
-}{5:{CHK:1143FB20924B}}{S:{COP:S}}${1:F21VZCRVECAAXXX5410610696}{4:{177:0404021720}{451:0}}{1:F01VZCRVECAAXXX5410610696}{2:09501717040402VZCRVECAAXXX40812675430404021720N}{3:{108:SCONNECT}}{4:
:20:MI081229
:25:2222222222
:28C:0528/085
:60M:C081229VEF000002807552,38
:61:081229C000000002000,00NTRF000084162816//180008
PAGO
:61:081229C000000000100,00NTRF000084219203//180008
PAGO
:61:081229C000000000300,00NTRF000084169352//180008
PAGO
:61:081229C000000000864,70NTRF000084191041//180008
PAGO
:61:081229C000000003753,32NTRF000027739067//180008
PAGO
:61:081229C000000004103,54NTRF000027791829//180008
PAGO
:61:081229C000000001086,00NTRF000027790703//180008
PAGO
:61:081229C000000000240,00NTRF000000462954//180008
PAGO
:61:081229C000000080608,02NTRF000000000006//180008
PAGO
:62M:C081229VEF000002900607,96
-}{5:{CHK:1143FB20924B}}{S:{COP:S}}${1:F21VZCRVECAAXXX5410610696}{4:{177:0404021720}{451:0}}{1:F01VZCRVECAAXXX5410610696}{2:09501717040402VZCRVECAAXXX40812675430404021720N}{3:{108:SCONNECT}}{4:
:20:MI081229
:25:2222222222
:28C:0528/086
:60M:C081229VEF000002900607,96
:61:081229C000000002524,90NTRF000010946487//180008
PAGO
:61:081229C000000010278,41NTRF000010946416//180008
PAGO
:61:081229C000000000683,95NTRF000010944775//180008
PAGO
:61:081229C000000002799,44NTRF000013039872//180008
PAGO
:61:081229C000000000068,71NTRF000031026193//180008
PAGO
:61:081229C000000002000,00NTRF000027802956//180008
PAGO
:61:081229C000000005000,00NTRF000027794150//180008
PAGO
:61:081229C000000001500,00NTRF000027798929//180008
PAGO
:61:081229C000000004419,46NTRF000010946468//180008
PAGO
:62M:C081229VEF000002929882,83
-}{5:{CHK:1143FB20924B}}{S:{COP:S}}${1:F21VZCRVECAAXXX5410610696}{4:{177:0404021720}{451:0}}{1:F01VZCRVECAAXXX5410610696}{2:09501717040402VZCRVECAAXXX40812675430404021720N}{3:{108:SCONNECT}}{4:
:20:MI081229
:25:2222222222
:28C:0528/087
:60M:C081229VEF000002929882,83
:61:081229C000000005880,00NTRF000027816631//180008
PAGO
:61:081229C000000000300,00NTRF000029122008//180008
PAGO
:61:081229C000000000100,00NTRF000029122008//180008
PAGO
:61:081229C000000001430,14NTRF000029122008//180008
PAGO
:61:081229C000000000232,93NTRF000029122008//180008
PAGO
:61:081229C000000004000,00NTRF000029122008//180008
PAGO
:61:081229C000000000350,00NTRF000029122008//180008
PAGO
:61:081229C000000003000,00NTRF000029122008//180008
PAGO
:61:081229C000000000600,00NTRF000029122008//180008
PAGO
:62M:C081229VEF000002945775,90
-}{5:{CHK:1143FB20924B}}{S:{COP:S}}${1:F21VZCRVECAAXXX5410610696}{4:{177:0404021720}{451:0}}{1:F01VZCRVECAAXXX5410610696}{2:09501717040402VZCRVECAAXXX40812675430404021720N}{3:{108:SCONNECT}}{4:
:20:MI081229
:25:2222222222
:28C:0528/088
:60M:C081229VEF000002945775,90
:61:081229C000000000500,00NTRF000029122008//180008
PAGO
:61:081229C000000001250,00NTRF000029122008//180008
PAGO
:61:081229C000000000300,00NTRF000029122008//180008
PAGO
:61:081229C000000002250,00NTRF000029122008//180008
PAGO
:61:081229C000000001000,00NTRF000029122008//180008
PAGO
:61:081229C000000001000,00NTRF000029122008//180008
PAGO
:61:081229C000000000500,00NTRF000029122008//180008
PAGO
:61:081229C000000000133,00NTRF000029122008//180008
PAGO
:61:081229C000000000200,00NTRF000029122008//180008
PAGO
:62M:C081229VEF000002952908,90
-}{5:{CHK:1143FB20924B}}{S:{COP:S}}${1:F21VZCRVECAAXXX5410610696}{4:{177:0404021720}{451:0}}{1:F01VZCRVECAAXXX5410610696}{2:09501717040402VZCRVECAAXXX40812675430404021720N}{3:{108:SCONNECT}}{4:
:20:MI081229
:25:2222222222
:28C:0528/089
:60M:C081229VEF000002952908,90
:61:081229C000000000350,00NTRF000029122008//180008
PAGO
:61:081229C000000001000,00NTRF000029122008//180008
PAGO
:61:081229C000000001000,00NTRF000029122008//180008
PAGO
:61:081229C000000005000,00NTRF000029122008//180008
PAGO
:61:081229C000000000800,00NTRF000029122008//180008
PAGO
:61:081229C000000000600,00NTRF000029122008//180008
PAGO
:61:081229C000000000600,00NTRF000029122008//180008
PAGO
:61:081229C000000000500,00NTRF000029122008//180008
PAGO
:61:081229C000000000200,00NTRF000029122008//180008
PAGO
:62M:C081229VEF000002962958,90
-}{5:{CHK:1143FB20924B}}{S:{COP:S}}${1:F21VZCRVECAAXXX5410610696}{4:{177:0404021720}{451:0}}{1:F01VZCRVECAAXXX5410610696}{2:09501717040402VZCRVECAAXXX40812675430404021720N}{3:{108:SCONNECT}}{4:
:20:MI081229
:25:2222222222
:28C:0528/090
:60M:C081229VEF000002962958,90
:61:081229C000000000100,00NTRF000000392610//180008
PAGO
:61:081229C000000000500,00NTRF000000392399//180008
PAGO
:61:081229C000000002400,00NTRF000000392407//180008
PAGO
:61:081229C000000000300,25NTRF000000391858//180008
PAGO
:61:081229C000000000400,00NTRF000000391968//180008
PAGO
:61:081229C000000003100,00NTRF000000392054//180008
PAGO
:61:081229C000000001500,00NTRF000000392099//180008
PAGO
:61:081229C000000001000,00NTRF000000391271//180008
PAGO
:61:081229C000000000575,00NTRF000000391307//180008
PAGO
:62M:C081229VEF000002972834,15
-}{5:{CHK:1143FB20924B}}{S:{COP:S}}${1:F21VZCRVECAAXXX5410610696}{4:{177:0404021720}{451:0}}{1:F01VZCRVECAAXXX5410610696}{2:09501717040402VZCRVECAAXXX40812675430404021720N}{3:{108:SCONNECT}}{4:
:20:MI081229
:25:2222222222
:28C:0528/091
:60M:C081229VEF000002972834,15
:61:081229C000000000700,00NTRF000000391325//180008
PAGO
:61:081229C000000000084,65NTRF000000391362//180008
PAGO
:61:081229C000000102026,07NTRF000003286271//180008
PAGO
:61:081229C000000001550,00NTRF000000390389//180008
PAGO
:61:081229C000000020000,00NTRF000000390408//180008
PAGO
:61:081229C000000002500,00NTRF000000390530//180008
PAGO
:61:081229C000000000122,00NTRF000000389533//180008
PAGO
:61:081229C000000025000,00NTRF000000389536//180008
PAGO
:61:081229C000000000520,00NTRF000000389562//180008
PAGO
:62M:C081229VEF000003125336,87
-}{5:{CHK:1143FB20924B}}{S:{COP:S}}${1:F21VZCRVECAAXXX5410610696}{4:{177:0404021720}{451:0}}{1:F01VZCRVECAAXXX5410610696}{2:09501717040402VZCRVECAAXXX40812675430404021720N}{3:{108:SCONNECT}}{4:
:20:MI081229
:25:2222222222
:28C:0528/092
:60M:C081229VEF000003125336,87
:61:081229C000000000500,00NTRF000000389566//180008
PAGO
:61:081229C000000001800,00NTRF000000389578//180008
PAGO
:61:081229C000000000300,00NTRF000000389682//180008
PAGO
:61:081229C000000001100,00NTRF000000389699//180008
PAGO
:61:081229C000000090000,00NTRF000003285776//180008
PAGO
:61:081229C000000000300,00NTRF000000388705//180008
PAGO
:61:081229C000000001300,00NTRF000000388761//180008
PAGO
:61:081229C000000001000,00NTRF000000388805//180008
PAGO
:61:081229C000000000100,00NTRF000000389084//180008
PAGO
:62M:C081229VEF000003221736,87
-}{5:{CHK:1143FB20924B}}{S:{COP:S}}${1:F21VZCRVECAAXXX5410610696}{4:{177:0404021720}{451:0}}{1:F01VZCRVECAAXXX5410610696}{2:09501717040402VZCRVECAAXXX40812675430404021720N}{3:{108:SCONNECT}}{4:
:20:MI081229
:25:2222222222
:28C:0528/093
:60M:C081229VEF000003221736,87
:61:081229C000000005760,00NTRF000000389321//180008
PAGO
:61:081229C000000020000,00NTRF000000389438//180008
PAGO
:61:081229C000000008594,78NTRF000000389496//180008
PAGO
:61:081229C000000000550,00NTRF000000389510//180008
PAGO
:61:081229C000000000840,00NTRF000000388420//180008
PAGO
:61:081229C000000001900,00NTRF000000388424//180008
PAGO
:61:081229C000000000200,00NTRF000000388460//180008
PAGO
:61:081229C000000002000,00NTRF000000388594//180008
PAGO
:61:081229C000000018000,00NTRF000000388622//180008
PAGO
:62M:C081229VEF000003279581,65
-}{5:{CHK:1143FB20924B}}{S:{COP:S}}${1:F21VZCRVECAAXXX5410610696}{4:{177:0404021720}{451:0}}{1:F01VZCRVECAAXXX5410610696}{2:09501717040402VZCRVECAAXXX40812675430404021720N}{3:{108:SCONNECT}}{4:
:20:MI081229
:25:2222222222
:28C:0528/094
:60M:C081229VEF000003279581,65
:61:081229C000000005000,00NTRF000000387496//180008
PAGO
:61:081229C000000000400,00NTRF000000387500//180008
PAGO
:61:081229C000000000150,00NTRF000000387604//180008
PAGO
:61:081229C000000000300,00NTRF000000388053//180008
PAGO
:61:081229C000000000150,00NTRF000000387021//180008
PAGO
:61:081229C000000000100,00NTRF000000387085//180008
PAGO
:61:081229C000000006000,00NTRF000000387102//180008
PAGO
:61:081229C000000000250,00NTRF000000387109//180008
PAGO
:61:081229C000000001000,00NTRF000000387194//180008
PAGO
:62M:C081229VEF000003292931,65
-}{5:{CHK:1143FB20924B}}{S:{COP:S}}${1:F21VZCRVECAAXXX5410610696}{4:{177:0404021720}{451:0}}{1:F01VZCRVECAAXXX5410610696}{2:09501717040402VZCRVECAAXXX40812675430404021720N}{3:{108:SCONNECT}}{4:
:20:MI081229
:25:2222222222
:28C:0528/095
:60M:C081229VEF000003292931,65
:61:081229C000000005000,00NTRF000000387352//180008
PAGO
:61:081229C000000000950,00NTRF000000387369//180008
PAGO
:61:081229C000000002500,00NTRF000000387392//180008
PAGO
:61:081229C000000001750,00NTRF000000387393//180008
PAGO
:61:081229C000000000060,00NTRF000000387446//180008
PAGO
:61:081229C000000003000,00NTRF000000387448//180008
PAGO
:61:081229C000000000100,00NTRF000000387480//180008
PAGO
:61:081229C000000002500,00NTRF000000387483//180008
PAGO
:61:081229C000000001290,00NTRF000000386603//180008
PAGO
:62M:C081229VEF000003310081,65
-}{5:{CHK:1143FB20924B}}{S:{COP:S}}${1:F21VZCRVECAAXXX5410610696}{4:{177:0404021720}{451:0}}{1:F01VZCRVECAAXXX5410610696}{2:09501717040402VZCRVECAAXXX40812675430404021720N}{3:{108:SCONNECT}}{4:
:20:MI081229
:25:2222222222
:28C:0528/096
:60M:C081229VEF000003310081,65
:61:081229C000000000050,00NTRF000000386667//180008
PAGO
:61:081229C000000000100,00NTRF000000386691//180008
PAGO
:61:081229C000000002000,00NTRF000000386714//180008
PAGO
:61:081229C000000000500,00NTRF000000386716//180008
PAGO
:61:081229C000000002000,00NTRF000000386750//180008
PAGO
:61:081229C000000000330,00NTRF000000386799//180008
PAGO
:61:081229C000000000300,00NTRF000000386816//180008
PAGO
:61:081229C000000002000,00NTRF000000386827//180008
PAGO
:61:081229C000000020000,00NTRF000000386832//180008
PAGO
:62M:C081229VEF000003337361,65
-}{5:{CHK:1143FB20924B}}{S:{COP:S}}${1:F21VZCRVECAAXXX5410610696}{4:{177:0404021720}{451:0}}{1:F01VZCRVECAAXXX5410610696}{2:09501717040402VZCRVECAAXXX40812675430404021720N}{3:{108:SCONNECT}}{4:
:20:MI081229
:25:2222222222
:28C:0528/097
:60M:C081229VEF000003337361,65
:61:081229C000000000800,00NTRF000000386837//180008
PAGO
:61:081229C000000005000,00NTRF000000386992//180008
PAGO
:61:081229C000000004800,00NTRF000000387005//180008
PAGO
:61:081229C000000002351,07NTRF000000386100//180008
PAGO
:61:081229C000000000600,00NTRF000000386132//180008
PAGO
:61:081229C000000002500,00NTRF000000386162//180008
PAGO
:61:081229C000000001500,00NTRF000000386256//180008
PAGO
:61:081229C000000011500,00NTRF000000386260//180008
PAGO
:61:081229C000000001000,00NTRF000000386300//180008
PAGO
:62M:C081229VEF000003367412,72
-}{5:{CHK:1143FB20924B}}{S:{COP:S}}${1:F21VZCRVECAAXXX5410610696}{4:{177:0404021720}{451:0}}{1:F01VZCRVECAAXXX5410610696}{2:09501717040402VZCRVECAAXXX40812675430404021720N}{3:{108:SCONNECT}}{4:
:20:MI081229
:25:2222222222
:28C:0528/098
:60M:C081229VEF000003367412,72
:61:081229C000000001100,00NTRF000000386370//180008
PAGO
:61:081229C000000000360,00NTRF000000386466//180008
PAGO
:61:081229C000000000160,00NTRF000000386478//180008
PAGO
:61:081229C000000000500,00NTRF000000386588//180008
PAGO
:61:081229C000000003400,00NTRF000000387632//180008
PAGO
:61:081229C000000006000,00NTRF000000387715//180008
PAGO
:61:081229C000000012500,00NTRF000000387764//180008
PAGO
:61:081229C000000000363,25NTRF000000387801//180008
PAGO
:61:081229C000000008500,00NTRF000000387829//180008
PAGO
:62M:C081229VEF000003400295,97
-}{5:{CHK:1143FB20924B}}{S:{COP:S}}${1:F21VZCRVECAAXXX5410610696}{4:{177:0404021720}{451:0}}{1:F01VZCRVECAAXXX5410610696}{2:09501717040402VZCRVECAAXXX40812675430404021720N}{3:{108:SCONNECT}}{4:
:20:MI081229
:25:2222222222
:28C:0528/099
:60M:C081229VEF000003400295,97
:61:081229C000000000500,00NTRF000000387877//180008
PAGO
:61:081229C000000005000,00NTRF000000387908//180008
PAGO
:61:081229C000000000700,00NTRF000000031294//180008
PAGO
:61:081229C000000000280,00NTRF000027876546//180008
PAGO
:61:081229C000000000300,00NTRF000027875269//180008
PAGO
:61:081229C000000003750,00NTRF000000084777//180008
PAGO
:61:081229C000000000500,00NTRF000000084815//180008
PAGO
:61:081229C000000000677,20NTRF000000418415//180008
PAGO
:61:081229C000000000400,00NTRF000000417980//180008
PAGO
:62M:C081229VEF000003412403,17
-}{5:{CHK:1143FB20924B}}{S:{COP:S}}${1:F21VZCRVECAAXXX5410610696}{4:{177:0404021720}{451:0}}{1:F01VZCRVECAAXXX5410610696}{2:09501717040402VZCRVECAAXXX40812675430404021720N}{3:{108:SCONNECT}}{4:
:20:MI081229
:25:2222222222
:28C:0528/100
:60M:C081229VEF000003412403,17
:61:081229C000000000400,00NTRF000000417955//180008
PAGO
:61:081229C000000030000,00NTRF000000418246//180008
PAGO
:61:081229C000000002580,00NTRF000000418414//180008
PAGO
:61:081229C000000000072,00NTRF000000418748//180008
PAGO
:61:081229C000000000516,90NTRF000000418694//180008
PAGO
:61:081229C000000004000,00NTRF000000418629//180008
PAGO
:61:081229C000000002061,98NTRF000000418672//180008
PAGO
:61:081229C000000001002,00NTRF000000418750//180008
PAGO
:61:081229C000000000800,00NTRF000000418892//180008
PAGO
:62M:C081229VEF000003453836,05
-}{5:{CHK:1143FB20924B}}{S:{COP:S}}${1:F21VZCRVECAAXXX5410610696}{4:{177:0404021720}{451:0}}{1:F01VZCRVECAAXXX5410610696}{2:09501717040402VZCRVECAAXXX40812675430404021720N}{3:{108:SCONNECT}}{4:
:20:MI081229
:25:2222222222
:28C:0528/101
:60M:C081229VEF000003453836,05
:61:081229C000000000205,00NTRF000000420182//180008
PAGO
:61:081229C000000004000,00NTRF000000420185//180008
PAGO
:61:081229C000000000600,00NTRF000000420177//180008
PAGO
:61:081229C000000006000,00NTRF000000420288//180008
PAGO
:61:081229C000000004000,00NTRF000000419964//180008
PAGO
:61:081229C000000000446,80NTRF000000419860//180008
PAGO
:61:081229C000000000100,00NTRF000000419850//180008
PAGO
:61:081229C000000001000,00NTRF000000419852//180008
PAGO
:61:081229C000000002000,00NTRF000000419523//180008
PAGO
:62M:C081229VEF000003472187,85
-}{5:{CHK:1143FB20924B}}{S:{COP:S}}${1:F21VZCRVECAAXXX5410610696}{4:{177:0404021720}{451:0}}{1:F01VZCRVECAAXXX5410610696}{2:09501717040402VZCRVECAAXXX40812675430404021720N}{3:{108:SCONNECT}}{4:
:20:MI081229
:25:2222222222
:28C:0528/102
:60M:C081229VEF000003472187,85
:61:081229C000000005000,00NTRF000000420336//180008
PAGO
:61:081229C000000004300,00NTRF000000420373//180008
PAGO
:61:081229C000000006000,00NTRF000000290426//180008
PAGO
:61:081229C000000004000,00NTRF000000291866//180008
PAGO
:61:081229C000000027085,21NTRF000000428368//180008
PAGO
:61:081229C000000035011,01NTRF000000428381//180008
PAGO
:61:081229C000000000500,00NTRF000000000000//180008
PAGO
:61:081229C000000001000,00NTRF000000000000//180008
PAGO
:61:081229C000000000430,00NTRF000084345866//180008
PAGO
:62M:C081229VEF000003555514,07
-}{5:{CHK:1143FB20924B}}{S:{COP:S}}${1:F21VZCRVECAAXXX5410610696}{4:{177:0404021720}{451:0}}{1:F01VZCRVECAAXXX5410610696}{2:09501717040402VZCRVECAAXXX40812675430404021720N}{3:{108:SCONNECT}}{4:
:20:MI081229
:25:2222222222
:28C:0528/103
:60M:C081229VEF000003555514,07
:61:081229C000000000624,00NTRF000084347336//180008
PAGO
:61:081229C000000000400,00NTRF000084347970//180008
PAGO
:61:081229C000000000600,00NTRF000084349554//180008
PAGO
:61:081229C000000002500,00NTRF000084352472//180008
PAGO
:61:081229C000000003500,00NTRF000084355235//180008
PAGO
:61:081229C000000000800,00NTRF000084356145//180008
PAGO
:61:081229C000000005000,00NTRF000084314403//180008
PAGO
:61:081229C000000002500,00NTRF000084314484//180008
PAGO
:61:081229C000000002500,00NTRF000084314775//180008
PAGO
:62M:C081229VEF000003573938,07
-}{5:{CHK:1143FB20924B}}{S:{COP:S}}${1:F21VZCRVECAAXXX5410610696}{4:{177:0404021720}{451:0}}{1:F01VZCRVECAAXXX5410610696}{2:09501717040402VZCRVECAAXXX40812675430404021720N}{3:{108:SCONNECT}}{4:
:20:MI081229
:25:2222222222
:28C:0528/104
:60M:C081229VEF000003573938,07
:61:081229C000000005000,00NTRF000084316551//180008
PAGO
:61:081229C000000000122,00NTRF000084318161//180008
PAGO
:61:081229C000000002000,00NTRF000084318533//180008
PAGO
:61:081229C000000000300,00NTRF000084318706//180008
PAGO
:61:081229C000000000800,00NTRF000084319605//180008
PAGO
:61:081229C000000000500,00NTRF000084319616//180008
PAGO
:61:081229C000000003000,00NTRF000084321064//180008
PAGO
:61:081229C000000000250,00NTRF000084321753//180008
PAGO
:61:081229C000000000150,00NTRF000084322770//180008
PAGO
:62M:C081229VEF000003586060,07
-}{5:{CHK:1143FB20924B}}{S:{COP:S}}${1:F21VZCRVECAAXXX5410610696}{4:{177:0404021720}{451:0}}{1:F01VZCRVECAAXXX5410610696}{2:09501717040402VZCRVECAAXXX40812675430404021720N}{3:{108:SCONNECT}}{4:
:20:MI081229
:25:2222222222
:28C:0528/105
:60M:C081229VEF000003586060,07
:61:081229C000000000060,00NTRF000084304883//180008
PAGO
:61:081229C000000001000,00NTRF000084305196//180008
PAGO
:61:081229C000000000300,00NTRF000084306703//180008
PAGO
:61:081229C000000002085,00NTRF000084307252//180008
PAGO
:61:081229C000000005000,00NTRF000084298443//180008
PAGO
:61:081229C000000000150,00NTRF000084298561//180008
PAGO
:61:081229C000000000080,00NTRF000084299390//180008
PAGO
:61:081229C000000001600,00NTRF000084299493//180008
PAGO
:61:081229C000000005000,00NTRF000084300193//180008
PAGO
:62M:C081229VEF000003601335,07
-}{5:{CHK:1143FB20924B}}{S:{COP:S}}${1:F21VZCRVECAAXXX5410610696}{4:{177:0404021720}{451:0}}{1:F01VZCRVECAAXXX5410610696}{2:09501717040402VZCRVECAAXXX40812675430404021720N}{3:{108:SCONNECT}}{4:
:20:MI081229
:25:2222222222
:28C:0528/106
:60M:C081229VEF000003601335,07
:61:081229C000000005000,00NTRF000084300215//180008
PAGO
:61:081229C000000004000,00NTRF000084301324//180008
PAGO
:61:081229C000000001500,00NTRF000084301766//180008
PAGO
:61:081229C000000000040,00NTRF000084290334//180008
PAGO
:61:081229C000000000295,00NTRF000084290732//180008
PAGO
:61:081229C000000004000,00NTRF000084291340//180008
PAGO
:61:081229C000000005700,00NTRF000084291362//180008
PAGO
:61:081229C000000001500,00NTRF000084291620//180008
PAGO
:61:081229C000000001000,00NTRF000084295411//180008
PAGO
:62M:C081229VEF000003624370,07
-}{5:{CHK:1143FB20924B}}{S:{COP:S}}${1:F21VZCRVECAAXXX5410610696}{4:{177:0404021720}{451:0}}{1:F01VZCRVECAAXXX5410610696}{2:09501717040402VZCRVECAAXXX40812675430404021720N}{3:{108:SCONNECT}}{4:
:20:MI081229
:25:2222222222
:28C:0528/107
:60M:C081229VEF000003624370,07
:61:081229C000000001500,00NTRF000084295422//180008
PAGO
:61:081229C000000005000,00NTRF000084295853//180008
PAGO
:61:081229C000000003000,00NTRF000084285106//180008
PAGO
:61:081229C000000003000,00NTRF000084285320//180008
PAGO
:61:081229C000000000700,00NTRF000084285460//180008
PAGO
:61:081229C000000000400,00NTRF000084285504//180008
PAGO
:61:081229C000000000200,00NTRF000084285670//180008
PAGO
:61:081229C000000000921,00NTRF000084268321//180008
PAGO
:61:081229C000000000500,00NTRF000084268376//180008
PAGO
:62M:C081229VEF000003639591,07
-}{5:{CHK:1143FB20924B}}{S:{COP:S}}${1:F21VZCRVECAAXXX5410610696}{4:{177:0404021720}{451:0}}{1:F01VZCRVECAAXXX5410610696}{2:09501717040402VZCRVECAAXXX40812675430404021720N}{3:{108:SCONNECT}}{4:
:20:MI081229
:25:2222222222
:28C:0528/108
:60M:C081229VEF000003639591,07
:61:081229C000000001750,00NTRF000084270616//180008
PAGO
:61:081229C000000002000,00NTRF000084275111//180008
PAGO
:61:081229C000000000900,00NTRF000084255452//180008
PAGO
:61:081229C000000005000,00NTRF000084255872//180008
PAGO
:61:081229C000000001500,00NTRF000084256443//180008
PAGO
:61:081229C000000000700,00NTRF000084257084//180008
PAGO
:61:081229C000000002000,00NTRF000084260083//180008
PAGO
:61:081229C000000000310,00NTRF000084261122//180008
PAGO
:61:081229C000000000500,00NTRF000084261925//180008
PAGO
:62M:C081229VEF000003654251,07
-}{5:{CHK:1143FB20924B}}{S:{COP:S}}${1:F21VZCRVECAAXXX5410610696}{4:{177:0404021720}{451:0}}{1:F01VZCRVECAAXXX5410610696}{2:09501717040402VZCRVECAAXXX40812675430404021720N}{3:{108:SCONNECT}}{4:
:20:MI081229
:25:2222222222
:28C:0528/109
:60M:C081229VEF000003654251,07
:61:081229C000000000163,50NTRF000084262216//180008
PAGO
:61:081229C000000005000,00NTRF000084262334//180008
PAGO
:61:081229C000000001086,00NTRF000084264364//180008
PAGO
:61:081229C000000004000,00NTRF000084264530//180008
PAGO
:61:081229C000000000350,00NTRF000084266350//180008
PAGO
:61:081229C000000001000,00NTRF000084267831//180008
PAGO
:61:081229C000000005000,00NTRF000084242690//180008
PAGO
:61:081229C000000003000,00NTRF000084242815//180008
PAGO
:61:081229C000000003000,00NTRF000084243460//180008
PAGO
:62M:C081229VEF000003676850,57
-}{5:{CHK:1143FB20924B}}{S:{COP:S}}${1:F21VZCRVECAAXXX5410610696}{4:{177:0404021720}{451:0}}{1:F01VZCRVECAAXXX5410610696}{2:09501717040402VZCRVECAAXXX40812675430404021720N}{3:{108:SCONNECT}}{4:
:20:MI081229
:25:2222222222
:28C:0528/110
:60M:C081229VEF000003676850,57
:61:081229C000000000500,00NTRF000084245232//180008
PAGO
:61:081229C000000002000,00NTRF000084246282//180008
PAGO
:61:081229C000000004700,00NTRF000084246820//180008
PAGO
:61:081229C000000000225,00NTRF000084247822//180008
PAGO
:61:081229C000000002500,00NTRF000084249255//180008
PAGO
:61:081229C000000002500,00NTRF000084249303//180008
PAGO
:61:081229C000000000651,00NTRF000084249616//180008
PAGO
:61:081229C000000000500,00NTRF000084249841//180008
PAGO
:61:081229C000000002000,00NTRF000084252442//180008
PAGO
:62M:C081229VEF000003692426,57
-}{5:{CHK:1143FB20924B}}{S:{COP:S}}${1:F21VZCRVECAAXXX5410610696}{4:{177:0404021720}{451:0}}{1:F01VZCRVECAAXXX5410610696}{2:09501717040402VZCRVECAAXXX40812675430404021720N}{3:{108:SCONNECT}}{4:
:20:MI081229
:25:2222222222
:28C:0528/111
:60M:C081229VEF000003692426,57
:61:081229C000000001400,00NTRF000084254365//180008
PAGO
:61:081229C000000002000,00NTRF000084241205//180008
PAGO
:61:081229C000000001800,00NTRF000084270826//180008
PAGO
:61:081229C000000000700,00NTRF000084270900//180008
PAGO
:61:081229C000000000450,00NTRF000084271493//180008
PAGO
:61:081229C000000004000,00NTRF000084273291//180008
PAGO
:61:081229C000000005000,00NTRF000084273534//180008
PAGO
:61:081229C000000000935,00NTRF000084273674//180008
PAGO
:61:081229C000000001000,00NTRF000084273921//180008
PAGO
:62M:C081229VEF000003709711,57
-}{5:{CHK:1143FB20924B}}{S:{COP:S}}${1:F21VZCRVECAAXXX5410610696}{4:{177:0404021720}{451:0}}{1:F01VZCRVECAAXXX5410610696}{2:09501717040402VZCRVECAAXXX40812675430404021720N}{3:{108:SCONNECT}}{4:
:20:MI081229
:25:2222222222
:28C:0528/112
:60M:C081229VEF000003709711,57
:61:081229C000000003000,00NTRF000084274153//180008
PAGO
:61:081229C000000000300,00NTRF000084274212//180008
PAGO
:61:081229C000000000350,00NTRF000084296170//180008
PAGO
:61:081229C000000001000,00NTRF000084276323//180008
PAGO
:61:081229C000000001500,00NTRF000084279742//180008
PAGO
:61:081229C000000004200,00NTRF000084280206//180008
PAGO
:61:081229C000000002500,00NTRF000084280254//180008
PAGO
:61:081229C000000000400,00NTRF000084280976//180008
PAGO
:61:081229C000000000800,00NTRF000084281142//180008
PAGO
:62M:C081229VEF000003723761,57
-}{5:{CHK:1143FB20924B}}{S:{COP:S}}${1:F21VZCRVECAAXXX5410610696}{4:{177:0404021720}{451:0}}{1:F01VZCRVECAAXXX5410610696}{2:09501717040402VZCRVECAAXXX40812675430404021720N}{3:{108:SCONNECT}}{4:
:20:MI081229
:25:2222222222
:28C:0528/113
:60M:C081229VEF000003723761,57
:61:081229C000000001175,00NTRF000084281901//180008
PAGO
:61:081229C000000000200,00NTRF000084283054//180008
PAGO
:61:081229C000000002000,00NTRF000084302105//180008
PAGO
:61:081229C000000002000,00NTRF000084302875//180008
PAGO
:61:081229C000000000700,00NTRF000084304113//180008
PAGO
:61:081229C000000000230,00NTRF000084304533//180008
PAGO
:61:081229C000000000840,00NTRF000084304791//180008
PAGO
:61:081229C000000000600,00NTRF000084287350//180008
PAGO
:61:081229C000000000200,00NTRF000084287980//180008
PAGO
:62M:C081229VEF000003731706,57
-}{5:{CHK:1143FB20924B}}{S:{COP:S}}${1:F21VZCRVECAAXXX5410610696}{4:{177:0404021720}{451:0}}{1:F01VZCRVECAAXXX5410610696}{2:09501717040402VZCRVECAAXXX40812675430404021720N}{3:{108:SCONNECT}}{4:
:20:MI081229
:25:2222222222
:28C:0528/114
:60M:C081229VEF000003731706,57
:61:081229C000000004200,00NTRF000084288315//180008
PAGO
:61:081229C000000000293,19NTRF000084289796//180008
PAGO
:61:081229C000000000800,00NTRF000084307300//180008
PAGO
:61:081229C000000005000,00NTRF000084307860//180008
PAGO
:61:081229C000000005000,00NTRF000084307963//180008
PAGO
:61:081229C000000002500,00NTRF000084308044//180008
PAGO
:61:081229C000000002000,00NTRF000084309142//180008
PAGO
:61:081229C000000001475,00NTRF000084311290//180008
PAGO
:61:081229C000000000270,00NTRF000084313375//180008
PAGO
:62M:C081229VEF000003753244,76
-}{5:{CHK:1143FB20924B}}{S:{COP:S}}${1:F21VZCRVECAAXXX5410610696}{4:{177:0404021720}{451:0}}{1:F01VZCRVECAAXXX5410610696}{2:09501717040402VZCRVECAAXXX40812675430404021720N}{3:{108:SCONNECT}}{4:
:20:MI081229
:25:2222222222
:28C:0528/115
:60M:C081229VEF000003753244,76
:61:081229C000000000500,00NTRF000084313622//180008
PAGO
:61:081229C000000001000,00NTRF000084340303//180008
PAGO
:61:081229C000000001300,00NTRF000084341154//180008
PAGO
:61:081229C000000002334,99NTRF000084341412//180008
PAGO
:61:081229C000000000160,00NTRF000084323072//180008
PAGO
:61:081229C000000000080,00NTRF000084323455//180008
PAGO
:61:081229C000000000620,00NTRF000084325695//180008
PAGO
:61:081229C000000000700,00NTRF000084325743//180008
PAGO
:61:081229C000000000520,00NTRF000084326992//180008
PAGO
:62M:C081229VEF000003760459,75
-}{5:{CHK:1143FB20924B}}{S:{COP:S}}${1:F21VZCRVECAAXXX5410610696}{4:{177:0404021720}{451:0}}{1:F01VZCRVECAAXXX5410610696}{2:09501717040402VZCRVECAAXXX40812675430404021720N}{3:{108:SCONNECT}}{4:
:20:MI081229
:25:2222222222
:28C:0528/116
:60M:C081229VEF000003760459,75
:61:081229C000000004000,00NTRF000084327246//180008
PAGO
:61:081229C000000000300,00NTRF000084327880//180008
PAGO
:61:081229C000000001600,00NTRF000084328414//180008
PAGO
:61:081229C000000000100,00NTRF000084329092//180008
PAGO
:61:081229C000000001000,00NTRF000084329464//180008
PAGO
:61:081229C000000001000,00NTRF000084329770//180008
PAGO
:61:081229C000000002600,00NTRF000084330702//180008
PAGO
:61:081229C000000003000,00NTRF000084330864//180008
PAGO
:61:081229C000000002500,00NTRF000084314064//180008
PAGO
:62M:C081229VEF000003776559,75
-}{5:{CHK:1143FB20924B}}{S:{COP:S}}${1:F21VZCRVECAAXXX5410610696}{4:{177:0404021720}{451:0}}{1:F01VZCRVECAAXXX5410610696}{2:09501717040402VZCRVECAAXXX40812675430404021720N}{3:{108:SCONNECT}}{4:
:20:MI081229
:25:2222222222
:28C:0528/117
:60M:C081229VEF000003776559,75
:61:081229C000000001000,00NTRF000084332905//180008
PAGO
:61:081229C000000001600,00NTRF000084333896//180008
PAGO
:61:081229C000000000600,00NTRF000084334585//180008
PAGO
:61:081229C000000000040,00NTRF000084334725//180008
PAGO
:61:081229C000000001616,80NTRF000084335672//180008
PAGO
:61:081229C000000000576,41NTRF000084336206//180008
PAGO
:61:081229C000000000150,00NTRF000084337993//180008
PAGO
:61:081229C000000000800,00NTRF000084339216//180008
PAGO
:61:081229C000000000500,00NTRF000084339544//180008
PAGO
:62M:C081229VEF000003783442,96
-}{5:{CHK:1143FB20924B}}{S:{COP:S}}${1:F21VZCRVECAAXXX5410610696}{4:{177:0404021720}{451:0}}{1:F01VZCRVECAAXXX5410610696}{2:09501717040402VZCRVECAAXXX40812675430404021720N}{3:{108:SCONNECT}}{4:
:20:MI081229
:25:2222222222
:28C:0528/118
:60M:C081229VEF000003783442,96
:61:081229C000000003000,00NTRF000084331973//180008
PAGO
:61:081229C000000000390,00NTRF000084355666//180008
PAGO
:61:081229C000000000100,00NTRF000084354292//180008
PAGO
:61:081229C000000001284,48NTRF000084350556//180008
PAGO
:61:081229C000000000500,00NTRF000084348913//180008
PAGO
:61:081229C000000000703,00NTRF000084344503//180008
PAGO
:61:081229C000000002000,00NTRF000084341482//180008
PAGO
:61:081229C000000001200,00NTRF000084241043//180008
PAGO
:61:081229C000000000190,00NTRF000084356285//180008
PAGO
:62M:C081229VEF000003792810,44
-}{5:{CHK:1143FB20924B}}{S:{COP:S}}${1:F21VZCRVECAAXXX5410610696}{4:{177:0404021720}{451:0}}{1:F01VZCRVECAAXXX5410610696}{2:09501717040402VZCRVECAAXXX40812675430404021720N}{3:{108:SCONNECT}}{4:
:20:MI081229
:25:2222222222
:28C:0528/119
:60M:C081229VEF000003792810,44
:61:081229C000000000300,00NTRF000084353301//180008
PAGO
:61:081229C000000003000,00NTRF000084259022//180008
PAGO
:61:081229C000000000300,00NTRF000084316326//180008
PAGO
:61:081229C000000000160,00NTRF000084248776//180008
PAGO
:61:081229C000000000230,10NTRF000084252114//180008
PAGO
:61:081229C000000000100,00NTRF000084267820//180008
PAGO
:61:081229C000000001000,00NTRF000084275516//180008
PAGO
:61:081229C000000000100,00NTRF000084279510//180008
PAGO
:61:081229C000000001000,00NTRF000084293366//180008
PAGO
:62M:C081229VEF000003799000,54
-}{5:{CHK:1143FB20924B}}{S:{COP:S}}${1:F21VZCRVECAAXXX5410610696}{4:{177:0404021720}{451:0}}{1:F01VZCRVECAAXXX5410610696}{2:09501717040402VZCRVECAAXXX40812675430404021720N}{3:{108:SCONNECT}}{4:
:20:MI081229
:25:2222222222
:28C:0528/120
:60M:C081229VEF000003799000,54
:61:081229C000000001838,00NTRF000084294114//180008
PAGO
:61:081229C000000005000,00NTRF000084277196//180008
PAGO
:61:081229C000000000940,00NTRF000084269452//180008
PAGO
:61:081229C000000000100,00NTRF000084262054//180008
PAGO
:61:081229C000000000860,00NTRF000084250972//180008
PAGO
:61:081229C000000000810,00NTRF000084247656//180008
PAGO
:61:081229C000000000200,00NTRF000084311710//180008
PAGO
:61:081229C000000000497,00NTRF000084305045//180008
PAGO
:61:081229C000000001000,00NTRF000084296516//180008
PAGO
:62M:C081229VEF000003810245,54
-}{5:{CHK:1143FB20924B}}{S:{COP:S}}${1:F21VZCRVECAAXXX5410610696}{4:{177:0404021720}{451:0}}{1:F01VZCRVECAAXXX5410610696}{2:09501717040402VZCRVECAAXXX40812675430404021720N}{3:{108:SCONNECT}}{4:
:20:MI081229
:25:2222222222
:28C:0528/121
:60M:C081229VEF000003810245,54
:61:081229C000000019500,00NTRF000000418104//180008
PAGO
:61:081229C000000001700,00NTRF000031537899//180008
PAGO
:61:081229C000000001500,00NTRF000000559401//180008
PAGO
:61:081229C000000005000,00NTRF000000559398//180008
PAGO
:61:081229C000000002000,00NTRF000000559754//180008
PAGO
:61:081229C000000001000,00NTRF000000559137//180008
PAGO
:61:081229C000000001021,00NTRF000000559038//180008
PAGO
:61:081229C000000000130,00NTRF000000558944//180008
PAGO
:61:081229C000000004000,00NTRF000000558757//180008
PAGO
:62M:C081229VEF000003846096,54
-}{5:{CHK:1143FB20924B}}{S:{COP:S}}${1:F21VZCRVECAAXXX5410610696}{4:{177:0404021720}{451:0}}{1:F01VZCRVECAAXXX5410610696}{2:09501717040402VZCRVECAAXXX40812675430404021720N}{3:{108:SCONNECT}}{4:
:20:MI081229
:25:2222222222
:28C:0528/122
:60M:C081229VEF000003846096,54
:61:081229C000000005000,00NTRF000000558732//180008
PAGO
:61:081229C000000009999,00NTRF000000558587//180008
PAGO
:61:081229C000000000020,00NTRF000000558321//180008
PAGO
:61:081229C000000000240,00NTRF000000558274//180008
PAGO
:61:081229C000000005000,00NTRF000000558747//180008
PAGO
:61:081229C000000002000,00NTRF000000558948//180008
PAGO
:61:081229C000000009000,00NTRF000000559079//180008
PAGO
:61:081229C000000001530,00NTRF000000559942//180008
PAGO
:61:081229C000000006000,00NTRF000000124963//180008
PAGO
:62M:C081229VEF000003884885,54
-}{5:{CHK:1143FB20924B}}{S:{COP:S}}${1:F21VZCRVECAAXXX5410610696}{4:{177:0404021720}{451:0}}{1:F01VZCRVECAAXXX5410610696}{2:09501717040402VZCRVECAAXXX40812675430404021720N}{3:{108:SCONNECT}}{4:
:20:MI081229
:25:2222222222
:28C:0528/123
:60M:C081229VEF000003884885,54
:61:081229C000000000500,00NTRF000000132134//180008
PAGO
:61:081229C000000006400,00NTRF000000132152//180008
PAGO
:61:081229C000000005600,00NTRF000000132239//180008
PAGO
:61:081229C000000003000,00NTRF000000132133//180008
PAGO
:61:081229C000000001000,00NTRF000000132099//180008
PAGO
:61:081229C000000000600,00NTRF000000132063//180008
PAGO
:61:081229C000000047968,82NTRF000000132747//180008
PAGO
:61:081229C000000001000,00NTRF000000132138//180008
PAGO
:61:081229C000000003000,00NTRF000000132562//180008
PAGO
:62M:C081229VEF000003953954,36
-}{5:{CHK:1143FB20924B}}{S:{COP:S}}${1:F21VZCRVECAAXXX5410610696}{4:{177:0404021720}{451:0}}{1:F01VZCRVECAAXXX5410610696}{2:09501717040402VZCRVECAAXXX40812675430404021720N}{3:{108:SCONNECT}}{4:
:20:MI081229
:25:2222222222
:28C:0528/124
:60M:C081229VEF000003953954,36
:61:081229C000000000500,00NTRF000000132510//180008
PAGO
:61:081229C000000002200,00NTRF000000132427//180008
PAGO
:61:081229C000000000350,00NTRF000000124527//180008
PAGO
:61:081229C000000001845,00NTRF000000126065//180008
PAGO
:61:081229C000000001500,00NTRF000000126032//180008
PAGO
:61:081229C000000001500,00NTRF000000126018//180008
PAGO
:61:081229C000000000400,00NTRF000000125983//180008
PAGO
:61:081229C000000006000,00NTRF000000125928//180008
PAGO
:61:081229C000000000130,00NTRF000000125923//180008
PAGO
:62M:C081229VEF000003968379,36
-}{5:{CHK:1143FB20924B}}{S:{COP:S}}${1:F21VZCRVECAAXXX5410610696}{4:{177:0404021720}{451:0}}{1:F01VZCRVECAAXXX5410610696}{2:09501717040402VZCRVECAAXXX40812675430404021720N}{3:{108:SCONNECT}}{4:
:20:MI081229
:25:2222222222
:28C:0528/125
:60M:C081229VEF000003968379,36
:61:081229C000000000566,00NTRF000000125844//180008
PAGO
:61:081229C000000030000,00NTRF000000125787//180008
PAGO
:61:081229C000000001000,00NTRF000000125644//180008
PAGO
:61:081229C000000005000,00NTRF000000125645//180008
PAGO
:61:081229C000000004000,00NTRF000000125646//180008
PAGO
:61:081229C000000002000,00NTRF000000125616//180008
PAGO
:61:081229C000000020000,00NTRF000000125524//180008
PAGO
:61:081229C000000002000,00NTRF000000125510//180008
PAGO
:61:081229C000000060000,00NTRF000000125512//180008
PAGO
:62M:C081229VEF000004092945,36
-}{5:{CHK:1143FB20924B}}{S:{COP:S}}${1:F21VZCRVECAAXXX5410610696}{4:{177:0404021720}{451:0}}{1:F01VZCRVECAAXXX5410610696}{2:09501717040402VZCRVECAAXXX40812675430404021720N}{3:{108:SCONNECT}}{4:
:20:MI081229
:25:2222222222
:28C:0528/126
:60M:C081229VEF000004092945,36
:61:081229C000000002000,00NTRF000000125509//180008
PAGO
:61:081229C000000002000,00NTRF000000125433//180008
PAGO
:61:081229C000000001000,00NTRF000000125441//180008
PAGO
:61:081229C000000000900,00NTRF000000125341//180008
PAGO
:61:081229C000000000600,00NTRF000000125343//180008
PAGO
:61:081229C000000001000,00NTRF000000125344//180008
PAGO
:61:081229C000000001000,00NTRF000000125346//180008
PAGO
:61:081229C000000003000,00NTRF000000125347//180008
PAGO
:61:081229C000000000500,00NTRF000000125302//180008
PAGO
:62M:C081229VEF000004104945,36
-}{5:{CHK:1143FB20924B}}{S:{COP:S}}${1:F21VZCRVECAAXXX5410610696}{4:{177:0404021720}{451:0}}{1:F01VZCRVECAAXXX5410610696}{2:09501717040402VZCRVECAAXXX40812675430404021720N}{3:{108:SCONNECT}}{4:
:20:MI081229
:25:2222222222
:28C:0528/127
:60M:C081229VEF000004104945,36
:61:081229C000000003000,00NTRF000000125267//180008
PAGO
:61:081229C000000000500,00NTRF000000125268//180008
PAGO
:61:081229C000000002000,00NTRF000000125270//180008
PAGO
:61:081229C000000000700,00NTRF000000125244//180008
PAGO
:61:081229C000000000050,00NTRF000000125154//180008
PAGO
:61:081229C000000004052,50NTRF000000125157//180008
PAGO
:61:081229C000000001700,00NTRF000000125089//180008
PAGO
:61:081229C000000135000,00NTRF000000125032//180008
PAGO
:61:081229C000000005600,00NTRF000000000709//180008
PAGO
:62M:C081229VEF000004257547,86
-}{5:{CHK:1143FB20924B}}{S:{COP:S}}${1:F21VZCRVECAAXXX5410610696}{4:{177:0404021720}{451:0}}{1:F01VZCRVECAAXXX5410610696}{2:09501717040402VZCRVECAAXXX40812675430404021720N}{3:{108:SCONNECT}}{4:
:20:MI081229
:25:2222222222
:28C:0528/128
:60M:C081229VEF000004257547,86
:61:081229C000000009300,00NTRF000000002340//180008
PAGO
:61:081229C000000001168,72NTRF000000002544//180008
PAGO
:61:081229C000000002500,50NTRF000000002591//180008
PAGO
:61:081229C000000010368,62NTRF000000002017//180008
PAGO
:61:081229C000000002887,03NTRF000000002021//180008
PAGO
:61:081229C000000013807,50NTRF000000002020//180008
PAGO
:61:081229C000000000100,00NTRF000000002653//180008
PAGO
:61:081229C000000000050,00NTRF000000405890//180008
PAGO
:61:081229C000000000840,00NTRF000000405907//180008
PAGO
:62M:C081229VEF000004298570,23
-}{5:{CHK:1143FB20924B}}{S:{COP:S}}${1:F21VZCRVECAAXXX5410610696}{4:{177:0404021720}{451:0}}{1:F01VZCRVECAAXXX5410610696}{2:09501717040402VZCRVECAAXXX40812675430404021720N}{3:{108:SCONNECT}}{4:
:20:MI081229
:25:2222222222
:28C:0528/129
:60M:C081229VEF000004298570,23
:61:081229C000000000800,00NTRF000000406107//180008
PAGO
:61:081229C000000001485,00NTRF000000406125//180008
PAGO
:61:081229C000000001750,00NTRF000000406081//180008
PAGO
:61:081229C000000000300,00NTRF000000406056//180008
PAGO
:61:081229C000000000500,00NTRF000000405990//180008
PAGO
:61:081229C000000090000,00NTRF000000405171//180008
PAGO
:61:081229C000000000200,00NTRF000000405244//180008
PAGO
:61:081229C000000004000,00NTRF000000405264//180008
PAGO
:61:081229C000000001120,00NTRF000000405303//180008
PAGO
:62M:C081229VEF000004398725,23
-}{5:{CHK:1143FB20924B}}{S:{COP:S}}${1:F21VZCRVECAAXXX5410610696}{4:{177:0404021720}{451:0}}{1:F01VZCRVECAAXXX5410610696}{2:09501717040402VZCRVECAAXXX40812675430404021720N}{3:{108:SCONNECT}}{4:
:20:MI081229
:25:2222222222
:28C:0528/130
:60M:C081229VEF000004398725,23
:61:081229C000000000200,00NTRF000000405315//180008
PAGO
:61:081229C000000000650,00NTRF000000405424//180008
PAGO
:61:081229C000000000200,00NTRF000000405451//180008
PAGO
:61:081229C000000004500,00NTRF000000405589//180008
PAGO
:61:081229C000000001417,00NTRF000000404708//180008
PAGO
:61:081229C000000000442,00NTRF000000404745//180008
PAGO
:61:081229C000000001312,00NTRF000000404777//180008
PAGO
:61:081229C000000002000,00NTRF000000404780//180008
PAGO
:61:081229C000000000300,00NTRF000000404803//180008
PAGO
:62M:C081229VEF000004409746,23
-}{5:{CHK:1143FB20924B}}{S:{COP:S}}${1:F21VZCRVECAAXXX5410610696}{4:{177:0404021720}{451:0}}{1:F01VZCRVECAAXXX5410610696}{2:09501717040402VZCRVECAAXXX40812675430404021720N}{3:{108:SCONNECT}}{4:
:20:MI081229
:25:2222222222
:28C:0528/131
:60M:C081229VEF000004409746,23
:61:081229C000000000500,00NTRF000000404858//180008
PAGO
:61:081229C000000000700,00NTRF000000404912//180008
PAGO
:61:081229C000000000707,14NTRF000000404991//180008
PAGO
:61:081229C000000001870,00NTRF000000403952//180008
PAGO
:61:081229C000000000020,00NTRF000000403987//180008
PAGO
:61:081229C000000000600,00NTRF000000404075//180008
PAGO
:61:081229C000000005000,00NTRF000000404125//180008
PAGO
:61:081229C000000015000,00NTRF000000404434//180008
PAGO
:61:081229C000000025000,00NTRF000000404475//180008
PAGO
:62M:C081229VEF000004459143,37
-}{5:{CHK:1143FB20924B}}{S:{COP:S}}${1:F21VZCRVECAAXXX5410610696}{4:{177:0404021720}{451:0}}{1:F01VZCRVECAAXXX5410610696}{2:09501717040402VZCRVECAAXXX40812675430404021720N}{3:{108:SCONNECT}}{4:
:20:MI081229
:25:2222222222
:28C:0528/132
:60M:C081229VEF000004459143,37
:61:081229C000000000850,00NTRF000000404519//180008
PAGO
:61:081229C000000001000,00NTRF000000404535//180008
PAGO
:61:081229C000000000480,00NTRF000000404546//180008
PAGO
:61:081229C000000025581,49NTRF000000390602//180008
PAGO
:61:081229C000000000800,35NTRF000000395178//180008
PAGO
:61:081229C000000001751,28NTRF000000399883//180008
PAGO
:61:081229C000000001200,00NTRF000000403868//180008
PAGO
:61:081229C000000000022,00NTRF000000405133//180008
PAGO
:61:081229C000000004100,00NTRF000000404128//180008
PAGO
:62M:C081229VEF000004494928,49
-}{5:{CHK:1143FB20924B}}{S:{COP:S}}${1:F21VZCRVECAAXXX5410610696}{4:{177:0404021720}{451:0}}{1:F01VZCRVECAAXXX5410610696}{2:09501717040402VZCRVECAAXXX40812675430404021720N}{3:{108:SCONNECT}}{4:
:20:MI081229
:25:2222222222
:28C:0528/133
:60M:C081229VEF000004494928,49
:61:081229C000000001200,00NTRF000000404145//180008
PAGO
:61:081229C000000000665,00NTRF000000404225//180008
PAGO
:61:081229C000000000200,00NTRF000000404279//180008
PAGO
:61:081229C000000000090,00NTRF000000404316//180008
PAGO
:61:081229C000000000150,00NTRF000000404402//180008
PAGO
:61:081229C000000002500,00NTRF000000404422//180008
PAGO
:61:081229C000000000250,00NTRF000000404428//180008
PAGO
:61:081229C000000000077,29NTRF000000405609//180008
PAGO
:61:081229C000000000050,00NTRF000000405612//180008
PAGO
:62M:C081229VEF000004500110,78
-}{5:{CHK:1143FB20924B}}{S:{COP:S}}${1:F21VZCRVECAAXXX5410610696}{4:{177:0404021720}{451:0}}{1:F01VZCRVECAAXXX5410610696}{2:09501717040402VZCRVECAAXXX40812675430404021720N}{3:{108:SCONNECT}}{4:
:20:MI081229
:25:2222222222
:28C:0528/134
:60M:C081229VEF000004500110,78
:61:081229C000000000115,00NTRF000000405651//180008
PAGO
:61:081229C000000000050,00NTRF000000405721//180008
PAGO
:61:081229C000000000050,00NTRF000000405737//180008
PAGO
:61:081229C000000000500,00NTRF000000404564//180008
PAGO
:61:081229C000000011761,00NTRF000000404575//180008
PAGO
:61:081229C000000000500,00NTRF000000404576//180008
PAGO
:61:081229C000000000275,00NTRF000000404691//180008
PAGO
:61:081229C000000000050,00NTRF000000405787//180008
PAGO
:61:081229C000000004716,02NTRF000000871842//180008
PAGO
:62M:C081229VEF000004518127,80
-}{5:{CHK:1143FB20924B}}{S:{COP:S}}${1:F21VZCRVECAAXXX5410610696}{4:{177:0404021720}{451:0}}{1:F01VZCRVECAAXXX5410610696}{2:09501717040402VZCRVECAAXXX40812675430404021720N}{3:{108:SCONNECT}}{4:
:20:MI081229
:25:2222222222
:28C:0528/135
:60M:C081229VEF000004518127,80
:61:081229C000000006176,74NTRF000000871752//180008
PAGO
:61:081229C000000001117,16NTRF000000871808//180008
PAGO
:61:081229C000000002993,03NTRF000000871738//180008
PAGO
:61:081229C000000000700,00NTRF000003144828//180008
PAGO
:61:081229C000000000400,00NTRF000003153251//180008
PAGO
:61:081229C000000000900,00NTRF000003148733//180008
PAGO
:61:081229C000000010000,00NTRF000000114343//180008
PAGO
:61:081229C000000021000,00NTRF000000114066//180008
PAGO
:61:081229C000000002000,00NTRF000000114002//180008
PAGO
:62M:C081229VEF000004563414,73
-}{5:{CHK:1143FB20924B}}{S:{COP:S}}${1:F21VZCRVECAAXXX5410610696}{4:{177:0404021720}{451:0}}{1:F01VZCRVECAAXXX5410610696}{2:09501717040402VZCRVECAAXXX40812675430404021720N}{3:{108:SCONNECT}}{4:
:20:MI081229
:25:2222222222
:28C:0528/136
:60M:C081229VEF000004563414,73
:61:081229C000000002000,00NTRF000000113703//180008
PAGO
:61:081229C000000000494,00NTRF000000113586//180008
PAGO
:61:081229C000000002700,00NTRF000000113556//180008
PAGO
:61:081229C000000000280,00NTRF000000113500//180008
PAGO
:61:081229C000000001000,00NTRF000000113501//180008
PAGO
:61:081229C000000007000,00NTRF000000113510//180008
PAGO
:61:081229C000000000370,00NTRF000000113481//180008
PAGO
:61:081229C000000012011,66NTRF000000113412//180008
PAGO
:61:081229C000000040000,00NTRF000000113258//180008
PAGO
:62M:C081229VEF000004629270,39
-}{5:{CHK:1143FB20924B}}{S:{COP:S}}${1:F21VZCRVECAAXXX5410610696}{4:{177:0404021720}{451:0}}{1:F01VZCRVECAAXXX5410610696}{2:09501717040402VZCRVECAAXXX40812675430404021720N}{3:{108:SCONNECT}}{4:
:20:MI081229
:25:2222222222
:28C:0528/137
:60M:C081229VEF000004629270,39
:61:081229C000000003000,00NTRF000000113207//180008
PAGO
:61:081229C000000001000,00NTRF000000113193//180008
PAGO
:61:081229C000000005000,00NTRF000000113151//180008
PAGO
:61:081229C000000002000,00NTRF000000113132//180008
PAGO
:61:081229C000000000600,00NTRF000000113111//180008
PAGO
:61:081229C000000000680,00NTRF000000112922//180008
PAGO
:61:081229C000000000100,00NTRF000000113585//180008
PAGO
:61:081229C000000011000,00NTRF000000113731//180008
PAGO
:61:081229C000000002000,00NTRF000000114040//180008
PAGO
:62M:C081229VEF000004654650,39
-}{5:{CHK:1143FB20924B}}{S:{COP:S}}${1:F21VZCRVECAAXXX5410610696}{4:{177:0404021720}{451:0}}{1:F01VZCRVECAAXXX5410610696}{2:09501717040402VZCRVECAAXXX40812675430404021720N}{3:{108:SCONNECT}}{4:
:20:MI081229
:25:2222222222
:28C:0528/138
:60M:C081229VEF000004654650,39
:61:081229C000000000800,00NTRF000000114410//180008
PAGO
:61:081229C000000005300,00NTRF000056949797//180008
PAGO
:61:081229C000000000430,00NTRF000056977476//180008
PAGO
:61:081229C000000002500,00NTRF000056935804//180008
PAGO
:61:081229C000000001500,00NTRF000056723150//180008
PAGO
:61:081229C000000000500,00NTRF000056805140//180008
PAGO
:61:081229C000000002000,00NTRF000056879568//180008
PAGO
:61:081229C000000004000,00NTRF000056869620//180008
PAGO
:61:081229C000000001000,00NTRF000056847169//180008
PAGO
:62M:C081229VEF000004672680,39
-}{5:{CHK:1143FB20924B}}{S:{COP:S}}${1:F21VZCRVECAAXXX5410610696}{4:{177:0404021720}{451:0}}{1:F01VZCRVECAAXXX5410610696}{2:09501717040402VZCRVECAAXXX40812675430404021720N}{3:{108:SCONNECT}}{4:
:20:MI081229
:25:2222222222
:28C:0528/139
:60M:C081229VEF000004672680,39
:61:081229C000000002000,00NTRF000056846560//180008
PAGO
:61:081229C000000000813,00NTRF000056914424//180008
PAGO
:61:081229C000000000050,00NTRF000056946687//180008
PAGO
:61:081229C000000000204,95NTRF000056979670//180008
PAGO
:61:081229C000000005000,00NTRF000056956345//180008
PAGO
:61:081229C000000000167,00NTRF000056966459//180008
PAGO
:61:081229C000000000270,00NTRF000056959787//180008
PAGO
:61:081229C000000000050,00NTRF000056970244//180008
PAGO
:61:081229C000000000530,00NTRF000056971068//180008
PAGO
:62M:C081229VEF000004681765,34
-}{5:{CHK:1143FB20924B}}{S:{COP:S}}${1:F21VZCRVECAAXXX5410610696}{4:{177:0404021720}{451:0}}{1:F01VZCRVECAAXXX5410610696}{2:09501717040402VZCRVECAAXXX40812675430404021720N}{3:{108:SCONNECT}}{4:
:20:MI081229
:25:2222222222
:28C:0528/140
:60M:C081229VEF000004681765,34
:61:081229C000000003000,00NTRF000056836074//180008
PAGO
:61:081229C000000000250,00NTRF000056760009//180008
PAGO
:61:081229C000000000148,67NTRF000056759665//180008
PAGO
:61:081229C000000000350,00NTRF000056765520//180008
PAGO
:61:081229C000000002000,00NTRF000085497379//180008
PAGO
:61:081229C000000000250,00NTRF000003586319//180008
PAGO
:61:081229C000000002000,00NTRF000010867314//180008
PAGO
:61:081229C000000000263,00NTRF000000123998//180008
PAGO
:61:081229C000000001000,00NTRF000000124737//180008
PAGO
:62M:C081229VEF000004691027,01
-}{5:{CHK:1143FB20924B}}{S:{COP:S}}${1:F21VZCRVECAAXXX5410610696}{4:{177:0404021720}{451:0}}{1:F01VZCRVECAAXXX5410610696}{2:09501717040402VZCRVECAAXXX40812675430404021720N}{3:{108:SCONNECT}}{4:
:20:MI081229
:25:2222222222
:28C:0528/141
:60M:C081229VEF000004691027,01
:61:081229C000000001600,00NTRF000000124331//180008
PAGO
:61:081229C000000002000,00NTRF000000124505//180008
PAGO
:61:081229C000000003000,00NTRF000000124741//180008
PAGO
:61:081229C000000001000,00NTRF000084609941//180008
PAGO
:61:081229C000000000815,00NTRF000098521052//180008
PAGO
:61:081229C000000000900,00NTRF000073752122//180008
PAGO
:61:081229C000000001000,00NTRF000071712141//180008
PAGO
:61:081229C000000004023,37NTRF000031885159//180008
PAGO
:61:081229C000000197000,00NTRF000000000000//180008
PAGO
:62M:C081229VEF000004902365,38
-}{5:{CHK:1143FB20924B}}{S:{COP:S}}${1:F21VZCRVECAAXXX5410610696}{4:{177:0404021720}{451:0}}{1:F01VZCRVECAAXXX5410610696}{2:09501717040402VZCRVECAAXXX40812675430404021720N}{3:{108:SCONNECT}}{4:
:20:MI081229
:25:2222222222
:28C:0528/142
:60M:C081229VEF000004902365,38
:61:081229C000000002500,00NTRF000050069928//180008
PAGO
:61:081229C000000000200,00NTRF000050069927//180008
PAGO
:61:081229C000001500000,00NTRF000061808162//180008
PAGO
:61:081229C000002500000,00NTRF000064808176//180008
PAGO
:61:081229C000000000877,00NTRF000000000104//180008
PAGO
:61:081229C000000001200,00NTRF000000000104//180008
PAGO
:61:081229C000000257812,97NTRF000000112397//180008
PAGO
:61:081229C000000000049,30NTRF000000112285//180008
PAGO
:61:081229C000000000400,00NTRF000037448000//180008
PAGO
:62M:C081229VEF000009165404,65
-}{5:{CHK:1143FB20924B}}{S:{COP:S}}${1:F21VZCRVECAAXXX5410610696}{4:{177:0404021720}{451:0}}{1:F01VZCRVECAAXXX5410610696}{2:09501717040402VZCRVECAAXXX40812675430404021720N}{3:{108:SCONNECT}}{4:
:20:MI081229
:25:2222222222
:28C:0528/143
:60M:C081229VEF000009165404,65
:61:081229C000000001000,00NTRF000000406837//180008
PAGO
:61:081229C000000001260,00NTRF000000409705//180008
PAGO
:61:081229C000000000090,24NTRF000000406182//180008
PAGO
:61:081229C000000009763,00NTRF000000406174//180008
PAGO
:61:081229C000000000050,00NTRF000000000000//180008
PAGO
:61:081229C000000000500,00NTRF000000000000//180008
PAGO
:61:081229C000000000327,00NTRF000029122008//180008
PAGO
:61:081229C000000000512,96NTRF000029122008//180008
PAGO
:61:081229C000000000100,00NTRF000029122008//180008
PAGO
:62M:C081229VEF000009179007,85
-}{5:{CHK:1143FB20924B}}{S:{COP:S}}${1:F21VZCRVECAAXXX5410610696}{4:{177:0404021720}{451:0}}{1:F01VZCRVECAAXXX5410610696}{2:09501717040402VZCRVECAAXXX40812675430404021720N}{3:{108:SCONNECT}}{4:
:20:MI081229
:25:2222222222
:28C:0528/144
:60M:C081229VEF000009179007,85
:61:081229C000000002950,00NTRF000029122008//180008
PAGO
:61:081229C000000000600,00NTRF000029122008//180008
PAGO
:61:081229C000000000500,00NTRF000029122008//180008
PAGO
:61:081229C000000000100,00NTRF000029122008//180008
PAGO
:61:081229C000000000200,00NTRF000029122008//180008
PAGO
:61:081229C000000000100,00NTRF000029122008//180008
PAGO
:61:081229C000000000100,00NTRF000029122008//180008
PAGO
:61:081229C000000000800,00NTRF000029122008//180008
PAGO
:61:081229C000000000100,00NTRF000029122008//180008
PAGO
:62M:C081229VEF000009184457,85
-}{5:{CHK:1143FB20924B}}{S:{COP:S}}${1:F21VZCRVECAAXXX5410610696}{4:{177:0404021720}{451:0}}{1:F01VZCRVECAAXXX5410610696}{2:09501717040402VZCRVECAAXXX40812675430404021720N}{3:{108:SCONNECT}}{4:
:20:MI081229
:25:2222222222
:28C:0528/145
:60M:C081229VEF000009184457,85
:61:081229C000000000020,00NTRF000057666444//180008
PAGO
:61:081229C000000000300,00NTRF000000000669//180008
PAGO
:61:081229C000000001258,46NTRF000000000712//180008
PAGO
:61:081229C000000700000,00NTRF000000108139//180008
PAGO
:61:081229C000000023208,00NTRF000027867270//180008
PAGO
:61:081229C000000000300,00NTRF000027866517//180008
PAGO
:61:081229C000000000600,00NTRF000027869315//180008
PAGO
:61:081229C000000010000,00NTRF000027870352//180008
PAGO
:61:081229C000000002071,00NTRF000027866868//180008
PAGO
:62M:C081229VEF000009922215,31
-}{5:{CHK:1143FB20924B}}{S:{COP:S}}${1:F21VZCRVECAAXXX5410610696}{4:{177:0404021720}{451:0}}{1:F01VZCRVECAAXXX5410610696}{2:09501717040402VZCRVECAAXXX40812675430404021720N}{3:{108:SCONNECT}}{4:
:20:MI081229
:25:2222222222
:28C:0528/146
:60M:C081229VEF000009922215,31
:61:081229C000000001000,00NTRF000000181334//180008
PAGO
:61:081229C000000001000,00NTRF000000181593//180008
PAGO
:61:081229C000000000800,00NTRF000000196143//180008
PAGO
:61:081229C000000002700,00NTRF000000305985//180008
PAGO
:61:081229C000000000308,00NTRF000000321062//180008
PAGO
:61:081229C000000002000,00NTRF000000114634//180008
PAGO
:61:081229C000000000240,00NTRF000000220993//180008
PAGO
:61:081229C000000000150,00NTRF000000205376//180008
PAGO
:61:081229C000000000500,00NTRF000000278020//180008
PAGO
:62M:C081229VEF000009930913,31
-}{5:{CHK:1143FB20924B}}{S:{COP:S}}${1:F21VZCRVECAAXXX5410610696}{4:{177:0404021720}{451:0}}{1:F01VZCRVECAAXXX5410610696}{2:09501717040402VZCRVECAAXXX40812675430404021720N}{3:{108:SCONNECT}}{4:
:20:MI081229
:25:2222222222
:28C:0528/147
:60M:C081229VEF000009930913,31
:61:081229C000000001000,00NTRF000000181519//180008
PAGO
:61:081229C000000001000,00NTRF000000181419//180008
PAGO
:61:081229C000000000550,00NTRF000000378789//180008
PAGO
:61:081229C000000003000,00NTRF000000326379//180008
PAGO
:61:081229C000000040181,59NTRF000000000000//180008
PAGO
:61:081229C000000000700,00NTRF000000000000//180008
PAGO
:61:081229C000000000200,00NTRF000000101122//180008
PAGO
:61:081229C000000000400,00NTRF000000101117//180008
PAGO
:61:081229C000000000370,00NTRF000000100961//180008
PAGO
:62M:C081229VEF000009978314,90
-}{5:{CHK:1143FB20924B}}{S:{COP:S}}${1:F21VZCRVECAAXXX5410610696}{4:{177:0404021720}{451:0}}{1:F01VZCRVECAAXXX5410610696}{2:09501717040402VZCRVECAAXXX40812675430404021720N}{3:{108:SCONNECT}}{4:
:20:MI081229
:25:2222222222
:28C:0528/148
:60M:C081229VEF000009978314,90
:61:081229C000000000300,00NTRF000000100909//180008
PAGO
:61:081229C000000002000,00NTRF000000100834//180008
PAGO
:61:081229C000000001100,00NTRF000000100804//180008
PAGO
:61:081229C000000000140,00NTRF000000100664//180008
PAGO
:61:081229C000000001500,00NTRF000000100020//180008
PAGO
:61:081229C000000000600,00NTRF000000100006//180008
PAGO
:61:081229C000000008000,00NTRF000000099974//180008
PAGO
:61:081229C000000001293,00NTRF000000099969//180008
PAGO
:61:081229C000000002000,00NTRF000000099939//180008
PAGO
:62M:C081229VEF000009995247,90
-}{5:{CHK:1143FB20924B}}{S:{COP:S}}${1:F21VZCRVECAAXXX5410610696}{4:{177:0404021720}{451:0}}{1:F01VZCRVECAAXXX5410610696}{2:09501717040402VZCRVECAAXXX40812675430404021720N}{3:{108:SCONNECT}}{4:
:20:MI081229
:25:2222222222
:28C:0528/149
:60M:C081229VEF000009995247,90
:61:081229C000000006479,19NTRF000000100738//180008
PAGO
:61:081229C000000005000,00NTRF000000100739//180008
PAGO
:61:081229C000000003000,00NTRF000000100740//180008
PAGO
:61:081229C000000001700,00NTRF000000100741//180008
PAGO
:61:081229C000000013800,00NTRF000000100742//180008
PAGO
:61:081229C000000003000,00NTRF000000100729//180008
PAGO
:61:081229C000000000250,00NTRF000000100736//180008
PAGO
:61:081229C000000005000,00NTRF000000100737//180008
PAGO
:61:081229C000000012285,00NTRF000000099586//180008
PAGO
:62M:C081229VEF000010045762,09
-}{5:{CHK:1143FB20924B}}{S:{COP:S}}${1:F21VZCRVECAAXXX5410610696}{4:{177:0404021720}{451:0}}{1:F01VZCRVECAAXXX5410610696}{2:09501717040402VZCRVECAAXXX40812675430404021720N}{3:{108:SCONNECT}}{4:
:20:MI081229
:25:2222222222
:28C:0528/150
:60M:C081229VEF000010045762,09
:61:081229C000000008310,07NTRF000000099211//180008
PAGO
:61:081229C000000005715,00NTRF000000099746//180008
PAGO
:61:081229C000000000680,00NTRF000000099390//180008
PAGO
:61:081229C000000002000,00NTRF000000099378//180008
PAGO
:61:081229C000000001000,00NTRF000000100413//180008
PAGO
:61:081229C000000005325,00NTRF000000100379//180008
PAGO
:61:081229C000000000500,00NTRF000000100358//180008
PAGO
:61:081229C000000000250,00NTRF000000100328//180008
PAGO
:61:081229C000000015400,00NTRF000000100674//180008
PAGO
:62M:C081229VEF000010084942,16
-}{5:{CHK:1143FB20924B}}{S:{COP:S}}${1:F21VZCRVECAAXXX5410610696}{4:{177:0404021720}{451:0}}{1:F01VZCRVECAAXXX5410610696}{2:09501717040402VZCRVECAAXXX40812675430404021720N}{3:{108:SCONNECT}}{4:
:20:MI081229
:25:2222222222
:28C:0528/151
:60M:C081229VEF000010084942,16
:61:081229C000000000300,00NTRF000000100612//180008
PAGO
:61:081229C000000000110,00NTRF000000100613//180008
PAGO
:61:081229C000000000500,00NTRF000000100604//180008
PAGO
:61:081229C000000000200,00NTRF000000099752//180008
PAGO
:61:081229C000000000400,00NTRF000000099759//180008
PAGO
:61:081229C000000000250,00NTRF000000099760//180008
PAGO
:61:081229C000000000300,00NTRF000000099636//180008
PAGO
:61:081229C000000000500,00NTRF000000099511//180008
PAGO
:61:081229C000000001100,00NTRF000000099488//180008
PAGO
:62M:C081229VEF000010088602,16
-}{5:{CHK:1143FB20924B}}{S:{COP:S}}${1:F21VZCRVECAAXXX5410610696}{4:{177:0404021720}{451:0}}{1:F01VZCRVECAAXXX5410610696}{2:09501717040402VZCRVECAAXXX40812675430404021720N}{3:{108:SCONNECT}}{4:
:20:MI081229
:25:2222222222
:28C:0528/152
:60M:C081229VEF000010088602,16
:61:081229C000000000500,00NTRF000000100254//180008
PAGO
:61:081229C000000005000,00NTRF000000100805//180008
PAGO
:61:081229C000000000800,00NTRF000000100827//180008
PAGO
:61:081229C000000000500,00NTRF000000100906//180008
PAGO
:61:081229C000000000850,00NTRF000000100942//180008
PAGO
:61:081229C000000006200,00NTRF000000100133//180008
PAGO
:61:081229C000000001300,00NTRF000000100143//180008
PAGO
:61:081229C000000054414,72NTRF000012001683//180008
PAGO
:61:081229C000000000334,00NTRF000000011737//180008
PAGO
:62M:C081229VEF000010158500,88
-}{5:{CHK:1143FB20924B}}{S:{COP:S}}${1:F21VZCRVECAAXXX5410610696}{4:{177:0404021720}{451:0}}{1:F01VZCRVECAAXXX5410610696}{2:09501717040402VZCRVECAAXXX40812675430404021720N}{3:{108:SCONNECT}}{4:
:20:MI081229
:25:2222222222
:28C:0528/153
:60M:C081229VEF000010158500,88
:61:081229C000000000390,00NTRF000000011743//180008
PAGO
:61:081229C000000002139,12NTRF000016247846//180008
PAGO
:61:081229C000000000988,37NTRF000015803603//180008
PAGO
:61:081229C000000001112,72NTRF000016296037//180008
PAGO
:61:081229C000000042652,02NTRF000000130103//180008
PAGO
:61:081229C000000866567,76NTRF000015142008//180008
PAGO
:61:081229C000000000759,00NTRF000000011742//180008
PAGO
:61:081229C000000000888,05NTRF000015507282//180008
PAGO
:61:081229C000000007233,06NTRF000012001678//180008
PAGO
:62M:C081229VEF000011081230,98
-}{5:{CHK:1143FB20924B}}{S:{COP:S}}${1:F21VZCRVECAAXXX5410610696}{4:{177:0404021720}{451:0}}{1:F01VZCRVECAAXXX5410610696}{2:09501717040402VZCRVECAAXXX40812675430404021720N}{3:{108:SCONNECT}}{4:
:20:MI081229
:25:2222222222
:28C:0528/154
:60M:C081229VEF000011081230,98
:61:081229C000000001934,57NTRF000015158344//180008
PAGO
:61:081229C000000002428,03NTRF000015015946//180008
PAGO
:61:081229C000000000764,31NTRF000018794658//180008
PAGO
:61:081229C000000001379,54NTRF000016609235//180008
PAGO
:61:081229C000000002510,74NTRF000010530137//180008
PAGO
:61:081229C000000000931,33NTRF000000001300//180008
PAGO
:61:081229C000000001861,36NTRF000012001669//180008
PAGO
:61:081229C000000008276,88NTRF000015522008//180008
PAGO
:61:081229C000000003415,70NTRF000000011733//180008
PAGO
:62M:C081229VEF000011104733,44
-}{5:{CHK:1143FB20924B}}{S:{COP:S}}${1:F21VZCRVECAAXXX5410610696}{4:{177:0404021720}{451:0}}{1:F01VZCRVECAAXXX5410610696}{2:09501717040402VZCRVECAAXXX40812675430404021720N}{3:{108:SCONNECT}}{4:
:20:MI081229
:25:2222222222
:28C:0528/155
:60M:C081229VEF000011104733,44
:61:081229C000000001821,54NTRF000000002876//180008
PAGO
:61:081229C000000002977,17NTRF000005974838//180008
PAGO
:61:081229C000000002976,23NTRF000006662288//180008
PAGO
:61:081229C000000001000,00NTRF000095120001//180008
PAGO
:61:081229C000000005000,00NTRF000095120001//180008
PAGO
:61:081229C000000001500,00NTRF000095120001//180008
PAGO
:61:081229C000000000560,00NTRF000095120001//180008
PAGO
:61:081229C000000002766,94NTRF000000049210//180008
PAGO
:61:081229C000000000200,00NTRF000000048994//180008
PAGO
:62M:C081229VEF000011123535,32
-}{5:{CHK:1143FB20924B}}{S:{COP:S}}${1:F21VZCRVECAAXXX5410610696}{4:{177:0404021720}{451:0}}{1:F01VZCRVECAAXXX5410610696}{2:09501717040402VZCRVECAAXXX40812675430404021720N}{3:{108:SCONNECT}}{4:
:20:MI081229
:25:2222222222
:28C:0528/156
:60M:C081229VEF000011123535,32
:61:081229C000000009000,00NTRF000000049216//180008
PAGO
:61:081229C000000000044,00NTRF000000049043//180008
PAGO
:61:081229C000000000150,00NTRF000000049100//180008
PAGO
:61:081229C000000000400,00NTRF000000048924//180008
PAGO
:61:081229C000000009400,00NTRF000000042747//180008
PAGO
:61:081229C000000000350,00NTRF000000042742//180008
PAGO
:61:081229C000000002400,00NTRF000000048926//180008
PAGO
:61:081229C000000000390,00NTRF000000048887//180008
PAGO
:61:081229C000000001150,00NTRF000000043089//180008
PAGO
:62M:C081229VEF000011146819,32
-}{5:{CHK:1143FB20924B}}{S:{COP:S}}${1:F21VZCRVECAAXXX5410610696}{4:{177:0404021720}{451:0}}{1:F01VZCRVECAAXXX5410610696}{2:09501717040402VZCRVECAAXXX40812675430404021720N}{3:{108:SCONNECT}}{4:
:20:MI081229
:25:2222222222
:28C:0528/157
:60M:C081229VEF000011146819,32
:61:081229C000000003400,00NTRF000000043028//180008
PAGO
:61:081229C000000001850,00NTRF000000042878//180008
PAGO
:61:081229C000000002518,03NTRF000000042868//180008
PAGO
:61:081229C000000000100,00NTRF000000042858//180008
PAGO
:61:081229C000000002500,00NTRF000000042841//180008
PAGO
:61:081229C000000000300,00NTRF000000042800//180008
PAGO
:61:081229C000000001200,00NTRF000000048925//180008
PAGO
:61:081229C000000000600,00NTRF000000049262//180008
PAGO
:61:081229C000000001840,00NTRF000000042151//180008
PAGO
:62M:C081229VEF000011161127,35
-}{5:{CHK:1143FB20924B}}{S:{COP:S}}${1:F21VZCRVECAAXXX5410610696}{4:{177:0404021720}{451:0}}{1:F01VZCRVECAAXXX5410610696}{2:09501717040402VZCRVECAAXXX40812675430404021720N}{3:{108:SCONNECT}}{4:
:20:MI081229
:25:2222222222
:28C:0528/158
:60M:C081229VEF000011161127,35
:61:081229C000000000300,00NTRF000000049617//180008
PAGO
:61:081229C000000003245,48NTRF000000049569//180008
PAGO
:61:081229C000000001000,00NTRF000000049450//180008
PAGO
:61:081229C000000001500,00NTRF000000049356//180008
PAGO
:61:081229C000000000300,00NTRF000000049384//180008
PAGO
:61:081229C000000000300,00NTRF000000049552//180008
PAGO
:61:081229C000000001100,00NTRF000000049600//180008
PAGO
:61:081229C000000001000,00NTRF000000050110//180008
PAGO
:61:081229C000000015000,00NTRF000000050097//180008
PAGO
:62M:C081229VEF000011184872,83
-}{5:{CHK:1143FB20924B}}{S:{COP:S}}${1:F21VZCRVECAAXXX5410610696}{4:{177:0404021720}{451:0}}{1:F01VZCRVECAAXXX5410610696}{2:09501717040402VZCRVECAAXXX40812675430404021720N}{3:{108:SCONNECT}}{4:
:20:MI081229
:25:2222222222
:28C:0528/159
:60M:C081229VEF000011184872,83
:61:081229C000000001900,00NTRF000000049779//180008
PAGO
:61:081229C000000000070,00NTRF000000050152//180008
PAGO
:61:081229C000000000650,00NTRF000000039573//180008
PAGO
:61:081229C000000000550,00NTRF000000039857//180008
PAGO
:61:081229C000000001000,00NTRF000000039944//180008
PAGO
:61:081229C000000000150,00NTRF000000039553//180008
PAGO
:61:081229C000000010000,00NTRF000000039324//180008
PAGO
:61:081229C000000010820,00NTRF000000049964//180008
PAGO
:61:081229C000000001000,00NTRF000000049905//180008
PAGO
:62M:C081229VEF000011211012,83
-}{5:{CHK:1143FB20924B}}{S:{COP:S}}${1:F21VZCRVECAAXXX5410610696}{4:{177:0404021720}{451:0}}{1:F01VZCRVECAAXXX5410610696}{2:09501717040402VZCRVECAAXXX40812675430404021720N}{3:{108:SCONNECT}}{4:
:20:MI081229
:25:2222222222
:28C:0528/160
:60M:C081229VEF000011211012,83
:61:081229C000000002000,00NTRF000000049504//180008
PAGO
:61:081229C000000003100,00NTRF000000049965//180008
PAGO
:61:081229C000000001650,00NTRF000000041363//180008
PAGO
:61:081229C000000000800,00NTRF000000039364//180008
PAGO
:61:081229C000000002000,00NTRF000000039961//180008
PAGO
:61:081229C000000002500,00NTRF000000042466//180008
PAGO
:61:081229C000000005000,00NTRF000000042038//180008
PAGO
:61:081229C000000000280,00NTRF000000041699//180008
PAGO
:61:081229C000000002000,00NTRF000000041477//180008
PAGO
:62M:C081229VEF000011230342,83
-}{5:{CHK:1143FB20924B}}{S:{COP:S}}${1:F21VZCRVECAAXXX5410610696}{4:{177:0404021720}{451:0}}{1:F01VZCRVECAAXXX5410610696}{2:09501717040402VZCRVECAAXXX40812675430404021720N}{3:{108:SCONNECT}}{4:
:20:MI081229
:25:2222222222
:28C:0528/161
:60M:C081229VEF000011230342,83
:61:081229C000000000500,00NTRF000000041494//180008
PAGO
:61:081229C000000000200,00NTRF000000042473//180008
PAGO
:61:081229C000000004000,00NTRF000000042566//180008
PAGO
:61:081229C000000001660,00NTRF000000041049//180008
PAGO
:61:081229C000000001850,00NTRF000000040971//180008
PAGO
:61:081229C000000006000,00NTRF000000040882//180008
PAGO
:61:081229C000000001867,00NTRF000000040620//180008
PAGO
:61:081229C000000000588,86NTRF000000040513//180008
PAGO
:61:081229C000000000250,00NTRF000000040500//180008
PAGO
:62M:C081229VEF000011247258,69
-}{5:{CHK:1143FB20924B}}{S:{COP:S}}${1:F21VZCRVECAAXXX5410610696}{4:{177:0404021720}{451:0}}{1:F01VZCRVECAAXXX5410610696}{2:09501717040402VZCRVECAAXXX40812675430404021720N}{3:{108:SCONNECT}}{4:
:20:MI081229
:25:2222222222
:28C:0528/162
:60M:C081229VEF000011247258,69
:61:081229C000000003000,00NTRF000000040477//180008
PAGO
:61:081229C000000001200,00NTRF000000040331//180008
PAGO
:61:081229C000000003769,80NTRF000000040301//180008
PAGO
:61:081229C000000000160,00NTRF000000040264//180008
PAGO
:61:081229C000000000383,89NTRF000000040202//180008
PAGO
:61:081229C000000000160,00NTRF000000039994//180008
PAGO
:61:081229C000000005000,00NTRF000000039977//180008
PAGO
:61:081229C000000001000,00NTRF000000041138//180008
PAGO
:61:081229C000000000220,00NTRF000000095518//180008
PAGO
:62M:C081229VEF000011262152,38
-}{5:{CHK:1143FB20924B}}{S:{COP:S}}${1:F21VZCRVECAAXXX5410610696}{4:{177:0404021720}{451:0}}{1:F01VZCRVECAAXXX5410610696}{2:09501717040402VZCRVECAAXXX40812675430404021720N}{3:{108:SCONNECT}}{4:
:20:MI081229
:25:2222222222
:28C:0528/163
:60M:C081229VEF000011262152,38
:61:081229C000000006269,00NTRF000000095507//180008
PAGO
:61:081229C000000000010,00NTRF000000096959//180008
PAGO
:61:081229C000000000700,00NTRF000000096898//180008
PAGO
:61:081229C000000001500,00NTRF000000096901//180008
PAGO
:61:081229C000000003600,00NTRF000000096661//180008
PAGO
:61:081229C000000000620,00NTRF000000096615//180008
PAGO
:61:081229C000000000100,00NTRF000000096499//180008
PAGO
:61:081229C000000000570,00NTRF000000096404//180008
PAGO
:61:081229C000000002000,00NTRF000000096310//180008
PAGO
:62M:C081229VEF000011277521,38
-}{5:{CHK:1143FB20924B}}{S:{COP:S}}${1:F21VZCRVECAAXXX5410610696}{4:{177:0404021720}{451:0}}{1:F01VZCRVECAAXXX5410610696}{2:09501717040402VZCRVECAAXXX40812675430404021720N}{3:{108:SCONNECT}}{4:
:20:MI081229
:25:2222222222
:28C:0528/164
:60M:C081229VEF000011277521,38
:61:081229C000000002000,00NTRF000000096236//180008
PAGO
:61:081229C000000001600,00NTRF000000096173//180008
PAGO
:61:081229C000000000100,00NTRF000000096159//180008
PAGO
:61:081229C000000002500,00NTRF000000096041//180008
PAGO
:61:081229C000000000121,00NTRF000000095960//180008
PAGO
:61:081229C000000001000,00NTRF000000095965//180008
PAGO
:61:081229C000000001900,00NTRF000000095966//180008
PAGO
:61:081229C000000001000,00NTRF000000095945//180008
PAGO
:61:081229C000000000400,00NTRF000000095786//180008
PAGO
:62M:C081229VEF000011288142,38
-}{5:{CHK:1143FB20924B}}{S:{COP:S}}${1:F21VZCRVECAAXXX5410610696}{4:{177:0404021720}{451:0}}{1:F01VZCRVECAAXXX5410610696}{2:09501717040402VZCRVECAAXXX40812675430404021720N}{3:{108:SCONNECT}}{4:
:20:MI081229
:25:2222222222
:28C:0528/165
:60M:C081229VEF000011288142,38
:61:081229C000000000318,00NTRF000000095726//180008
PAGO
:61:081229C000000004600,00NTRF000000095582//180008
PAGO
:61:081229C000000002290,00NTRF000000095538//180008
PAGO
:61:081229C000000005000,00NTRF000000095389//180008
PAGO
:61:081229C000000000800,00NTRF000000095291//180008
PAGO
:61:081229C000000005000,00NTRF000000095865//180008
PAGO
:61:081229C000000001000,00NTRF000000056411//180008
PAGO
:61:081229C000000002304,00NTRF000000056211//180008
PAGO
:61:081229C000000000800,00NTRF000000056178//180008
PAGO
:62M:C081229VEF000011310254,38
-}{5:{CHK:1143FB20924B}}{S:{COP:S}}${1:F21VZCRVECAAXXX5410610696}{4:{177:0404021720}{451:0}}{1:F01VZCRVECAAXXX5410610696}{2:09501717040402VZCRVECAAXXX40812675430404021720N}{3:{108:SCONNECT}}{4:
:20:MI081229
:25:2222222222
:28C:0528/166
:60M:C081229VEF000011310254,38
:61:081229C000000001000,00NTRF000000056171//180008
PAGO
:61:081229C000000000300,00NTRF000000056098//180008
PAGO
:61:081229C000000001047,00NTRF000000056096//180008
PAGO
:61:081229C000000000700,00NTRF000000055968//180008
PAGO
:61:081229C000000006000,00NTRF000000055837//180008
PAGO
:61:081229C000000000800,00NTRF000000055804//180008
PAGO
:61:081229C000000000600,00NTRF000000055789//180008
PAGO
:61:081229C000000000100,00NTRF000000055699//180008
PAGO
:61:081229C000000000400,00NTRF000000055689//180008
PAGO
:62M:C081229VEF000011321201,38
-}{5:{CHK:1143FB20924B}}{S:{COP:S}}${1:F21VZCRVECAAXXX5410610696}{4:{177:0404021720}{451:0}}{1:F01VZCRVECAAXXX5410610696}{2:09501717040402VZCRVECAAXXX40812675430404021720N}{3:{108:SCONNECT}}{4:
:20:MI081229
:25:2222222222
:28C:0528/167
:60M:C081229VEF000011321201,38
:61:081229C000000000500,00NTRF000000055690//180008
PAGO
:61:081229C000000000600,00NTRF000000055449//180008
PAGO
:61:081229C000000002800,00NTRF000000055137//180008
PAGO
:61:081229C000000000050,00NTRF000000054930//180008
PAGO
:61:081229C000000000500,00NTRF000000054933//180008
PAGO
:61:081229C000000003000,00NTRF000000054895//180008
PAGO
:61:081229C000000012000,00NTRF000000054724//180008
PAGO
:61:081229C000000000200,00NTRF000000054586//180008
PAGO
:61:081229C000000000200,00NTRF000000054587//180008
PAGO
:62M:C081229VEF000011341051,38
-}{5:{CHK:1143FB20924B}}{S:{COP:S}}${1:F21VZCRVECAAXXX5410610696}{4:{177:0404021720}{451:0}}{1:F01VZCRVECAAXXX5410610696}{2:09501717040402VZCRVECAAXXX40812675430404021720N}{3:{108:SCONNECT}}{4:
:20:MI081229
:25:2222222222
:28C:0528/168
:60M:C081229VEF000011341051,38
:61:081229C000000000165,00NTRF000000056284//180008
PAGO
:61:081229C000000000530,00NTRF000000055239//180008
PAGO
:61:081229C000000001400,00NTRF000000050687//180008
PAGO
:61:081229C000000000200,00NTRF000000050616//180008
PAGO
:61:081229C000000000600,00NTRF000000095837//180008
PAGO
:61:081229C000000000150,00NTRF000000095844//180008
PAGO
:61:081229C000000000200,25NTRF000000012872//180008
PAGO
:61:081229C000000005000,00NTRF000000069122//180008
PAGO
:61:081229C000000001000,00NTRF000000069080//180008
PAGO
:62M:C081229VEF000011350296,63
-}{5:{CHK:1143FB20924B}}{S:{COP:S}}${1:F21VZCRVECAAXXX5410610696}{4:{177:0404021720}{451:0}}{1:F01VZCRVECAAXXX5410610696}{2:09501717040402VZCRVECAAXXX40812675430404021720N}{3:{108:SCONNECT}}{4:
:20:MI081229
:25:2222222222
:28C:0528/169
:60M:C081229VEF000011350296,63
:61:081229C000000004082,50NTRF000000012871//180008
PAGO
:61:081229C000000000676,00NTRF000000068981//180008
PAGO
:61:081229C000000002031,00NTRF000000034032//180008
PAGO
:61:081229C000000005000,00NTRF000000033789//180008
PAGO
:61:081229C000000000550,00NTRF000000033622//180008
PAGO
:61:081229C000000001000,00NTRF000000033623//180008
PAGO
:61:081229C000000001950,00NTRF000000033624//180008
PAGO
:61:081229C000000003216,26NTRF000000033790//180008
PAGO
:61:081229C000000001800,00NTRF000000033810//180008
PAGO
:62M:C081229VEF000011370602,39
-}{5:{CHK:1143FB20924B}}{S:{COP:S}}${1:F21VZCRVECAAXXX5410610696}{4:{177:0404021720}{451:0}}{1:F01VZCRVECAAXXX5410610696}{2:09501717040402VZCRVECAAXXX40812675430404021720N}{3:{108:SCONNECT}}{4:
:20:MI081229
:25:2222222222
:28C:0528/170
:60M:C081229VEF000011370602,39
:61:081229C000000000100,00NTRF000000034030//180008
PAGO
:61:081229C000000002800,00NTRF000000034496//180008
PAGO
:61:081229C000000000116,00NTRF000000034566//180008
PAGO
:61:081229C000000000600,00NTRF000000034593//180008
PAGO
:61:081229C000000000300,00NTRF000000034351//180008
PAGO
:61:081229C000000000400,00NTRF000000034271//180008
PAGO
:61:081229C000000002000,00NTRF000000034256//180008
PAGO
:61:081229C000000000260,00NTRF000000034293//180008
PAGO
:61:081229C000000005932,87NTRF000000035236//180008
PAGO
:62M:C081229VEF000011383111,26
-}{5:{CHK:1143FB20924B}}{S:{COP:S}}${1:F21VZCRVECAAXXX5410610696}{4:{177:0404021720}{451:0}}{1:F01VZCRVECAAXXX5410610696}{2:09501717040402VZCRVECAAXXX40812675430404021720N}{3:{108:SCONNECT}}{4:
:20:MI081229
:25:2222222222
:28C:0528/171
:60M:C081229VEF000011383111,26
:61:081229C000000003000,00NTRF000000035241//180008
PAGO
:61:081229C000000000150,00NTRF000000035210//180008
PAGO
:61:081229C000000002000,00NTRF000000035196//180008
PAGO
:61:081229C000000001700,00NTRF000000035263//180008
PAGO
:61:081229C000000000381,50NTRF000000033617//180008
PAGO
:61:081229C000000002000,00NTRF000000071547//180008
PAGO
:61:081229C000000000200,00NTRF000000071482//180008
PAGO
:61:081229C000000000500,00NTRF000000071487//180008
PAGO
:61:081229C000000001000,00NTRF000000071548//180008
PAGO
:62M:C081229VEF000011394042,76
-}{5:{CHK:1143FB20924B}}{S:{COP:S}}${1:F21VZCRVECAAXXX5410610696}{4:{177:0404021720}{451:0}}{1:F01VZCRVECAAXXX5410610696}{2:09501717040402VZCRVECAAXXX40812675430404021720N}{3:{108:SCONNECT}}{4:
:20:MI081229
:25:2222222222
:28C:0528/172
:60M:C081229VEF000011394042,76
:61:081229C000000000800,00NTRF000000071463//180008
PAGO
:61:081229C000000000125,00NTRF000000071400//180008
PAGO
:61:081229C000000000600,00NTRF000000071368//180008
PAGO
:61:081229C000000006000,00NTRF000000071047//180008
PAGO
:61:081229C000000002000,00NTRF000000070594//180008
PAGO
:61:081229C000000000100,00NTRF000000070530//180008
PAGO
:61:081229C000000005000,00NTRF000000070441//180008
PAGO
:61:081229C000000008200,00NTRF000000070291//180008
PAGO
:61:081229C000000000500,00NTRF000000070033//180008
PAGO
:62M:C081229VEF000011417367,76
-}{5:{CHK:1143FB20924B}}{S:{COP:S}}${1:F21VZCRVECAAXXX5410610696}{4:{177:0404021720}{451:0}}{1:F01VZCRVECAAXXX5410610696}{2:09501717040402VZCRVECAAXXX40812675430404021720N}{3:{108:SCONNECT}}{4:
:20:MI081229
:25:2222222222
:28C:0528/173
:60M:C081229VEF000011417367,76
:61:081229C000000000125,00NTRF000000069953//180008
PAGO
:61:081229C000000001800,00NTRF000000069834//180008
PAGO
:61:081229C000000000100,00NTRF000000060298//180008
PAGO
:61:081229C000000001510,00NTRF000000035135//180008
PAGO
:61:081229C000000000080,00NTRF000000035401//180008
PAGO
:61:081229C000000001929,50NTRF000000035063//180008
PAGO
:61:081229C000000002500,00NTRF000000034909//180008
PAGO
:61:081229C000000000500,00NTRF000000061750//180008
PAGO
:61:081229C000000000200,00NTRF000000061035//180008
PAGO
:62M:C081229VEF000011426112,26
-}{5:{CHK:1143FB20924B}}{S:{COP:S}}${1:F21VZCRVECAAXXX5410610696}{4:{177:0404021720}{451:0}}{1:F01VZCRVECAAXXX5410610696}{2:09501717040402VZCRVECAAXXX40812675430404021720N}{3:{108:SCONNECT}}{4:
:20:MI081229
:25:2222222222
:28C:0528/174
:60M:C081229VEF000011426112,26
:61:081229C000000000133,33NTRF000000060859//180008
PAGO
:61:081229C000000000314,76NTRF000000060841//180008
PAGO
:61:081229C000000001550,00NTRF000000060835//180008
PAGO
:61:081229C000000003375,00NTRF000000060792//180008
PAGO
:61:081229C000000014000,00NTRF000000060668//180008
PAGO
:61:081229C000000000200,00NTRF000000060446//180008
PAGO
:61:081229C000000001000,00NTRF000000060342//180008
PAGO
:61:081229C000000000100,00NTRF000000069842//180008
PAGO
:61:081229C000000000180,00NTRF000000062082//180008
PAGO
:62M:C081229VEF000011446965,35
-}{5:{CHK:1143FB20924B}}{S:{COP:S}}${1:F21VZCRVECAAXXX5410610696}{4:{177:0404021720}{451:0}}{1:F01VZCRVECAAXXX5410610696}{2:09501717040402VZCRVECAAXXX40812675430404021720N}{3:{108:SCONNECT}}{4:
:20:MI081229
:25:2222222222
:28C:0528/175
:60M:C081229VEF000011446965,35
:61:081229C000000002500,00NTRF000000062058//180008
PAGO
:61:081229C000000002000,00NTRF000000062022//180008
PAGO
:61:081229C000000001350,00NTRF000000062010//180008
PAGO
:61:081229C000000000840,00NTRF000000061878//180008
PAGO
:61:081229C000000000200,00NTRF000000061817//180008
PAGO
:61:081229C000000000450,00NTRF000000061780//180008
PAGO
:61:081229C000000002550,00NTRF000000061781//180008
PAGO
:61:081229C000000001703,36NTRF000000071282//180008
PAGO
:61:081229C000000001700,00NTRF000000071402//180008
PAGO
:62M:C081229VEF000011460258,71
-}{5:{CHK:1143FB20924B}}{S:{COP:S}}${1:F21VZCRVECAAXXX5410610696}{4:{177:0404021720}{451:0}}{1:F01VZCRVECAAXXX5410610696}{2:09501717040402VZCRVECAAXXX40812675430404021720N}{3:{108:SCONNECT}}{4:
:20:MI081229
:25:2222222222
:28C:0528/176
:60M:C081229VEF000011460258,71
:61:081229C000000000300,00NTRF000000071410//180008
PAGO
:61:081229C000000000400,00NTRF000000060550//180008
PAGO
:61:081229C000000001100,00NTRF000000034412//180008
PAGO
:61:081229C000000001000,00NTRF000027859047//180008
PAGO
:61:081229C000000003000,00NTRF000027857497//180008
PAGO
:61:081229C000000001000,00NTRF000027857252//180008
PAGO
:61:081229C000000001100,00NTRF000027865697//180008
PAGO
:61:081229C000000001350,00NTRF000027864838//180008
PAGO
:61:081229C000000000220,00NTRF000027855891//180008
PAGO
:62M:C081229VEF000011469728,71
-}{5:{CHK:1143FB20924B}}{S:{COP:S}}${1:F21VZCRVECAAXXX5410610696}{4:{177:0404021720}{451:0}}{1:F01VZCRVECAAXXX5410610696}{2:09501717040402VZCRVECAAXXX40812675430404021720N}{3:{108:SCONNECT}}{4:
:20:MI081229
:25:2222222222
:28C:0528/177
:60M:C081229VEF000011469728,71
:61:081229C000000009000,00NTRF000027855613//180008
PAGO
:61:081229C000000016000,00NTRF000027829214//180008
PAGO
:61:081229C000000000500,00NTRF000027827210//180008
PAGO
:61:081229C000000001700,00NTRF000027829631//180008
PAGO
:61:081229C000000000120,00NTRF000027850764//180008
PAGO
:61:081229C000000000729,00NTRF000027853317//180008
PAGO
:61:081229C000000000090,00NTRF000027866331//180008
PAGO
:61:081229C000000000200,00NTRF000027862944//180008
PAGO
:61:081229C000000000420,00NTRF000027862737//180008
PAGO
:62M:C081229VEF000011498487,71
-}{5:{CHK:1143FB20924B}}{S:{COP:S}}${1:F21VZCRVECAAXXX5410610696}{4:{177:0404021720}{451:0}}{1:F01VZCRVECAAXXX5410610696}{2:09501717040402VZCRVECAAXXX40812675430404021720N}{3:{108:SCONNECT}}{4:
:20:MI081229
:25:2222222222
:28C:0528/178
:60M:C081229VEF000011498487,71
:61:081229C000000001800,00NTRF000027862098//180008
PAGO
:61:081229C000000000558,11NTRF000027862074//180008
PAGO
:61:081229C000000011000,00NTRF000027841513//180008
PAGO
:61:081229C000000003305,00NTRF000027840435//180008
PAGO
:61:081229C000000000250,00NTRF000027837950//180008
PAGO
:61:081229C000000000220,00NTRF000027835981//180008
PAGO
:61:081229C000000000561,00NTRF000027835368//180008
PAGO
:61:081229C000000000002,05NTRF000027849791//180008
PAGO
:61:081229C000000000590,00NTRF000027844914//180008
PAGO
:62M:C081229VEF000011516773,87
-}{5:{CHK:1143FB20924B}}{S:{COP:S}}${1:F21VZCRVECAAXXX5410610696}{4:{177:0404021720}{451:0}}{1:F01VZCRVECAAXXX5410610696}{2:09501717040402VZCRVECAAXXX40812675430404021720N}{3:{108:SCONNECT}}{4:
:20:MI081229
:25:2222222222
:28C:0528/179
:60M:C081229VEF000011516773,87
:61:081229C000000001999,92NTRF000027855770//180008
PAGO
:61:081229C000000000500,00NTRF000027864221//180008
PAGO
:61:081229C000000000400,00NTRF000027865413//180008
PAGO
:61:081229C000000000878,00NTRF000027866028//180008
PAGO
:61:081229C000000002800,00NTRF000027859114//180008
PAGO
:61:081229C000000005000,00NTRF000027859259//180008
PAGO
:61:081229C000000005120,97NTRF000027801466//180008
PAGO
:61:081229C000000001799,00NTRF000027842843//180008
PAGO
:61:081229C000000003750,00NTRF000000023436//180008
PAGO
:62M:C081229VEF000011539021,76
-}{5:{CHK:1143FB20924B}}{S:{COP:S}}${1:F21VZCRVECAAXXX5410610696}{4:{177:0404021720}{451:0}}{1:F01VZCRVECAAXXX5410610696}{2:09501717040402VZCRVECAAXXX40812675430404021720N}{3:{108:SCONNECT}}{4:
:20:MI081229
:25:2222222222
:28C:0528/180
:60M:C081229VEF000011539021,76
:61:081229C000000000340,00NTRF000000023340//180008
PAGO
:61:081229C000000000050,00NTRF000000023289//180008
PAGO
:61:081229C000000005000,00NTRF000000023206//180008
PAGO
:61:081229C000000002000,00NTRF000000014786//180008
PAGO
:61:081229C000000002035,00NTRF000000014797//180008
PAGO
:61:081229C000000015600,00NTRF000000014763//180008
PAGO
:61:081229C000000015360,00NTRF000000014697//180008
PAGO
:61:081229C000000000500,00NTRF000000014588//180008
PAGO
:61:081229C000000006000,00NTRF000000014589//180008
PAGO
:62M:C081229VEF000011585906,76
-}{5:{CHK:1143FB20924B}}{S:{COP:S}}${1:F21VZCRVECAAXXX5410610696}{4:{177:0404021720}{451:0}}{1:F01VZCRVECAAXXX5410610696}{2:09501717040402VZCRVECAAXXX40812675430404021720N}{3:{108:SCONNECT}}{4:
:20:MI081229
:25:2222222222
:28C:0528/181
:60M:C081229VEF000011585906,76
:61:081229C000000004000,00NTRF000000014555//180008
PAGO
:61:081229C000000001000,00NTRF000000014556//180008
PAGO
:61:081229C000000008000,00NTRF000000014449//180008
PAGO
:61:081229C000000000350,00NTRF000000014444//180008
PAGO
:61:081229C000000002700,00NTRF000000014377//180008
PAGO
:61:081229C000000000500,00NTRF000000014307//180008
PAGO
:61:081229C000000001142,67NTRF000000014276//180008
PAGO
:61:081229C000000000400,00NTRF000000015740//180008
PAGO
:61:081229C000000005000,00NTRF000000015728//180008
PAGO
:62M:C081229VEF000011608999,43
-}{5:{CHK:1143FB20924B}}{S:{COP:S}}${1:F21VZCRVECAAXXX5410610696}{4:{177:0404021720}{451:0}}{1:F01VZCRVECAAXXX5410610696}{2:09501717040402VZCRVECAAXXX40812675430404021720N}{3:{108:SCONNECT}}{4:
:20:MI081229
:25:2222222222
:28C:0528/182
:60M:C081229VEF000011608999,43
:61:081229C000000001000,00NTRF000000015689//180008
PAGO
:61:081229C000000000083,00NTRF000000015630//180008
PAGO
:61:081229C000000001500,00NTRF000000015576//180008
PAGO
:61:081229C000000000750,00NTRF000000015500//180008
PAGO
:61:081229C000000000436,22NTRF000000014962//180008
PAGO
:61:081229C000000000505,00NTRF000000014855//180008
PAGO
:61:081229C000000000500,00NTRF000000014861//180008
PAGO
:61:081229C000000000860,00NTRF000000022379//180008
PAGO
:61:081229C000000000814,00NTRF000000022359//180008
PAGO
:62M:C081229VEF000011615447,65
-}{5:{CHK:1143FB20924B}}{S:{COP:S}}${1:F21VZCRVECAAXXX5410610696}{4:{177:0404021720}{451:0}}{1:F01VZCRVECAAXXX5410610696}{2:09501717040402VZCRVECAAXXX40812675430404021720N}{3:{108:SCONNECT}}{4:
:20:MI081229
:25:2222222222
:28C:0528/183
:60M:C081229VEF000011615447,65
:61:081229C000000002340,00NTRF000000022283//180008
PAGO
:61:081229C000000005100,00NTRF000000021820//180008
PAGO
:61:081229C000000007000,00NTRF000000021811//180008
PAGO
:61:081229C000000001000,00NTRF000000023528//180008
PAGO
:61:081229C000000000662,00NTRF000000015978//180008
PAGO
:61:081229C000000000610,00NTRF000000015979//180008
PAGO
:61:081229C000000001851,37NTRF000000015980//180008
PAGO
:61:081229C000000000500,00NTRF000000015917//180008
PAGO
:61:081229C000000001500,00NTRF000000015916//180008
PAGO
:62M:C081229VEF000011636011,02
-}{5:{CHK:1143FB20924B}}{S:{COP:S}}${1:F21VZCRVECAAXXX5410610696}{4:{177:0404021720}{451:0}}{1:F01VZCRVECAAXXX5410610696}{2:09501717040402VZCRVECAAXXX40812675430404021720N}{3:{108:SCONNECT}}{4:
:20:MI081229
:25:2222222222
:28C:0528/184
:60M:C081229VEF000011636011,02
:61:081229C000000015500,00NTRF000000015866//180008
PAGO
:61:081229C000000000888,00NTRF000000015876//180008
PAGO
:61:081229C000000002850,00NTRF000000015807//180008
PAGO
:61:081229C000000002200,00NTRF000000015808//180008
PAGO
:61:081229C000000003270,00NTRF000000015809//180008
PAGO
:61:081229C000000000500,00NTRF000000015759//180008
PAGO
:61:081229C000000002500,00NTRF000000023155//180008
PAGO
:61:081229C000000000500,00NTRF000000023081//180008
PAGO
:61:081229C000000000200,00NTRF000000023030//180008
PAGO
:62M:C081229VEF000011664419,02
-}{5:{CHK:1143FB20924B}}{S:{COP:S}}${1:F21VZCRVECAAXXX5410610696}{4:{177:0404021720}{451:0}}{1:F01VZCRVECAAXXX5410610696}{2:09501717040402VZCRVECAAXXX40812675430404021720N}{3:{108:SCONNECT}}{4:
:20:MI081229
:25:2222222222
:28C:0528/185
:60M:C081229VEF000011664419,02
:61:081229C000000001000,00NTRF000000022965//180008
PAGO
:61:081229C000000000150,00NTRF000000022948//180008
PAGO
:61:081229C000000003000,00NTRF000000022929//180008
PAGO
:61:081229C000000001566,00NTRF000000022875//180008
PAGO
:61:081229C000000002600,00NTRF000000022640//180008
PAGO
:61:081229C000000000200,00NTRF000000022566//180008
PAGO
:61:081229C000000000350,00NTRF000000022555//180008
PAGO
:61:081229C000000005000,00NTRF000000022563//180008
PAGO
:61:081229C000000004000,00NTRF000000022132//180008
PAGO
:62M:C081229VEF000011682285,02
-}{5:{CHK:1143FB20924B}}{S:{COP:S}}${1:F21VZCRVECAAXXX5410610696}{4:{177:0404021720}{451:0}}{1:F01VZCRVECAAXXX5410610696}{2:09501717040402VZCRVECAAXXX40812675430404021720N}{3:{108:SCONNECT}}{4:
:20:MI081229
:25:2222222222
:28C:0528/186
:60M:C081229VEF000011682285,02
:61:081229C000000000500,00NTRF000000021787//180008
PAGO
:61:081229C000000001400,00NTRF000000023213//180008
PAGO
:61:081229C000000002500,00NTRF000000023272//180008
PAGO
:61:081229C000000006210,00NTRF000000023297//180008
PAGO
:61:081229C000000008700,00NTRF000000023334//180008
PAGO
:61:081229C000000004326,95NTRF000000033189//180008
PAGO
:61:081229C000000170000,00NTRF000000033182//180008
PAGO
:61:081229C000000020922,02NTRF000000033206//180008
PAGO
:61:081229C000000000394,00NTRF000000000000//180008
PAGO
:62M:C081229VEF000011897237,99
-}{5:{CHK:1143FB20924B}}{S:{COP:S}}${1:F21VZCRVECAAXXX5410610696}{4:{177:0404021720}{451:0}}{1:F01VZCRVECAAXXX5410610696}{2:09501717040402VZCRVECAAXXX40812675430404021720N}{3:{108:SCONNECT}}{4:
:20:MI081229
:25:2222222222
:28C:0528/187
:60M:C081229VEF000011897237,99
:61:081229C000000001000,00NTRF000000000000//180008
PAGO
:61:081229C000000000010,00NTRF000000000000//180008
PAGO
:61:081229C000000010000,00NTRF000000000000//180008
PAGO
:61:081229C000000010000,00NTRF000000000000//180008
PAGO
:61:081229C000000000010,00NTRF000000000000//180008
PAGO
:61:081229C000000000850,00NTRF000000000000//180008
PAGO
:61:081229C000000003000,00NTRF000000000000//180008
PAGO
:61:081229C000000010000,00NTRF000000000000//180008
PAGO
:61:081229C000000010000,00NTRF000000000000//180008
PAGO
:62M:C081229VEF000011942107,99
-}{5:{CHK:1143FB20924B}}{S:{COP:S}}${1:F21VZCRVECAAXXX5410610696}{4:{177:0404021720}{451:0}}{1:F01VZCRVECAAXXX5410610696}{2:09501717040402VZCRVECAAXXX40812675430404021720N}{3:{108:SCONNECT}}{4:
:20:MI081229
:25:2222222222
:28C:0528/188
:60M:C081229VEF000011942107,99
:61:081229C000000001000,00NTRF000000000000//180008
PAGO
:61:081229C000000000300,00NTRF000000000000//180008
PAGO
:61:081229C000000003000,00NTRF000000000000//180008
PAGO
:61:081229C000000000060,00NTRF000000000000//180008
PAGO
:61:081229C000000002659,85NTRF000000000000//180008
PAGO
:61:081229C000000001620,00NTRF000000000000//180008
PAGO
:61:081229C000000003600,00NTRF000000000000//180008
PAGO
:61:081229C000000000200,00NTRF000000000000//180008
PAGO
:61:081229C000000002150,00NTRF000000000000//180008
PAGO
:62M:C081229VEF000011956697,84
-}{5:{CHK:1143FB20924B}}{S:{COP:S}}${1:F21VZCRVECAAXXX5410610696}{4:{177:0404021720}{451:0}}{1:F01VZCRVECAAXXX5410610696}{2:09501717040402VZCRVECAAXXX40812675430404021720N}{3:{108:SCONNECT}}{4:
:20:MI081229
:25:2222222222
:28C:0528/189
:60M:C081229VEF000011956697,84
:61:081229C000000001000,00NTRF000000000000//180008
PAGO
:61:081229C000000100000,00NTRF000000654654//180008
PAGO
:61:081229C000000005000,00NTRF000000000000//180008
PAGO
:61:081229C000000000200,00NTRF000000000000//180008
PAGO
:61:081229C000000001400,00NTRF000002612081//180008
PAGO
:61:081229C000000000146,87NTRF000000000000//180008
PAGO
:61:081229C000000000335,69NTRF000000000000//180008
PAGO
:61:081229C000000004000,00NTRF000000000000//180008
PAGO
:61:081229C000000000040,00NTRF000000000000//180008
PAGO
:62M:C081229VEF000012068820,40
-}{5:{CHK:1143FB20924B}}{S:{COP:S}}${1:F21VZCRVECAAXXX5410610696}{4:{177:0404021720}{451:0}}{1:F01VZCRVECAAXXX5410610696}{2:09501717040402VZCRVECAAXXX40812675430404021720N}{3:{108:SCONNECT}}{4:
:20:MI081229
:25:2222222222
:28C:0528/190
:60M:C081229VEF000012068820,40
:61:081229C000000002000,00NTRF000000000000//180008
PAGO
:61:081229C000000005000,00NTRF000000000000//180008
PAGO
:61:081229C000000001500,00NTRF000000000123//180008
PAGO
:61:081229C000000000700,00NTRF000000281208//180008
PAGO
:61:081229C000000000715,31NTRF000002460970//180008
PAGO
:61:081229C000000000729,22NTRF000002460971//180008
PAGO
:61:081229C000000000601,16NTRF000002460972//180008
PAGO
:61:081229C000000000680,31NTRF000002460973//180008
PAGO
:61:081229C000000000643,31NTRF000002460974//180008
PAGO
:62M:C081229VEF000012081389,71
-}{5:{CHK:1143FB20924B}}{S:{COP:S}}${1:F21VZCRVECAAXXX5410610696}{4:{177:0404021720}{451:0}}{1:F01VZCRVECAAXXX5410610696}{2:09501717040402VZCRVECAAXXX40812675430404021720N}{3:{108:SCONNECT}}{4:
:20:MI081229
:25:2222222222
:28C:0528/191
:60M:C081229VEF000012081389,71
:61:081229C000000000715,31NTRF000002460949//180008
PAGO
:61:081229C000000000715,31NTRF000002460950//180008
PAGO
:61:081229C000000000677,35NTRF000002460951//180008
PAGO
:61:081229C000000000643,45NTRF000002460952//180008
PAGO
:61:081229C000000000715,31NTRF000002460953//180008
PAGO
:61:081229C000000000647,41NTRF000002460954//180008
PAGO
:61:081229C000000000797,81NTRF000002460955//180008
PAGO
:61:081229C000000000687,26NTRF000002460956//180008
PAGO
:61:081229C000000000917,40NTRF000002460957//180008
PAGO
:62M:C081229VEF000012087906,32
-}{5:{CHK:1143FB20924B}}{S:{COP:S}}${1:F21VZCRVECAAXXX5410610696}{4:{177:0404021720}{451:0}}{1:F01VZCRVECAAXXX5410610696}{2:09501717040402VZCRVECAAXXX40812675430404021720N}{3:{108:SCONNECT}}{4:
:20:MI081229
:25:2222222222
:28C:0528/192
:60M:C081229VEF000012087906,32
:61:081229C000000000685,41NTRF000002460958//180008
PAGO
:61:081229C000000000799,23NTRF000002460959//180008
PAGO
:61:081229C000000000715,31NTRF000002460960//180008
PAGO
:61:081229C000000000712,28NTRF000002460961//180008
PAGO
:61:081229C000000000638,67NTRF000002460936//180008
PAGO
:61:081229C000000000672,67NTRF000002460937//180008
PAGO
:61:081229C000000000689,31NTRF000002460938//180008
PAGO
:61:081229C000000000652,27NTRF000002461145//180008
PAGO
:61:081229C000000000715,31NTRF000002461146//180008
PAGO
:62M:C081229VEF000012094186,78
-}{5:{CHK:1143FB20924B}}{S:{COP:S}}${1:F21VZCRVECAAXXX5410610696}{4:{177:0404021720}{451:0}}{1:F01VZCRVECAAXXX5410610696}{2:09501717040402VZCRVECAAXXX40812675430404021720N}{3:{108:SCONNECT}}{4:
:20:MI081229
:25:2222222222
:28C:0528/193
:60M:C081229VEF000012094186,78
:61:081229C000000000661,37NTRF000002461147//180008
PAGO
:61:081229C000000000594,62NTRF000002461148//180008
PAGO
:61:081229C000000000719,30NTRF000002461149//180008
PAGO
:61:081229C000000001267,90NTRF000002461150//180008
PAGO
:61:081229C000000000715,30NTRF000002461151//180008
PAGO
:61:081229C000000006205,07NTRF000002461152//180008
PAGO
:61:081229C000000000672,24NTRF000002461153//180008
PAGO
:61:081229C000000000667,42NTRF000002461154//180008
PAGO
:61:081229C000000000719,31NTRF000002461155//180008
PAGO
:62M:C081229VEF000012106409,31
-}{5:{CHK:1143FB20924B}}{S:{COP:S}}${1:F21VZCRVECAAXXX5410610696}{4:{177:0404021720}{451:0}}{1:F01VZCRVECAAXXX5410610696}{2:09501717040402VZCRVECAAXXX40812675430404021720N}{3:{108:SCONNECT}}{4:
:20:MI081229
:25:2222222222
:28C:0528/194
:60M:C081229VEF000012106409,31
:61:081229C000000000689,31NTRF000002461156//180008
PAGO
:61:081229C000000002511,53NTRF000002461131//180008
PAGO
:61:081229C000000000745,17NTRF000002461132//180008
PAGO
:61:081229C000000000666,26NTRF000002461133//180008
PAGO
:61:081229C000000000546,19NTRF000002461134//180008
PAGO
:61:081229C000000000647,97NTRF000002461135//180008
PAGO
:61:081229C000000000719,31NTRF000002461136//180008
PAGO
:61:081229C000000000729,34NTRF000002461137//180008
PAGO
:61:081229C000000000646,87NTRF000002461138//180008
PAGO
:62M:C081229VEF000012114311,26
-}{5:{CHK:1143FB20924B}}{S:{COP:S}}${1:F21VZCRVECAAXXX5410610696}{4:{177:0404021720}{451:0}}{1:F01VZCRVECAAXXX5410610696}{2:09501717040402VZCRVECAAXXX40812675430404021720N}{3:{108:SCONNECT}}{4:
:20:MI081229
:25:2222222222
:28C:0528/195
:60M:C081229VEF000012114311,26
:61:081229C000000000799,21NTRF000002461139//180008
PAGO
:61:081229C000000000678,60NTRF000002461140//180008
PAGO
:61:081229C000000000747,19NTRF000002461141//180008
PAGO
:61:081229C000000000709,55NTRF000002461142//180008
PAGO
:61:081229C000000000675,35NTRF000002461143//180008
PAGO
:61:081229C000000000628,36NTRF000002461118//180008
PAGO
:61:081229C000000000712,27NTRF000002461119//180008
PAGO
:61:081229C000000002525,51NTRF000002461120//180008
PAGO
:61:081229C000000000665,34NTRF000002461121//180008
PAGO
:62M:C081229VEF000012122452,64
-}{5:{CHK:1143FB20924B}}{S:{COP:S}}${1:F21VZCRVECAAXXX5410610696}{4:{177:0404021720}{451:0}}{1:F01VZCRVECAAXXX5410610696}{2:09501717040402VZCRVECAAXXX40812675430404021720N}{3:{108:SCONNECT}}{4:
:20:MI081229
:25:2222222222
:28C:0528/196
:60M:C081229VEF000012122452,64
:61:081229C000000000642,32NTRF000002461122//180008
PAGO
:61:081229C000000000719,31NTRF000002461123//180008
PAGO
:61:081229C000000000701,29NTRF000002461124//180008
PAGO
:61:081229C000000000715,31NTRF000002461125//180008
PAGO
:61:081229C000000001696,18NTRF000002461126//180008
PAGO
:61:081229C000000000587,51NTRF000002461127//180008
PAGO
:61:081229C000000000677,34NTRF000002461128//180008
PAGO
:61:081229C000000000685,08NTRF000002461129//180008
PAGO
:61:081229C000000000647,01NTRF000002461130//180008
PAGO
:62M:C081229VEF000012129523,99
-}{5:{CHK:1143FB20924B}}{S:{COP:S}}${1:F21VZCRVECAAXXX5410610696}{4:{177:0404021720}{451:0}}{1:F01VZCRVECAAXXX5410610696}{2:09501717040402VZCRVECAAXXX40812675430404021720N}{3:{108:SCONNECT}}{4:
:20:MI081229
:25:2222222222
:28C:0528/197
:60M:C081229VEF000012129523,99
:61:081229C000000000608,05NTRF000002461105//180008
PAGO
:61:081229C000000000685,41NTRF000002461106//180008
PAGO
:61:081229C000000000687,25NTRF000002461107//180008
PAGO
:61:081229C000000000715,31NTRF000002461108//180008
PAGO
:61:081229C000000003156,02NTRF000002461109//180008
PAGO
:61:081229C000000000792,20NTRF000002461110//180008
PAGO
:61:081229C000000000799,23NTRF000002461111//180008
PAGO
:61:081229C000000000697,33NTRF000002461112//180008
PAGO
:61:081229C000000000697,33NTRF000002461113//180008
PAGO
:62M:C081229VEF000012138362,12
-}{5:{CHK:1143FB20924B}}{S:{COP:S}}${1:F21VZCRVECAAXXX5410610696}{4:{177:0404021720}{451:0}}{1:F01VZCRVECAAXXX5410610696}{2:09501717040402VZCRVECAAXXX40812675430404021720N}{3:{108:SCONNECT}}{4:
:20:MI081229
:25:2222222222
:28C:0528/198
:60M:C081229VEF000012138362,12
:61:081229C000000000660,37NTRF000002461114//180008
PAGO
:61:081229C000000001684,63NTRF000002461115//180008
PAGO
:61:081229C000000000641,43NTRF000002461116//180008
PAGO
:61:081229C000000000697,33NTRF000002461117//180008
PAGO
:61:081229C000000000641,43NTRF000002461092//180008
PAGO
:61:081229C000000000695,04NTRF000002461093//180008
PAGO
:61:081229C000000000712,27NTRF000002461094//180008
PAGO
:61:081229C000000000452,78NTRF000002461095//180008
PAGO
:61:081229C000000000610,46NTRF000002461096//180008
PAGO
:62M:C081229VEF000012145157,86
-}{5:{CHK:1143FB20924B}}{S:{COP:S}}${1:F21VZCRVECAAXXX5410610696}{4:{177:0404021720}{451:0}}{1:F01VZCRVECAAXXX5410610696}{2:09501717040402VZCRVECAAXXX40812675430404021720N}{3:{108:SCONNECT}}{4:
:20:MI081229
:25:2222222222
:28C:0528/199
:60M:C081229VEF000012145157,86
:61:081229C000000000673,35NTRF000002461097//180008
PAGO
:61:081229C000000000715,31NTRF000002461098//180008
PAGO
:61:081229C000000000677,31NTRF000002461099//180008
PAGO
:61:081229C000000000715,31NTRF000002461100//180008
PAGO
:61:081229C000000000877,51NTRF000002461101//180008
PAGO
:61:081229C000000000635,39NTRF000002461102//180008
PAGO
:61:081229C000000000673,35NTRF000002461103//180008
PAGO
:61:081229C000000000707,08NTRF000002461104//180008
PAGO
:61:081229C000000000719,31NTRF000002461079//180008
PAGO
:62M:C081229VEF000012151551,78
-}{5:{CHK:1143FB20924B}}{S:{COP:S}}${1:F21VZCRVECAAXXX5410610696}{4:{177:0404021720}{451:0}}{1:F01VZCRVECAAXXX5410610696}{2:09501717040402VZCRVECAAXXX40812675430404021720N}{3:{108:SCONNECT}}{4:
:20:MI081229
:25:2222222222
:28C:0528/200
:60M:C081229VEF000012151551,78
:61:081229C000000000679,11NTRF000002461080//180008
PAGO
:61:081229C000000000719,31NTRF000002461081//180008
PAGO
:61:081229C000000000624,40NTRF000002461082//180008
PAGO
:61:081229C000000000686,47NTRF000002461083//180008
PAGO
:61:081229C000000000663,31NTRF000002461084//180008
PAGO
:61:081229C000000000715,31NTRF000002461085//180008
PAGO
:61:081229C000000000701,26NTRF000002461086//180008
PAGO
:61:081229C000000000771,97NTRF000002461087//180008
PAGO
:61:081229C000000000710,52NTRF000002461294//180008
PAGO
:62M:C081229VEF000012157823,44
-}{5:{CHK:1143FB20924B}}{S:{COP:S}}${1:F21VZCRVECAAXXX5410610696}{4:{177:0404021720}{451:0}}{1:F01VZCRVECAAXXX5410610696}{2:09501717040402VZCRVECAAXXX40812675430404021720N}{3:{108:SCONNECT}}{4:
:20:MI081229
:25:2222222222
:28C:0528/201
:60M:C081229VEF000012157823,44
:61:081229C000000000645,35NTRF000002461295//180008
PAGO
:61:081229C000000000494,67NTRF000002461296//180008
PAGO
:61:081229C000000000213,38NTRF000002461297//180008
PAGO
:61:081229C000000000617,08NTRF000002461298//180008
PAGO
:61:081229C000000000575,60NTRF000002461299//180008
PAGO
:61:081229C000000000969,56NTRF000002461274//180008
PAGO
:61:081229C000000000663,41NTRF000002461275//180008
PAGO
:61:081229C000000000249,96NTRF000002461276//180008
PAGO
:61:081229C000000000669,80NTRF000002461277//180008
PAGO
:62M:C081229VEF000012162922,25
-}{5:{CHK:1143FB20924B}}{S:{COP:S}}${1:F21VZCRVECAAXXX5410610696}{4:{177:0404021720}{451:0}}{1:F01VZCRVECAAXXX5410610696}{2:09501717040402VZCRVECAAXXX40812675430404021720N}{3:{108:SCONNECT}}{4:
:20:MI081229
:25:2222222222
:28C:0528/202
:60M:C081229VEF000012162922,25
:61:081229C000000000684,12NTRF000002461278//180008
PAGO
:61:081229C000000000799,23NTRF000002461279//180008
PAGO
:61:081229C000000000659,43NTRF000002461280//180008
PAGO
:61:081229C000000000677,28NTRF000002461281//180008
PAGO
:61:081229C000000000719,31NTRF000002461282//180008
PAGO
:61:081229C000000000631,50NTRF000002461283//180008
PAGO
:61:081229C000000001678,74NTRF000002461284//180008
PAGO
:61:081229C000000000666,31NTRF000002461285//180008
PAGO
:61:081229C000000000483,70NTRF000002461286//180008
PAGO
:62M:C081229VEF000012169921,87
-}{5:{CHK:1143FB20924B}}{S:{COP:S}}${1:F21VZCRVECAAXXX5410610696}{4:{177:0404021720}{451:0}}{1:F01VZCRVECAAXXX5410610696}{2:09501717040402VZCRVECAAXXX40812675430404021720N}{3:{108:SCONNECT}}{4:
:20:MI081229
:25:2222222222
:28C:0528/203
:60M:C081229VEF000012169921,87
:61:081229C000000000719,31NTRF000002461261//180008
PAGO
:61:081229C000000000671,21NTRF000002461262//180008
PAGO
:61:081229C000000000580,33NTRF000002461263//180008
PAGO
:61:081229C000000000331,25NTRF000002461264//180008
PAGO
:61:081229C000000000548,97NTRF000002461265//180008
PAGO
:61:081229C000000001713,84NTRF000002461266//180008
PAGO
:61:081229C000000000715,31NTRF000002461267//180008
PAGO
:61:081229C000000000610,38NTRF000002461268//180008
PAGO
:61:081229C000000000701,29NTRF000002461269//180008
PAGO
:62M:C081229VEF000012176513,76
-}{5:{CHK:1143FB20924B}}{S:{COP:S}}${1:F21VZCRVECAAXXX5410610696}{4:{177:0404021720}{451:0}}{1:F01VZCRVECAAXXX5410610696}{2:09501717040402VZCRVECAAXXX40812675430404021720N}{3:{108:SCONNECT}}{4:
:20:MI081229
:25:2222222222
:28C:0528/204
:60M:C081229VEF000012176513,76
:61:081229C000000000625,35NTRF000002461270//180008
PAGO
:61:081229C000000001210,96NTRF000002461271//180008
PAGO
:61:081229C000000001679,03NTRF000002461272//180008
PAGO
:61:081229C000000000705,29NTRF000002461273//180008
PAGO
:61:081229C000000003438,90NTRF000002461248//180008
PAGO
:61:081229C000000000619,38NTRF000002461249//180008
PAGO
:61:081229C000000000610,49NTRF000002461250//180008
PAGO
:61:081229C000000000627,24NTRF000002461251//180008
PAGO
:61:081229C000000000575,73NTRF000002461252//180008
PAGO
:62M:C081229VEF000012186606,13
-}{5:{CHK:1143FB20924B}}{S:{COP:S}}${1:F21VZCRVECAAXXX5410610696}{4:{177:0404021720}{451:0}}{1:F01VZCRVECAAXXX5410610696}{2:09501717040402VZCRVECAAXXX40812675430404021720N}{3:{108:SCONNECT}}{4:
:20:MI081229
:25:2222222222
:28C:0528/205
:60M:C081229VEF000012186606,13
:61:081229C000000000670,28NTRF000002461253//180008
PAGO
:61:081229C000000000715,31NTRF000002461254//180008
PAGO
:61:081229C000000001061,26NTRF000002461255//180008
PAGO
:61:081229C000000000573,41NTRF000002461256//180008
PAGO
:61:081229C000000001584,78NTRF000002461257//180008
PAGO
:61:081229C000000000606,41NTRF000002461258//180008
PAGO
:61:081229C000000000663,27NTRF000002461259//180008
PAGO
:61:081229C000000000713,76NTRF000002461260//180008
PAGO
:61:081229C000000000617,39NTRF000002461235//180008
PAGO
:62M:C081229VEF000012193812,00
-}{5:{CHK:1143FB20924B}}{S:{COP:S}}${1:F21VZCRVECAAXXX5410610696}{4:{177:0404021720}{451:0}}{1:F01VZCRVECAAXXX5410610696}{2:09501717040402VZCRVECAAXXX40812675430404021720N}{3:{108:SCONNECT}}{4:
:20:MI081229
:25:2222222222
:28C:0528/206
:60M:C081229VEF000012193812,00
:61:081229C000000001497,97NTRF000002461236//180008
PAGO
:61:081229C000000000648,54NTRF000002461237//180008
PAGO
:61:081229C000000000663,41NTRF000002461238//180008
PAGO
:61:081229C000000000704,44NTRF000002461239//180008
PAGO
:61:081229C000000000551,43NTRF000002461240//180008
PAGO
:61:081229C000000000708,97NTRF000002461241//180008
PAGO
:61:081229C000000000706,08NTRF000002461242//180008
PAGO
:61:081229C000000000955,99NTRF000002461243//180008
PAGO
:61:081229C000000001028,50NTRF000002461244//180008
PAGO
:62M:C081229VEF000012201277,33
-}{5:{CHK:1143FB20924B}}{S:{COP:S}}${1:F21VZCRVECAAXXX5410610696}{4:{177:0404021720}{451:0}}{1:F01VZCRVECAAXXX5410610696}{2:09501717040402VZCRVECAAXXX40812675430404021720N}{3:{108:SCONNECT}}{4:
:20:MI081229
:25:2222222222
:28C:0528/207
:60M:C081229VEF000012201277,33
:61:081229C000000000667,31NTRF000002461245//180008
PAGO
:61:081229C000000000531,01NTRF000002461246//180008
PAGO
:61:081229C000000000671,32NTRF000002461247//180008
PAGO
:61:081229C000000000681,44NTRF000002461222//180008
PAGO
:61:081229C000000000719,29NTRF000002461223//180008
PAGO
:61:081229C000000000715,31NTRF000002461224//180008
PAGO
:61:081229C000000000799,23NTRF000002461225//180008
PAGO
:61:081229C000000000685,41NTRF000002461226//180008
PAGO
:61:081229C000000002131,48NTRF000002461227//180008
PAGO
:62M:C081229VEF000012208879,13
-}{5:{CHK:1143FB20924B}}{S:{COP:S}}${1:F21VZCRVECAAXXX5410610696}{4:{177:0404021720}{451:0}}{1:F01VZCRVECAAXXX5410610696}{2:09501717040402VZCRVECAAXXX40812675430404021720N}{3:{108:SCONNECT}}{4:
:20:MI081229
:25:2222222222
:28C:0528/208
:60M:C081229VEF000012208879,13
:61:081229C000000000706,98NTRF000002461228//180008
PAGO
:61:081229C000000000799,23NTRF000002461229//180008
PAGO
:61:081229C000000000675,19NTRF000002461230//180008
PAGO
:61:081229C000000000735,05NTRF000002461231//180008
PAGO
:61:081229C000000000699,31NTRF000002461232//180008
PAGO
:61:081229C000000000625,37NTRF000002461233//180008
PAGO
:61:081229C000000001759,01NTRF000002461234//180008
PAGO
:61:081229C000000000670,28NTRF000002461209//180008
PAGO
:61:081229C000000000773,23NTRF000002461210//180008
PAGO
:62M:C081229VEF000012216322,78
-}{5:{CHK:1143FB20924B}}{S:{COP:S}}${1:F21VZCRVECAAXXX5410610696}{4:{177:0404021720}{451:0}}{1:F01VZCRVECAAXXX5410610696}{2:09501717040402VZCRVECAAXXX40812675430404021720N}{3:{108:SCONNECT}}{4:
:20:MI081229
:25:2222222222
:28C:0528/209
:60M:C081229VEF000012216322,78
:61:081229C000000000636,07NTRF000002461303//180008
PAGO
:61:081229C000000000615,40NTRF000002461304//180008
PAGO
:61:081229C000000000699,31NTRF000002461305//180008
PAGO
:61:081229C000000001594,28NTRF000002461306//180008
PAGO
:61:081229C000000000404,85NTRF000002461307//180008
PAGO
:61:081229C000000000597,87NTRF000002461308//180008
PAGO
:61:081229C000000000624,29NTRF000002461309//180008
PAGO
:61:081229C000000001414,27NTRF000002461310//180008
PAGO
:61:081229C000000000689,29NTRF000002461311//180008
PAGO
:62M:C081229VEF000012223598,41
-}{5:{CHK:1143FB20924B}}{S:{COP:S}}${1:F21VZCRVECAAXXX5410610696}{4:{177:0404021720}{451:0}}{1:F01VZCRVECAAXXX5410610696}{2:09501717040402VZCRVECAAXXX40812675430404021720N}{3:{108:SCONNECT}}{4:
:20:MI081229
:25:2222222222
:28C:0528/210
:60M:C081229VEF000012223598,41
:61:081229C000000000526,49NTRF000002461338//180008
PAGO
:61:081229C000000000666,29NTRF000002461313//180008
PAGO
:61:081229C000000000615,76NTRF000002461314//180008
PAGO
:61:081229C000000000697,32NTRF000002461315//180008
PAGO
:61:081229C000000000556,74NTRF000002461316//180008
PAGO
:61:081229C000000000617,46NTRF000002461317//180008
PAGO
:61:081229C000000000719,31NTRF000002461318//180008
PAGO
:61:081229C000000000674,45NTRF000002461319//180008
PAGO
:61:081229C000000000658,03NTRF000002461320//180008
PAGO
:62M:C081229VEF000012229330,26
-}{5:{CHK:1143FB20924B}}{S:{COP:S}}${1:F21VZCRVECAAXXX5410610696}{4:{177:0404021720}{451:0}}{1:F01VZCRVECAAXXX5410610696}{2:09501717040402VZCRVECAAXXX40812675430404021720N}{3:{108:SCONNECT}}{4:
:20:MI081229
:25:2222222222
:28C:0528/211
:60M:C081229VEF000012229330,26
:61:081229C000000000601,41NTRF000002461347//180008
PAGO
:61:081229C000000000719,19NTRF000002461348//180008
PAGO
:61:081229C000000000657,53NTRF000002461349//180008
PAGO
:61:081229C000000000904,21NTRF000002461350//180008
PAGO
:61:081229C000000000370,52NTRF000002461351//180008
PAGO
:61:081229C000000000377,46NTRF000002461326//180008
PAGO
:61:081229C000000000660,63NTRF000002461327//180008
PAGO
:61:081229C000000001421,23NTRF000002461328//180008
PAGO
:61:081229C000000000577,65NTRF000002461329//180008
PAGO
:62M:C081229VEF000012235620,09
-}{5:{CHK:1143FB20924B}}{S:{COP:S}}${1:F21VZCRVECAAXXX5410610696}{4:{177:0404021720}{451:0}}{1:F01VZCRVECAAXXX5410610696}{2:09501717040402VZCRVECAAXXX40812675430404021720N}{3:{108:SCONNECT}}{4:
:20:MI081229
:25:2222222222
:28C:0528/212
:60M:C081229VEF000012235620,09
:61:081229C000000000656,66NTRF000002461356//180008
PAGO
:61:081229C000000000673,31NTRF000002461357//180008
PAGO
:61:081229D000012236950,06NTRF000020081229//180008
N/D
:62F:C081229VEF000000000000,00
-}{5:{CHK:96FA6004455F}}{S:{COP:S}}
