{1:F21CONSVECAAXXX5128904893}{4:{177:0805300702}{451:0}}{1:F01CONSVECAAXXX5128904893}{2:O9500703080530BPROVECAAXXX63137195330805300704N}{4:
:20:EC95004920080529
:25:01080090150500000806
:28C:08150/00001
:60F:D080529VEF4067406,38
:61:0805290529DB3500000,00NCHK000003703//000003703
CAMARA RECIBIDA COMPENSACION      
:61:0805290529CB1500000,00NLDP000076800//000076800
DEPOSITO EN EFECTIVO              
:61:0805300529CB20506,00NLDP000076801//000076801
DEP. CHEQUE O/B 1 DIARAS          
:61:0805290529CB1000000,00NLDP000076802//000076802
DEPOSITO EN EFECTIVO              
:61:0805290529CB1000000,00NLDP000076803//000076803
DEPOSITO EN EFECTIVO              
:62F:D080529VEF4046900,38
:64:D080529VEF4067406,38
-}{5:{CHK:9483508B3B5B}}{S:{COP:S}}
