{1:F21VZCRVECAAXXX5410610696}{4:{177:0404021720}{451:0}}{1:F01VZCRVECAAXXX5410610696}{2:09501717040402VZCRVECAAXXX40812675430404021720N}{3:{108:SCONNECT}}{4:
:20:MI081230
:25:2222222222
:28C:0529/001
:60F:C081230VEF000000000000,00
:61:081230C000000001170,25NTRF000000000210//180007
PAGO
:61:081230C000000000383,13NTRF000000001030//180007
PAGO
:62M:C081230VEF000000001553,38
-}{5:{CHK:1143FB20924B}}{S:{COP:S}}${1:F21VZCRVECAAXXX5410610696}{4:{177:0404021720}{451:0}}{1:F01VZCRVECAAXXX5410610696}{2:09501717040402VZCRVECAAXXX40812675430404021720N}{3:{108:SCONNECT}}{4:
:20:MI081230
:25:2222222222
:28C:0529/002
:60M:C081230VEF000000001553,38
:61:081230C000000052276,19NTRF000000001009//180007
PAGO
:61:081230C000000210705,83NTRF000000001015//180007
PAGO
:61:081230C000000082226,82NTRF000000001017//180007
PAGO
:61:081230C000001461920,17NTRF000000001018//180007
PAGO
:61:081230C000000191568,53NTRF000000000925//180007
PAGO
:61:081230C000000222346,23NTRF000000000923//180007
PAGO
:61:081230C000000009694,52NTRF000000000188//180007
PAGO
:61:081230C000000191210,18NTRF000000000191//180007
PAGO
:61:081230C000000015850,53NTRF000000000467//180007
PAGO
:62M:C081230VEF000002439352,38
-}{5:{CHK:1143FB20924B}}{S:{COP:S}}${1:F21VZCRVECAAXXX5410610696}{4:{177:0404021720}{451:0}}{1:F01VZCRVECAAXXX5410610696}{2:09501717040402VZCRVECAAXXX40812675430404021720N}{3:{108:SCONNECT}}{4:
:20:MI081230
:25:2222222222
:28C:0529/003
:60M:C081230VEF000002439352,38
:61:081230C000000035384,45NTRF000000000470//180007
PAGO
:61:081230C000001460878,59NTRF000000000456//180007
PAGO
:61:081230C000000042007,79NTRF000000000458//180007
PAGO
:61:081230C000000003168,00NTRF000000000350//180007
PAGO
:61:081230C000000001502,50NTRF000000000354//180007
PAGO
:61:081230C000000000700,00NTRF000000000190//180007
PAGO
:61:081230C000000012490,67NTRF000000000189//180007
PAGO
:61:081230C000000016900,00NTRF000000000187//180007
PAGO
:61:081230C000000009815,00NTRF000000000193//180007
PAGO
:62M:C081230VEF000004022199,38
-}{5:{CHK:1143FB20924B}}{S:{COP:S}}${1:F21VZCRVECAAXXX5410610696}{4:{177:0404021720}{451:0}}{1:F01VZCRVECAAXXX5410610696}{2:09501717040402VZCRVECAAXXX40812675430404021720N}{3:{108:SCONNECT}}{4:
:20:MI081230
:25:2222222222
:28C:0529/004
:60M:C081230VEF000004022199,38
:61:081230C000000022978,45NTRF000000000196//180007
PAGO
:61:081230C000000059641,00NTRF000000000197//180007
PAGO
:61:081230C000000007940,43NTRF000000000198//180007
PAGO
:61:081230C000000029468,05NTRF000000000199//180007
PAGO
:61:081230C000000008990,07NTRF000000000605//180007
PAGO
:61:081230C000000015429,04NTRF000000000608//180007
PAGO
:61:081230C000000332812,52NTRF000000000610//180007
PAGO
:61:081230C000000257149,48NTRF000000000598//180007
PAGO
:61:081230C000000016921,50NTRF000000000600//180007
PAGO
:62M:C081230VEF000004773529,92
-}{5:{CHK:1143FB20924B}}{S:{COP:S}}${1:F21VZCRVECAAXXX5410610696}{4:{177:0404021720}{451:0}}{1:F01VZCRVECAAXXX5410610696}{2:09501717040402VZCRVECAAXXX40812675430404021720N}{3:{108:SCONNECT}}{4:
:20:MI081230
:25:2222222222
:28C:0529/005
:60M:C081230VEF000004773529,92
:61:081230C000000016500,00NTRF000000000602//180007
PAGO
:61:081230C000000286072,04NTRF000000000566//180007
PAGO
:61:081230C000000002908,45NTRF000000000282//180007
PAGO
:61:081230C000000018320,67NTRF000000000195//180007
PAGO
:61:081230C000000003500,00NTRF000000082707//180007
PAGO
:61:081230C000000001500,00NTRF000000082637//180007
PAGO
:61:081230C000000000600,00NTRF000000082627//180007
PAGO
:61:081230C000000006000,00NTRF000000082597//180007
PAGO
:61:081230C000000005000,00NTRF000000082540//180007
PAGO
:62M:C081230VEF000005113931,08
-}{5:{CHK:1143FB20924B}}{S:{COP:S}}${1:F21VZCRVECAAXXX5410610696}{4:{177:0404021720}{451:0}}{1:F01VZCRVECAAXXX5410610696}{2:09501717040402VZCRVECAAXXX40812675430404021720N}{3:{108:SCONNECT}}{4:
:20:MI081230
:25:2222222222
:28C:0529/006
:60M:C081230VEF000005113931,08
:61:081230C000000001000,00NTRF000000076685//180007
PAGO
:61:081230C000000000210,00NTRF000000076661//180007
PAGO
:61:081230C000000007500,00NTRF000000075839//180007
PAGO
:61:081230C000000000450,00NTRF000000075804//180007
PAGO
:61:081230C000000005890,00NTRF000000076343//180007
PAGO
:61:081230C000000000500,00NTRF000000082988//180007
PAGO
:61:081230C000000000460,00NTRF000000082993//180007
PAGO
:61:081230C000000001170,00NTRF000000082893//180007
PAGO
:61:081230C000000003500,00NTRF000000082861//180007
PAGO
:62M:C081230VEF000005134611,08
-}{5:{CHK:1143FB20924B}}{S:{COP:S}}${1:F21VZCRVECAAXXX5410610696}{4:{177:0404021720}{451:0}}{1:F01VZCRVECAAXXX5410610696}{2:09501717040402VZCRVECAAXXX40812675430404021720N}{3:{108:SCONNECT}}{4:
:20:MI081230
:25:2222222222
:28C:0529/007
:60M:C081230VEF000005134611,08
:61:081230C000000009427,00NTRF000000082862//180007
PAGO
:61:081230C000000007000,00NTRF000000082736//180007
PAGO
:61:081230C000000003000,00NTRF000000082737//180007
PAGO
:61:081230C000000006200,00NTRF000000082735//180007
PAGO
:61:081230C000000004000,00NTRF000000082716//180007
PAGO
:61:081230C000000000200,00NTRF000000082524//180007
PAGO
:61:081230C000000006000,00NTRF000000082513//180007
PAGO
:61:081230C000000012400,00NTRF000000082836//180007
PAGO
:61:081230C000000002000,00NTRF000000076767//180007
PAGO
:62M:C081230VEF000005184838,08
-}{5:{CHK:1143FB20924B}}{S:{COP:S}}${1:F21VZCRVECAAXXX5410610696}{4:{177:0404021720}{451:0}}{1:F01VZCRVECAAXXX5410610696}{2:09501717040402VZCRVECAAXXX40812675430404021720N}{3:{108:SCONNECT}}{4:
:20:MI081230
:25:2222222222
:28C:0529/008
:60M:C081230VEF000005184838,08
:61:081230C000000000900,00NTRF000000076626//180007
PAGO
:61:081230C000000002000,00NTRF000000075968//180007
PAGO
:61:081230C000000001200,00NTRF000000076285//180007
PAGO
:61:081230C000000005500,00NTRF000000076244//180007
PAGO
:61:081230C000000000305,00NTRF000000083062//180007
PAGO
:61:081230C000000002335,00NTRF000000083206//180007
PAGO
:61:081230C000000000900,00NTRF000000000000//180007
PAGO
:61:081230C000000005359,58NTRF000000022008//180007
PAGO
:61:081230C000000005105,60NTRF000048080980//180007
PAGO
:62M:C081230VEF000005208443,26
-}{5:{CHK:1143FB20924B}}{S:{COP:S}}${1:F21VZCRVECAAXXX5410610696}{4:{177:0404021720}{451:0}}{1:F01VZCRVECAAXXX5410610696}{2:09501717040402VZCRVECAAXXX40812675430404021720N}{3:{108:SCONNECT}}{4:
:20:MI081230
:25:2222222222
:28C:0529/009
:60M:C081230VEF000005208443,26
:61:081230C000000001701,84NTRF000054808098//180007
PAGO
:61:081230C000000001132,15NTRF000048080984//180007
PAGO
:61:081230C000000002522,10NTRF000048080982//180007
PAGO
:61:081230C000000001858,84NTRF000000430120//180007
PAGO
:61:081230C000000002730,08NTRF000003578080//180007
PAGO
:61:081230C000000001032,44NTRF000003518072//180007
PAGO
:61:081230C000000003809,50NTRF000000102980//180007
PAGO
:61:081230C000000028984,60NTRF000000011772//180007
PAGO
:61:081230C000000000335,00NTRF000000011776//180007
PAGO
:62M:C081230VEF000005252549,81
-}{5:{CHK:1143FB20924B}}{S:{COP:S}}${1:F21VZCRVECAAXXX5410610696}{4:{177:0404021720}{451:0}}{1:F01VZCRVECAAXXX5410610696}{2:09501717040402VZCRVECAAXXX40812675430404021720N}{3:{108:SCONNECT}}{4:
:20:MI081230
:25:2222222222
:28C:0529/010
:60M:C081230VEF000005252549,81
:61:081230C000000000325,35NTRF000000022008//180007
PAGO
:61:081230C000000019294,90NTRF000000020392//180007
PAGO
:61:081230C000000000863,84NTRF000054808098//180007
PAGO
:61:081230C000000002512,06NTRF000054808098//180007
PAGO
:61:081230C000000003548,54NTRF000048080985//180007
PAGO
:61:081230C000000002033,03NTRF000048080989//180007
PAGO
:61:081230C000000000910,52NTRF000048080987//180007
PAGO
:61:081230C000000031748,15NTRF000000020391//180007
PAGO
:61:081230C000000001025,60NTRF000048080982//180007
PAGO
:62M:C081230VEF000005314811,80
-}{5:{CHK:1143FB20924B}}{S:{COP:S}}${1:F21VZCRVECAAXXX5410610696}{4:{177:0404021720}{451:0}}{1:F01VZCRVECAAXXX5410610696}{2:09501717040402VZCRVECAAXXX40812675430404021720N}{3:{108:SCONNECT}}{4:
:20:MI081230
:25:2222222222
:28C:0529/011
:60M:C081230VEF000005314811,80
:61:081230C000000001547,05NTRF000048080984//180007
PAGO
:61:081230C000000005599,35NTRF000048080986//180007
PAGO
:61:081230C000000001070,15NTRF000048080980//180007
PAGO
:61:081230C000000050000,00NTRF000036480811//180007
PAGO
:61:081230C000000013170,05NTRF000000022008//180007
PAGO
:61:081230C000000000215,24NTRF000001290629//180007
PAGO
:61:081230C000000001690,62NTRF000000022008//180007
PAGO
:61:081230C000000282099,27NTRF000001290624//180007
PAGO
:61:081230C000000000900,00NTRF000001290630//180007
PAGO
:62M:C081230VEF000005671103,53
-}{5:{CHK:1143FB20924B}}{S:{COP:S}}${1:F21VZCRVECAAXXX5410610696}{4:{177:0404021720}{451:0}}{1:F01VZCRVECAAXXX5410610696}{2:09501717040402VZCRVECAAXXX40812675430404021720N}{3:{108:SCONNECT}}{4:
:20:MI081230
:25:2222222222
:28C:0529/012
:60M:C081230VEF000005671103,53
:61:081230C000000000904,19NTRF000048080989//180007
PAGO
:61:081230C000000263296,63NTRF000003648081//180007
PAGO
:61:081230C000000003216,80NTRF000054808098//180007
PAGO
:61:081230C000000000813,67NTRF000054808098//180007
PAGO
:61:081230C000000001365,78NTRF000048080988//180007
PAGO
:61:081230C000000000379,02NTRF000054808098//180007
PAGO
:61:081230C000000000957,20NTRF000048080982//180007
PAGO
:61:081230C000000703172,93NTRF000000350807//180007
PAGO
:61:081230C000000001600,00NTRF000000011765//180007
PAGO
:62M:C081230VEF000006646809,75
-}{5:{CHK:1143FB20924B}}{S:{COP:S}}${1:F21VZCRVECAAXXX5410610696}{4:{177:0404021720}{451:0}}{1:F01VZCRVECAAXXX5410610696}{2:09501717040402VZCRVECAAXXX40812675430404021720N}{3:{108:SCONNECT}}{4:
:20:MI081230
:25:2222222222
:28C:0529/013
:60M:C081230VEF000006646809,75
:61:081230C000000160631,15NTRF000000020380//180007
PAGO
:61:081230C000000000744,67NTRF000000430189//180007
PAGO
:61:081230C000000000160,00NTRF000000047409//180007
PAGO
:61:081230C000000015000,00NTRF000000047404//180007
PAGO
:61:081230C000000002000,00NTRF000000047294//180007
PAGO
:61:081230C000000000350,00NTRF000000047269//180007
PAGO
:61:081230C000000000050,00NTRF000000047250//180007
PAGO
:61:081230C000000000100,00NTRF000000047251//180007
PAGO
:61:081230C000000000715,00NTRF000000047100//180007
PAGO
:62M:C081230VEF000006826560,57
-}{5:{CHK:1143FB20924B}}{S:{COP:S}}${1:F21VZCRVECAAXXX5410610696}{4:{177:0404021720}{451:0}}{1:F01VZCRVECAAXXX5410610696}{2:09501717040402VZCRVECAAXXX40812675430404021720N}{3:{108:SCONNECT}}{4:
:20:MI081230
:25:2222222222
:28C:0529/014
:60M:C081230VEF000006826560,57
:61:081230C000000001000,00NTRF000000047087//180007
PAGO
:61:081230C000000003200,00NTRF000000047076//180007
PAGO
:61:081230C000000009000,00NTRF000000047081//180007
PAGO
:61:081230C000000005000,00NTRF000000047082//180007
PAGO
:61:081230C000000000350,00NTRF000000047050//180007
PAGO
:61:081230C000000000300,00NTRF000000047057//180007
PAGO
:61:081230C000000000368,10NTRF000000046913//180007
PAGO
:61:081230C000000000500,00NTRF000000046885//180007
PAGO
:61:081230C000000007500,00NTRF000000046763//180007
PAGO
:62M:C081230VEF000006853778,67
-}{5:{CHK:1143FB20924B}}{S:{COP:S}}${1:F21VZCRVECAAXXX5410610696}{4:{177:0404021720}{451:0}}{1:F01VZCRVECAAXXX5410610696}{2:09501717040402VZCRVECAAXXX40812675430404021720N}{3:{108:SCONNECT}}{4:
:20:MI081230
:25:2222222222
:28C:0529/015
:60M:C081230VEF000006853778,67
:61:081230C000000004000,00NTRF000000046656//180007
PAGO
:61:081230C000000004000,00NTRF000000046657//180007
PAGO
:61:081230C000000000500,00NTRF000000046661//180007
PAGO
:61:081230C000000000400,00NTRF000000046664//180007
PAGO
:61:081230C000000000150,00NTRF000000046667//180007
PAGO
:61:081230C000000010000,00NTRF000000046532//180007
PAGO
:61:081230C000000002820,00NTRF000000046417//180007
PAGO
:61:081230C000000010000,00NTRF000000046372//180007
PAGO
:61:081230C000000001000,00NTRF000000046972//180007
PAGO
:62M:C081230VEF000006886648,67
-}{5:{CHK:1143FB20924B}}{S:{COP:S}}${1:F21VZCRVECAAXXX5410610696}{4:{177:0404021720}{451:0}}{1:F01VZCRVECAAXXX5410610696}{2:09501717040402VZCRVECAAXXX40812675430404021720N}{3:{108:SCONNECT}}{4:
:20:MI081230
:25:2222222222
:28C:0529/016
:60M:C081230VEF000006886648,67
:61:081230C000000002000,00NTRF000000044173//180007
PAGO
:61:081230C000000001000,00NTRF000000044099//180007
PAGO
:61:081230C000000002000,00NTRF000000044094//180007
PAGO
:61:081230C000000000220,00NTRF000000043965//180007
PAGO
:61:081230C000000001800,00NTRF000000043781//180007
PAGO
:61:081230C000000015000,00NTRF000000043726//180007
PAGO
:61:081230C000000000210,00NTRF000000043676//180007
PAGO
:61:081230C000000000750,00NTRF000000043609//180007
PAGO
:61:081230C000000001500,00NTRF000000043544//180007
PAGO
:62M:C081230VEF000006911128,67
-}{5:{CHK:1143FB20924B}}{S:{COP:S}}${1:F21VZCRVECAAXXX5410610696}{4:{177:0404021720}{451:0}}{1:F01VZCRVECAAXXX5410610696}{2:09501717040402VZCRVECAAXXX40812675430404021720N}{3:{108:SCONNECT}}{4:
:20:MI081230
:25:2222222222
:28C:0529/017
:60M:C081230VEF000006911128,67
:61:081230C000000001000,00NTRF000000043501//180007
PAGO
:61:081230C000000000350,00NTRF000000043502//180007
PAGO
:61:081230C000000002450,00NTRF000000043511//180007
PAGO
:61:081230C000000003000,00NTRF000000043443//180007
PAGO
:61:081230C000000010000,00NTRF000000043371//180007
PAGO
:61:081230C000000001500,00NTRF000000043359//180007
PAGO
:61:081230C000000001500,00NTRF000000043241//180007
PAGO
:61:081230C000000000200,00NTRF000000043141//180007
PAGO
:61:081230C000000000150,00NTRF000000043147//180007
PAGO
:62M:C081230VEF000006931278,67
-}{5:{CHK:1143FB20924B}}{S:{COP:S}}${1:F21VZCRVECAAXXX5410610696}{4:{177:0404021720}{451:0}}{1:F01VZCRVECAAXXX5410610696}{2:09501717040402VZCRVECAAXXX40812675430404021720N}{3:{108:SCONNECT}}{4:
:20:MI081230
:25:2222222222
:28C:0529/018
:60M:C081230VEF000006931278,67
:61:081230C000000000500,00NTRF000000043115//180007
PAGO
:61:081230C000000000137,00NTRF000000043053//180007
PAGO
:61:081230C000000000400,00NTRF000000043043//180007
PAGO
:61:081230C000000000250,00NTRF000000043045//180007
PAGO
:61:081230C000000035000,00NTRF000000042929//180007
PAGO
:61:081230C000000012000,00NTRF000000042913//180007
PAGO
:61:081230C000000000130,00NTRF000000042631//180007
PAGO
:61:081230C000000000500,00NTRF000000042634//180007
PAGO
:61:081230C000000004610,00NTRF000000042583//180007
PAGO
:62M:C081230VEF000006984805,67
-}{5:{CHK:1143FB20924B}}{S:{COP:S}}${1:F21VZCRVECAAXXX5410610696}{4:{177:0404021720}{451:0}}{1:F01VZCRVECAAXXX5410610696}{2:09501717040402VZCRVECAAXXX40812675430404021720N}{3:{108:SCONNECT}}{4:
:20:MI081230
:25:2222222222
:28C:0529/019
:60M:C081230VEF000006984805,67
:61:081230C000000002000,00NTRF000000042572//180007
PAGO
:61:081230C000000000150,00NTRF000000042430//180007
PAGO
:61:081230C000000000400,00NTRF000000042407//180007
PAGO
:61:081230C000000013650,64NTRF000000042374//180007
PAGO
:61:081230C000000001500,00NTRF000000042342//180007
PAGO
:61:081230C000000000550,00NTRF000000042055//180007
PAGO
:61:081230C000000000200,00NTRF000000042034//180007
PAGO
:61:081230C000000010000,00NTRF000000041925//180007
PAGO
:61:081230C000000010500,00NTRF000000041796//180007
PAGO
:62M:C081230VEF000007023756,31
-}{5:{CHK:1143FB20924B}}{S:{COP:S}}${1:F21VZCRVECAAXXX5410610696}{4:{177:0404021720}{451:0}}{1:F01VZCRVECAAXXX5410610696}{2:09501717040402VZCRVECAAXXX40812675430404021720N}{3:{108:SCONNECT}}{4:
:20:MI081230
:25:2222222222
:28C:0529/020
:60M:C081230VEF000007023756,31
:61:081230C000000004000,00NTRF000000041762//180007
PAGO
:61:081230C000000001000,00NTRF000000048262//180007
PAGO
:61:081230C000000002000,00NTRF000000047371//180007
PAGO
:61:081230C000000001000,00NTRF000000046655//180007
PAGO
:61:081230C000000001700,00NTRF000000046645//180007
PAGO
:61:081230C000000005282,89NTRF000000043913//180007
PAGO
:61:081230C000000009400,00NTRF000000042870//180007
PAGO
:61:081230C000000003600,00NTRF000000042861//180007
PAGO
:61:081230C000000002000,00NTRF000000046649//180007
PAGO
:62M:C081230VEF000007053739,20
-}{5:{CHK:1143FB20924B}}{S:{COP:S}}${1:F21VZCRVECAAXXX5410610696}{4:{177:0404021720}{451:0}}{1:F01VZCRVECAAXXX5410610696}{2:09501717040402VZCRVECAAXXX40812675430404021720N}{3:{108:SCONNECT}}{4:
:20:MI081230
:25:2222222222
:28C:0529/021
:60M:C081230VEF000007053739,20
:61:081230C000000005957,15NTRF000000046644//180007
PAGO
:61:081230C000000000215,00NTRF000000047363//180007
PAGO
:61:081230C000000000500,00NTRF000000040629//180007
PAGO
:61:081230C000000000400,00NTRF000000041450//180007
PAGO
:61:081230C000000002000,00NTRF000000041164//180007
PAGO
:61:081230C000000000600,00NTRF000000041233//180007
PAGO
:61:081230C000000003500,00NTRF000000041394//180007
PAGO
:61:081230C000000000200,00NTRF000000041155//180007
PAGO
:61:081230C000000001000,00NTRF000000040879//180007
PAGO
:62M:C081230VEF000007068111,35
-}{5:{CHK:1143FB20924B}}{S:{COP:S}}${1:F21VZCRVECAAXXX5410610696}{4:{177:0404021720}{451:0}}{1:F01VZCRVECAAXXX5410610696}{2:09501717040402VZCRVECAAXXX40812675430404021720N}{3:{108:SCONNECT}}{4:
:20:MI081230
:25:2222222222
:28C:0529/022
:60M:C081230VEF000007068111,35
:61:081230C000000000150,00NTRF000000040866//180007
PAGO
:61:081230C000000004500,00NTRF000000040986//180007
PAGO
:61:081230C000000001118,00NTRF000000041567//180007
PAGO
:61:081230C000000000600,00NTRF000000048196//180007
PAGO
:61:081230C000000000150,00NTRF000000048233//180007
PAGO
:61:081230C000000000550,00NTRF000000048227//180007
PAGO
:61:081230C000000001500,00NTRF000000048229//180007
PAGO
:61:081230C000000000200,00NTRF000000041654//180007
PAGO
:61:081230C000000002150,00NTRF000000041624//180007
PAGO
:62M:C081230VEF000007079029,35
-}{5:{CHK:1143FB20924B}}{S:{COP:S}}${1:F21VZCRVECAAXXX5410610696}{4:{177:0404021720}{451:0}}{1:F01VZCRVECAAXXX5410610696}{2:09501717040402VZCRVECAAXXX40812675430404021720N}{3:{108:SCONNECT}}{4:
:20:MI081230
:25:2222222222
:28C:0529/023
:60M:C081230VEF000007079029,35
:61:081230C000000000500,00NTRF000000041628//180007
PAGO
:61:081230C000000001000,00NTRF000000048201//180007
PAGO
:61:081230C000000040000,00NTRF000000048108//180007
PAGO
:61:081230C000000004000,00NTRF000000048080//180007
PAGO
:61:081230C000000000500,00NTRF000000048034//180007
PAGO
:61:081230C000000001200,00NTRF000000047973//180007
PAGO
:61:081230C000000000050,00NTRF000000047951//180007
PAGO
:61:081230C000000000300,00NTRF000000047812//180007
PAGO
:61:081230C000000003452,74NTRF000000047803//180007
PAGO
:62M:C081230VEF000007130032,09
-}{5:{CHK:1143FB20924B}}{S:{COP:S}}${1:F21VZCRVECAAXXX5410610696}{4:{177:0404021720}{451:0}}{1:F01VZCRVECAAXXX5410610696}{2:09501717040402VZCRVECAAXXX40812675430404021720N}{3:{108:SCONNECT}}{4:
:20:MI081230
:25:2222222222
:28C:0529/024
:60M:C081230VEF000007130032,09
:61:081230C000000002000,00NTRF000000047742//180007
PAGO
:61:081230C000000003000,00NTRF000000047720//180007
PAGO
:61:081230C000000000300,00NTRF000000047634//180007
PAGO
:61:081230C000000000244,00NTRF000000047617//180007
PAGO
:61:081230C000000000600,00NTRF000000047597//180007
PAGO
:61:081230C000000000158,00NTRF000000047502//180007
PAGO
:61:081230C000000005000,00NTRF000000069533//180007
PAGO
:61:081230C000000000120,00NTRF000000069539//180007
PAGO
:61:081230C000000001000,00NTRF000000112194//180007
PAGO
:62M:C081230VEF000007142454,09
-}{5:{CHK:1143FB20924B}}{S:{COP:S}}${1:F21VZCRVECAAXXX5410610696}{4:{177:0404021720}{451:0}}{1:F01VZCRVECAAXXX5410610696}{2:09501717040402VZCRVECAAXXX40812675430404021720N}{3:{108:SCONNECT}}{4:
:20:MI081230
:25:2222222222
:28C:0529/025
:60M:C081230VEF000007142454,09
:61:081230C000000004515,00NTRF000000069475//180007
PAGO
:61:081230C000000000400,00NTRF000000068758//180007
PAGO
:61:081230C000000000350,18NTRF000000067112//180007
PAGO
:61:081230C000000000050,00NTRF000000067246//180007
PAGO
:61:081230C000000000255,00NTRF000000067252//180007
PAGO
:61:081230C000000000100,00NTRF000000067074//180007
PAGO
:61:081230C000000055000,00NTRF000000065459//180007
PAGO
:61:081230C000000005000,00NTRF000000065809//180007
PAGO
:61:081230C000000120000,00NTRF000000065812//180007
PAGO
:62M:C081230VEF000007328124,27
-}{5:{CHK:1143FB20924B}}{S:{COP:S}}${1:F21VZCRVECAAXXX5410610696}{4:{177:0404021720}{451:0}}{1:F01VZCRVECAAXXX5410610696}{2:09501717040402VZCRVECAAXXX40812675430404021720N}{3:{108:SCONNECT}}{4:
:20:MI081230
:25:2222222222
:28C:0529/026
:60M:C081230VEF000007328124,27
:61:081230C000000004200,00NTRF000000065749//180007
PAGO
:61:081230C000000000668,50NTRF000000065732//180007
PAGO
:61:081230C000000000300,00NTRF000000065665//180007
PAGO
:61:081230C000000005000,00NTRF000000065612//180007
PAGO
:61:081230C000000004000,00NTRF000000065594//180007
PAGO
:61:081230C000000000890,15NTRF000000065493//180007
PAGO
:61:081230C000000003779,40NTRF000000065498//180007
PAGO
:61:081230C000000006000,00NTRF000000067000//180007
PAGO
:61:081230C000000002000,00NTRF000000066736//180007
PAGO
:62M:C081230VEF000007354962,32
-}{5:{CHK:1143FB20924B}}{S:{COP:S}}${1:F21VZCRVECAAXXX5410610696}{4:{177:0404021720}{451:0}}{1:F01VZCRVECAAXXX5410610696}{2:09501717040402VZCRVECAAXXX40812675430404021720N}{3:{108:SCONNECT}}{4:
:20:MI081230
:25:2222222222
:28C:0529/027
:60M:C081230VEF000007354962,32
:61:081230C000000000360,00NTRF000000066664//180007
PAGO
:61:081230C000000001875,00NTRF000000066496//180007
PAGO
:61:081230C000000001500,00NTRF000000066483//180007
PAGO
:61:081230C000000000120,00NTRF000000066354//180007
PAGO
:61:081230C000000000150,00NTRF000000066331//180007
PAGO
:61:081230C000000010000,00NTRF000000066287//180007
PAGO
:61:081230C000000004500,00NTRF000000066159//180007
PAGO
:61:081230C000000000400,00NTRF000000065981//180007
PAGO
:61:081230C000000003000,00NTRF000000066049//180007
PAGO
:62M:C081230VEF000007376867,32
-}{5:{CHK:1143FB20924B}}{S:{COP:S}}${1:F21VZCRVECAAXXX5410610696}{4:{177:0404021720}{451:0}}{1:F01VZCRVECAAXXX5410610696}{2:09501717040402VZCRVECAAXXX40812675430404021720N}{3:{108:SCONNECT}}{4:
:20:MI081230
:25:2222222222
:28C:0529/028
:60M:C081230VEF000007376867,32
:61:081230C000000000325,00NTRF000000015356//180007
PAGO
:61:081230C000000001150,00NTRF000000015385//180007
PAGO
:61:081230C000000002800,00NTRF000000015342//180007
PAGO
:61:081230C000000000390,00NTRF000000015325//180007
PAGO
:61:081230C000000000623,00NTRF000000015355//180007
PAGO
:61:081230C000000009000,00NTRF000000015381//180007
PAGO
:61:081230C000000000150,00NTRF000000016177//180007
PAGO
:61:081230C000000000500,00NTRF000000016175//180007
PAGO
:61:081230C000000000500,00NTRF000000016079//180007
PAGO
:62M:C081230VEF000007392305,32
-}{5:{CHK:1143FB20924B}}{S:{COP:S}}${1:F21VZCRVECAAXXX5410610696}{4:{177:0404021720}{451:0}}{1:F01VZCRVECAAXXX5410610696}{2:09501717040402VZCRVECAAXXX40812675430404021720N}{3:{108:SCONNECT}}{4:
:20:MI081230
:25:2222222222
:28C:0529/029
:60M:C081230VEF000007392305,32
:61:081230C000000001800,00NTRF000000016032//180007
PAGO
:61:081230C000000000900,00NTRF000000015913//180007
PAGO
:61:081230C000000003000,00NTRF000000015915//180007
PAGO
:61:081230C000000002708,69NTRF000000015647//180007
PAGO
:61:081230C000000010500,00NTRF000000015773//180007
PAGO
:61:081230C000000000900,00NTRF000000015914//180007
PAGO
:61:081230C000000000095,94NTRF000000015940//180007
PAGO
:61:081230C000000010000,00NTRF000000016151//180007
PAGO
:61:081230C000000000100,00NTRF000000016192//180007
PAGO
:62M:C081230VEF000007422309,95
-}{5:{CHK:1143FB20924B}}{S:{COP:S}}${1:F21VZCRVECAAXXX5410610696}{4:{177:0404021720}{451:0}}{1:F01VZCRVECAAXXX5410610696}{2:09501717040402VZCRVECAAXXX40812675430404021720N}{3:{108:SCONNECT}}{4:
:20:MI081230
:25:2222222222
:28C:0529/030
:60M:C081230VEF000007422309,95
:61:081230C000000000200,00NTRF000000016137//180007
PAGO
:61:081230C000000005000,00NTRF000000016205//180007
PAGO
:61:081230C000000000946,00NTRF000000016799//180007
PAGO
:61:081230C000000000880,00NTRF000000016797//180007
PAGO
:61:081230C000000012000,00NTRF000000016780//180007
PAGO
:61:081230C000000011000,00NTRF000000016594//180007
PAGO
:61:081230C000000001490,00NTRF000000016376//180007
PAGO
:61:081230C000000015600,00NTRF000000016300//180007
PAGO
:61:081230C000000003408,75NTRF000000016365//180007
PAGO
:62M:C081230VEF000007472834,70
-}{5:{CHK:1143FB20924B}}{S:{COP:S}}${1:F21VZCRVECAAXXX5410610696}{4:{177:0404021720}{451:0}}{1:F01VZCRVECAAXXX5410610696}{2:09501717040402VZCRVECAAXXX40812675430404021720N}{3:{108:SCONNECT}}{4:
:20:MI081230
:25:2222222222
:28C:0529/031
:60M:C081230VEF000007472834,70
:61:081230C000000030000,00NTRF000000016468//180007
PAGO
:61:081230C000000003500,00NTRF000000016603//180007
PAGO
:61:081230C000000005500,00NTRF000000016904//180007
PAGO
:61:081230C000000000600,00NTRF000000016809//180007
PAGO
:61:081230C000000001500,00NTRF000000016787//180007
PAGO
:61:081230C000000000500,00NTRF000000016984//180007
PAGO
:61:081230C000000001000,00NTRF000000015198//180007
PAGO
:61:081230C000000010000,00NTRF000000038005//180007
PAGO
:61:081230C000000014588,95NTRF000000038176//180007
PAGO
:62M:C081230VEF000007540023,65
-}{5:{CHK:1143FB20924B}}{S:{COP:S}}${1:F21VZCRVECAAXXX5410610696}{4:{177:0404021720}{451:0}}{1:F01VZCRVECAAXXX5410610696}{2:09501717040402VZCRVECAAXXX40812675430404021720N}{3:{108:SCONNECT}}{4:
:20:MI081230
:25:2222222222
:28C:0529/032
:60M:C081230VEF000007540023,65
:61:081230C000000000877,79NTRF000000038175//180007
PAGO
:61:081230C000000001000,00NTRF000000037824//180007
PAGO
:61:081230C000000010750,00NTRF000000037760//180007
PAGO
:61:081230C000000001000,00NTRF000000037362//180007
PAGO
:61:081230C000000000180,00NTRF000000027308//180007
PAGO
:61:081230C000000011000,00NTRF000000027278//180007
PAGO
:61:081230C000000003000,00NTRF000000027253//180007
PAGO
:61:081230C000000003000,00NTRF000000027182//180007
PAGO
:61:081230C000000002000,00NTRF000000026891//180007
PAGO
:62M:C081230VEF000007572831,44
-}{5:{CHK:1143FB20924B}}{S:{COP:S}}${1:F21VZCRVECAAXXX5410610696}{4:{177:0404021720}{451:0}}{1:F01VZCRVECAAXXX5410610696}{2:09501717040402VZCRVECAAXXX40812675430404021720N}{3:{108:SCONNECT}}{4:
:20:MI081230
:25:2222222222
:28C:0529/033
:60M:C081230VEF000007572831,44
:61:081230C000000001900,00NTRF000000026869//180007
PAGO
:61:081230C000000000300,00NTRF000000026854//180007
PAGO
:61:081230C000000005000,00NTRF000000026810//180007
PAGO
:61:081230C000000005000,00NTRF000000026811//180007
PAGO
:61:081230C000000150000,00NTRF000000026667//180007
PAGO
:61:081230C000000000040,00NTRF000000026670//180007
PAGO
:61:081230C000000007000,00NTRF000000036508//180007
PAGO
:61:081230C000000000927,60NTRF000000027875//180007
PAGO
:61:081230C000000000300,00NTRF000000027844//180007
PAGO
:62M:C081230VEF000007743299,04
-}{5:{CHK:1143FB20924B}}{S:{COP:S}}${1:F21VZCRVECAAXXX5410610696}{4:{177:0404021720}{451:0}}{1:F01VZCRVECAAXXX5410610696}{2:09501717040402VZCRVECAAXXX40812675430404021720N}{3:{108:SCONNECT}}{4:
:20:MI081230
:25:2222222222
:28C:0529/034
:60M:C081230VEF000007743299,04
:61:081230C000000000550,00NTRF000000027800//180007
PAGO
:61:081230C000000000500,00NTRF000000027716//180007
PAGO
:61:081230C000000001004,00NTRF000000027573//180007
PAGO
:61:081230C000000000500,00NTRF000000027495//180007
PAGO
:61:081230C000000000500,00NTRF000000027367//180007
PAGO
:61:081230C000000002500,00NTRF000000027368//180007
PAGO
:61:081230C000000003000,00NTRF000000037185//180007
PAGO
:61:081230C000000000200,00NTRF000000037043//180007
PAGO
:61:081230C000000003000,00NTRF000000036944//180007
PAGO
:62M:C081230VEF000007755053,04
-}{5:{CHK:1143FB20924B}}{S:{COP:S}}${1:F21VZCRVECAAXXX5410610696}{4:{177:0404021720}{451:0}}{1:F01VZCRVECAAXXX5410610696}{2:09501717040402VZCRVECAAXXX40812675430404021720N}{3:{108:SCONNECT}}{4:
:20:MI081230
:25:2222222222
:28C:0529/035
:60M:C081230VEF000007755053,04
:61:081230C000000000300,00NTRF000000036946//180007
PAGO
:61:081230C000000000250,00NTRF000000036934//180007
PAGO
:61:081230C000000001154,00NTRF000000036937//180007
PAGO
:61:081230C000000001000,00NTRF000000036869//180007
PAGO
:61:081230C000000014186,40NTRF000000036873//180007
PAGO
:61:081230C000000008500,00NTRF000000028182//180007
PAGO
:61:081230C000000028025,65NTRF000000028169//180007
PAGO
:61:081230C000000006000,00NTRF000000028030//180007
PAGO
:61:081230C000000004000,00NTRF000000028005//180007
PAGO
:62M:C081230VEF000007818469,09
-}{5:{CHK:1143FB20924B}}{S:{COP:S}}${1:F21VZCRVECAAXXX5410610696}{4:{177:0404021720}{451:0}}{1:F01VZCRVECAAXXX5410610696}{2:09501717040402VZCRVECAAXXX40812675430404021720N}{3:{108:SCONNECT}}{4:
:20:MI081230
:25:2222222222
:28C:0529/036
:60M:C081230VEF000007818469,09
:61:081230C000000000300,00NTRF000000027909//180007
PAGO
:61:081230C000000000100,00NTRF000000027886//180007
PAGO
:61:081230C000000000100,00NTRF000000027887//180007
PAGO
:61:081230C000000002000,00NTRF000000027888//180007
PAGO
:61:081230C000000000970,00NTRF000000027889//180007
PAGO
:61:081230C000000001000,00NTRF000000036599//180007
PAGO
:61:081230C000000001367,61NTRF000000036091//180007
PAGO
:61:081230C000000012030,00NTRF000000036254//180007
PAGO
:61:081230C000000001200,00NTRF000000028393//180007
PAGO
:62M:C081230VEF000007837536,70
-}{5:{CHK:1143FB20924B}}{S:{COP:S}}${1:F21VZCRVECAAXXX5410610696}{4:{177:0404021720}{451:0}}{1:F01VZCRVECAAXXX5410610696}{2:09501717040402VZCRVECAAXXX40812675430404021720N}{3:{108:SCONNECT}}{4:
:20:MI081230
:25:2222222222
:28C:0529/037
:60M:C081230VEF000007837536,70
:61:081230C000000002800,00NTRF000000028343//180007
PAGO
:61:081230C000000000306,00NTRF000000028332//180007
PAGO
:61:081230C000000000700,00NTRF000000028274//180007
PAGO
:61:081230C000000001000,00NTRF000000028261//180007
PAGO
:61:081230C000000000500,00NTRF000000028204//180007
PAGO
:61:081230C000000000140,00NTRF000000037322//180007
PAGO
:61:081230C000000000600,00NTRF000000037684//180007
PAGO
:61:081230C000000000500,00NTRF000000037774//180007
PAGO
:61:081230C000000000500,00NTRF000000015243//180007
PAGO
:62M:C081230VEF000007844582,70
-}{5:{CHK:1143FB20924B}}{S:{COP:S}}${1:F21VZCRVECAAXXX5410610696}{4:{177:0404021720}{451:0}}{1:F01VZCRVECAAXXX5410610696}{2:09501717040402VZCRVECAAXXX40812675430404021720N}{3:{108:SCONNECT}}{4:
:20:MI081230
:25:2222222222
:28C:0529/038
:60M:C081230VEF000007844582,70
:61:081230C000000000300,00NTRF000000000000//180007
PAGO
:61:081230C000000001200,00NTRF000000000000//180007
PAGO
:61:081230C000000000200,00NTRF000000000000//180007
PAGO
:61:081230C000000000200,00NTRF000000000000//180007
PAGO
:61:081230C000000000200,00NTRF000000000000//180007
PAGO
:61:081230C000000002000,00NTRF000000000000//180007
PAGO
:61:081230C000000000100,00NTRF000000000000//180007
PAGO
:61:081230C000000000100,00NTRF000000000000//180007
PAGO
:61:081230C000000000200,00NTRF000000000000//180007
PAGO
:62M:C081230VEF000007849082,70
-}{5:{CHK:1143FB20924B}}{S:{COP:S}}${1:F21VZCRVECAAXXX5410610696}{4:{177:0404021720}{451:0}}{1:F01VZCRVECAAXXX5410610696}{2:09501717040402VZCRVECAAXXX40812675430404021720N}{3:{108:SCONNECT}}{4:
:20:MI081230
:25:2222222222
:28C:0529/039
:60M:C081230VEF000007849082,70
:61:081230C000000000470,00NTRF000000000000//180007
PAGO
:61:081230C000000000500,00NTRF000000000000//180007
PAGO
:61:081230C000000000700,00NTRF000000000000//180007
PAGO
:61:081230C000000000050,00NTRF000000000000//180007
PAGO
:61:081230C000000030000,00NTRF000000000000//180007
PAGO
:61:081230C000000002135,50NTRF000000000000//180007
PAGO
:61:081230C000000004750,00NTRF000032171649//180007
PAGO
:61:081230C000000002000,00NTRF000029122008//180007
PAGO
:61:081230C000000002900,00NTRF000000000000//180007
PAGO
:62M:C081230VEF000007892588,20
-}{5:{CHK:1143FB20924B}}{S:{COP:S}}${1:F21VZCRVECAAXXX5410610696}{4:{177:0404021720}{451:0}}{1:F01VZCRVECAAXXX5410610696}{2:09501717040402VZCRVECAAXXX40812675430404021720N}{3:{108:SCONNECT}}{4:
:20:MI081230
:25:2222222222
:28C:0529/040
:60M:C081230VEF000007892588,20
:61:081230C000000000350,00NTRF000000000000//180007
PAGO
:61:081230C000000000200,00NTRF000000000000//180007
PAGO
:61:081230C000000001894,49NTRF000000000000//180007
PAGO
:61:081230C000000001000,00NTRF000000000000//180007
PAGO
:61:081230C000000005000,00NTRF000000000000//180007
PAGO
:61:081230C000000001000,00NTRF000000000000//180007
PAGO
:61:081230C000000001480,96NTRF000000000000//180007
PAGO
:61:081230C000000000250,00NTRF000000000000//180007
PAGO
:61:081230C000000000150,00NTRF000000000000//180007
PAGO
:62M:C081230VEF000007903913,65
-}{5:{CHK:1143FB20924B}}{S:{COP:S}}${1:F21VZCRVECAAXXX5410610696}{4:{177:0404021720}{451:0}}{1:F01VZCRVECAAXXX5410610696}{2:09501717040402VZCRVECAAXXX40812675430404021720N}{3:{108:SCONNECT}}{4:
:20:MI081230
:25:2222222222
:28C:0529/041
:60M:C081230VEF000007903913,65
:61:081230C000000004000,00NTRF000032257341//180007
PAGO
:61:081230C000000001000,00NTRF000013162029//180007
PAGO
:61:081230C000000001200,00NTRF000040757997//180007
PAGO
:61:081230C000000003000,00NTRF000094998032//180007
PAGO
:61:081230C000000003000,00NTRF000057430588//180007
PAGO
:61:081230C000000027467,00NTRF000020122861//180007
PAGO
:61:081230C000000001138,92NTRF000020122846//180007
PAGO
:61:081230C000000000050,86NTRF000020122851//180007
PAGO
:61:081230C000000007390,00NTRF000000341858//180007
PAGO
:62M:C081230VEF000007952160,43
-}{5:{CHK:1143FB20924B}}{S:{COP:S}}${1:F21VZCRVECAAXXX5410610696}{4:{177:0404021720}{451:0}}{1:F01VZCRVECAAXXX5410610696}{2:09501717040402VZCRVECAAXXX40812675430404021720N}{3:{108:SCONNECT}}{4:
:20:MI081230
:25:2222222222
:28C:0529/042
:60M:C081230VEF000007952160,43
:61:081230C000000001000,00NTRF000000176468//180007
PAGO
:61:081230C000000000100,00NTRF000032060440//180007
PAGO
:61:081230C000000009000,00NTRF000032036570//180007
PAGO
:61:081230C000000002000,00NTRF000031996507//180007
PAGO
:61:081230C000000000341,00NTRF000031852090//180007
PAGO
:61:081230C000000004850,00NTRF000031967234//180007
PAGO
:61:081230C000000001033,18NTRF000031850313//180007
PAGO
:61:081230C000000002300,00NTRF000031949823//180007
PAGO
:61:081230C000000000300,00NTRF000031892138//180007
PAGO
:62M:C081230VEF000007973084,61
-}{5:{CHK:1143FB20924B}}{S:{COP:S}}${1:F21VZCRVECAAXXX5410610696}{4:{177:0404021720}{451:0}}{1:F01VZCRVECAAXXX5410610696}{2:09501717040402VZCRVECAAXXX40812675430404021720N}{3:{108:SCONNECT}}{4:
:20:MI081230
:25:2222222222
:28C:0529/043
:60M:C081230VEF000007973084,61
:61:081230C000000003150,00NTRF000032071761//180007
PAGO
:61:081230C000000002000,00NTRF000006780709//180007
PAGO
:61:081230C000000000365,50NTRF000005788542//180007
PAGO
:61:081230C000000000441,62NTRF000005739106//180007
PAGO
:61:081230C000000002000,00NTRF000003966645//180007
PAGO
:61:081230C000000001600,00NTRF000000619462//180007
PAGO
:61:081230C000000000060,00NTRF000008216958//180007
PAGO
:61:081230C000000000615,00NTRF000027911516//180007
PAGO
:61:081230C000000000912,00NTRF000027912354//180007
PAGO
:62M:C081230VEF000007984228,73
-}{5:{CHK:1143FB20924B}}{S:{COP:S}}${1:F21VZCRVECAAXXX5410610696}{4:{177:0404021720}{451:0}}{1:F01VZCRVECAAXXX5410610696}{2:09501717040402VZCRVECAAXXX40812675430404021720N}{3:{108:SCONNECT}}{4:
:20:MI081230
:25:2222222222
:28C:0529/044
:60M:C081230VEF000007984228,73
:61:081230C000000000150,00NTRF000027912478//180007
PAGO
:61:081230C000000004500,00NTRF000027912556//180007
PAGO
:61:081230C000000000150,00NTRF000027912697//180007
PAGO
:61:081230C000000010246,00NTRF000027913335//180007
PAGO
:61:081230C000000000150,00NTRF000027915704//180007
PAGO
:61:081230C000000004000,00NTRF000027910452//180007
PAGO
:61:081230C000000000010,00NTRF000030122008//180007
PAGO
:61:081230C000000000010,00NTRF000030122008//180007
PAGO
:61:081230C000000001015,00NTRF000030122008//180007
PAGO
:62M:C081230VEF000008004459,73
-}{5:{CHK:1143FB20924B}}{S:{COP:S}}${1:F21VZCRVECAAXXX5410610696}{4:{177:0404021720}{451:0}}{1:F01VZCRVECAAXXX5410610696}{2:09501717040402VZCRVECAAXXX40812675430404021720N}{3:{108:SCONNECT}}{4:
:20:MI081230
:25:2222222222
:28C:0529/045
:60M:C081230VEF000008004459,73
:61:081230C000000000374,00NTRF000030122008//180007
PAGO
:61:081230C000000000451,77NTRF000030122008//180007
PAGO
:61:081230C000000002500,00NTRF000030122008//180007
PAGO
:61:081230C000000005000,00NTRF000030122008//180007
PAGO
:61:081230C000000000100,00NTRF000030122008//180007
PAGO
:61:081230C000000001355,44NTRF000003291568//180007
PAGO
:61:081230C000000000320,87NTRF000003290537//180007
PAGO
:61:081230C000000000209,45NTRF000003291232//180007
PAGO
:61:081230C000000000105,68NTRF000003291247//180007
PAGO
:62M:C081230VEF000008014876,94
-}{5:{CHK:1143FB20924B}}{S:{COP:S}}${1:F21VZCRVECAAXXX5410610696}{4:{177:0404021720}{451:0}}{1:F01VZCRVECAAXXX5410610696}{2:09501717040402VZCRVECAAXXX40812675430404021720N}{3:{108:SCONNECT}}{4:
:20:MI081230
:25:2222222222
:28C:0529/046
:60M:C081230VEF000008014876,94
:61:081230C000000631177,61NTRF000003289366//180007
PAGO
:61:081230C000000008113,88NTRF000003289371//180007
PAGO
:61:081230C000000008000,00NTRF000003290214//180007
PAGO
:61:081230C000000008000,00NTRF000003290215//180007
PAGO
:61:081230C000000008000,00NTRF000003290216//180007
PAGO
:61:081230C000000008000,00NTRF000003290217//180007
PAGO
:61:081230C000000000250,00NTRF000000419241//180007
PAGO
:61:081230C000000003100,00NTRF000000419286//180007
PAGO
:61:081230C000000001294,00NTRF000000419295//180007
PAGO
:62M:C081230VEF000008690812,43
-}{5:{CHK:1143FB20924B}}{S:{COP:S}}${1:F21VZCRVECAAXXX5410610696}{4:{177:0404021720}{451:0}}{1:F01VZCRVECAAXXX5410610696}{2:09501717040402VZCRVECAAXXX40812675430404021720N}{3:{108:SCONNECT}}{4:
:20:MI081230
:25:2222222222
:28C:0529/047
:60M:C081230VEF000008690812,43
:61:081230C000000000021,47NTRF000002462175//180007
PAGO
:61:081230C000000000030,67NTRF000002462176//180007
PAGO
:61:081230C000000000066,66NTRF000000419444//180007
PAGO
:61:081230C000000033661,65NTRF000003289250//180007
PAGO
:61:081230C000000040000,00NTRF000003289252//180007
PAGO
:61:081230C000000003350,00NTRF000000418853//180007
PAGO
:61:081230C000000000150,00NTRF000000418868//180007
PAGO
:61:081230C000000001000,00NTRF000000418888//180007
PAGO
:61:081230C000000000700,00NTRF000000418913//180007
PAGO
:62M:C081230VEF000008769792,88
-}{5:{CHK:1143FB20924B}}{S:{COP:S}}${1:F21VZCRVECAAXXX5410610696}{4:{177:0404021720}{451:0}}{1:F01VZCRVECAAXXX5410610696}{2:09501717040402VZCRVECAAXXX40812675430404021720N}{3:{108:SCONNECT}}{4:
:20:MI081230
:25:2222222222
:28C:0529/048
:60M:C081230VEF000008769792,88
:61:081230C000000000150,00NTRF000000418936//180007
PAGO
:61:081230C000000000500,00NTRF000000419057//180007
PAGO
:61:081230C000000000100,00NTRF000000419101//180007
PAGO
:61:081230C000000002100,00NTRF000000418231//180007
PAGO
:61:081230C000000002134,83NTRF000000418332//180007
PAGO
:61:081230C000000000500,00NTRF000000418474//180007
PAGO
:61:081230C000000000150,00NTRF000000418558//180007
PAGO
:61:081230C000000000389,00NTRF000000418588//180007
PAGO
:61:081230C000000001800,00NTRF000000418624//180007
PAGO
:62M:C081230VEF000008777616,71
-}{5:{CHK:1143FB20924B}}{S:{COP:S}}${1:F21VZCRVECAAXXX5410610696}{4:{177:0404021720}{451:0}}{1:F01VZCRVECAAXXX5410610696}{2:09501717040402VZCRVECAAXXX40812675430404021720N}{3:{108:SCONNECT}}{4:
:20:MI081230
:25:2222222222
:28C:0529/049
:60M:C081230VEF000008777616,71
:61:081230C000000000900,00NTRF000000418631//180007
PAGO
:61:081230C000000002400,00NTRF000003289257//180007
PAGO
:61:081230C000000079609,81NTRF000003289301//180007
PAGO
:61:081230C000000157513,40NTRF000003289358//180007
PAGO
:61:081230C000000000800,00NTRF000000418760//180007
PAGO
:61:081230C000000007783,69NTRF000000418771//180007
PAGO
:61:081230C000000002265,75NTRF000000418780//180007
PAGO
:61:081230C000000000900,00NTRF000000418796//180007
PAGO
:61:081230C000000000065,00NTRF000000418806//180007
PAGO
:62M:C081230VEF000009029854,36
-}{5:{CHK:1143FB20924B}}{S:{COP:S}}${1:F21VZCRVECAAXXX5410610696}{4:{177:0404021720}{451:0}}{1:F01VZCRVECAAXXX5410610696}{2:09501717040402VZCRVECAAXXX40812675430404021720N}{3:{108:SCONNECT}}{4:
:20:MI081230
:25:2222222222
:28C:0529/050
:60M:C081230VEF000009029854,36
:61:081230C000000002750,00NTRF000000418817//180007
PAGO
:61:081230C000000001273,61NTRF000003290278//180007
PAGO
:61:081230C000000000511,01NTRF000003290307//180007
PAGO
:61:081230C000000000145,59NTRF000003290313//180007
PAGO
:61:081230C000000006353,51NTRF000003290343//180007
PAGO
:61:081230C000000001145,37NTRF000003290405//180007
PAGO
:61:081230C000000000492,13NTRF000003290510//180007
PAGO
:61:081230C000000001149,59NTRF000003290524//180007
PAGO
:61:081230C000000005350,00NTRF000000419120//180007
PAGO
:62M:C081230VEF000009049025,17
-}{5:{CHK:1143FB20924B}}{S:{COP:S}}${1:F21VZCRVECAAXXX5410610696}{4:{177:0404021720}{451:0}}{1:F01VZCRVECAAXXX5410610696}{2:09501717040402VZCRVECAAXXX40812675430404021720N}{3:{108:SCONNECT}}{4:
:20:MI081230
:25:2222222222
:28C:0529/051
:60M:C081230VEF000009049025,17
:61:081230C000000000450,00NTRF000000419201//180007
PAGO
:61:081230C000000000497,91NTRF000003290638//180007
PAGO
:61:081230C000000000231,04NTRF000003290760//180007
PAGO
:61:081230C000000000032,52NTRF000003290848//180007
PAGO
:61:081230C000000000106,16NTRF000003290856//180007
PAGO
:61:081230C000000000152,72NTRF000003290925//180007
PAGO
:61:081230C000000000059,90NTRF000003291056//180007
PAGO
:61:081230C000000000138,62NTRF000003291064//180007
PAGO
:61:081230C000000000011,35NTRF000003291219//180007
PAGO
:62M:C081230VEF000009050705,39
-}{5:{CHK:1143FB20924B}}{S:{COP:S}}${1:F21VZCRVECAAXXX5410610696}{4:{177:0404021720}{451:0}}{1:F01VZCRVECAAXXX5410610696}{2:09501717040402VZCRVECAAXXX40812675430404021720N}{3:{108:SCONNECT}}{4:
:20:MI081230
:25:2222222222
:28C:0529/052
:60M:C081230VEF000009050705,39
:61:081230C000000000080,29NTRF000003291229//180007
PAGO
:61:081230C000000000208,97NTRF000003290538//180007
PAGO
:61:081230C000000004663,41NTRF000003291944//180007
PAGO
:61:081230C000000003640,30NTRF000003292017//180007
PAGO
:61:081230C000000002281,74NTRF000003292165//180007
PAGO
:61:081230C000000000632,93NTRF000003291951//180007
PAGO
:61:081230C000000001975,60NTRF000003291620//180007
PAGO
:61:081230C000000000415,84NTRF000003291361//180007
PAGO
:61:081230C000000000036,34NTRF000003291259//180007
PAGO
:62M:C081230VEF000009064640,81
-}{5:{CHK:1143FB20924B}}{S:{COP:S}}${1:F21VZCRVECAAXXX5410610696}{4:{177:0404021720}{451:0}}{1:F01VZCRVECAAXXX5410610696}{2:09501717040402VZCRVECAAXXX40812675430404021720N}{3:{108:SCONNECT}}{4:
:20:MI081230
:25:2222222222
:28C:0529/053
:60M:C081230VEF000009064640,81
:61:081230C000000000162,59NTRF000003291248//180007
PAGO
:61:081230C000000018502,71NTRF000084466572//180007
PAGO
:61:081230C000000003500,00NTRF000084465345//180007
PAGO
:61:081230C000000080500,00NTRF000084476976//180007
PAGO
:61:081230C000000000133,75NTRF000084469954//180007
PAGO
:61:081230C000000002243,76NTRF000084480664//180007
PAGO
:61:081230C000000002428,89NTRF000084480406//180007
PAGO
:61:081230C000000001472,30NTRF000084480690//180007
PAGO
:61:081230C000000000870,23NTRF000084480701//180007
PAGO
:62M:C081230VEF000009174455,04
-}{5:{CHK:1143FB20924B}}{S:{COP:S}}${1:F21VZCRVECAAXXX5410610696}{4:{177:0404021720}{451:0}}{1:F01VZCRVECAAXXX5410610696}{2:09501717040402VZCRVECAAXXX40812675430404021720N}{3:{108:SCONNECT}}{4:
:20:MI081230
:25:2222222222
:28C:0529/054
:60M:C081230VEF000009174455,04
:61:081230C000000002353,41NTRF000084480513//180007
PAGO
:61:081230C000000001472,30NTRF000084480351//180007
PAGO
:61:081230C000000002990,15NTRF000084480362//180007
PAGO
:61:081230C000000000736,79NTRF000084480266//180007
PAGO
:61:081230C000000000783,21NTRF000084480270//180007
PAGO
:61:081230C000000001087,06NTRF000084480281//180007
PAGO
:61:081230C000000002393,00NTRF000084480222//180007
PAGO
:61:081230C000000001015,72NTRF000084480303//180007
PAGO
:61:081230C000000001087,79NTRF000084480314//180007
PAGO
:62M:C081230VEF000009188374,47
-}{5:{CHK:1143FB20924B}}{S:{COP:S}}${1:F21VZCRVECAAXXX5410610696}{4:{177:0404021720}{451:0}}{1:F01VZCRVECAAXXX5410610696}{2:09501717040402VZCRVECAAXXX40812675430404021720N}{3:{108:SCONNECT}}{4:
:20:MI081230
:25:2222222222
:28C:0529/055
:60M:C081230VEF000009188374,47
:61:081230C000000002197,65NTRF000084480642//180007
PAGO
:61:081230C000000002197,65NTRF000084480480//180007
PAGO
:61:081230C000000003775,63NTRF000084480491//180007
PAGO
:61:081230C000000000711,47NTRF000084473874//180007
PAGO
:61:081230C000000005000,00NTRF000084467493//180007
PAGO
:61:081230C000000006000,00NTRF000084467515//180007
PAGO
:61:081230C000000000050,00NTRF000084465846//180007
PAGO
:61:081230C000000002464,56NTRF000084471332//180007
PAGO
:61:081230C000000000054,77NTRF000084471354//180007
PAGO
:62M:C081230VEF000009210826,20
-}{5:{CHK:1143FB20924B}}{S:{COP:S}}${1:F21VZCRVECAAXXX5410610696}{4:{177:0404021720}{451:0}}{1:F01VZCRVECAAXXX5410610696}{2:09501717040402VZCRVECAAXXX40812675430404021720N}{3:{108:SCONNECT}}{4:
:20:MI081230
:25:2222222222
:28C:0529/056
:60M:C081230VEF000009210826,20
:61:081230C000000013288,08NTRF000084471376//180007
PAGO
:61:081230C000000001387,46NTRF000084471214//180007
PAGO
:61:081230C000000010523,21NTRF000084471236//180007
PAGO
:61:081230C000000001800,00NTRF000084465813//180007
PAGO
:61:081230C000000001830,72NTRF000084475716//180007
PAGO
:61:081230C000000005215,27NTRF000084475484//180007
PAGO
:61:081230C000000002399,52NTRF000084480292//180007
PAGO
:61:081230C000000000841,22NTRF000084480045//180007
PAGO
:61:081230C000000002197,65NTRF000084480196//180007
PAGO
:62M:C081230VEF000009250309,33
-}{5:{CHK:1143FB20924B}}{S:{COP:S}}${1:F21VZCRVECAAXXX5410610696}{4:{177:0404021720}{451:0}}{1:F01VZCRVECAAXXX5410610696}{2:09501717040402VZCRVECAAXXX40812675430404021720N}{3:{108:SCONNECT}}{4:
:20:MI081230
:25:2222222222
:28C:0529/057
:60M:C081230VEF000009250309,33
:61:081230C000000000963,10NTRF000084480200//180007
PAGO
:61:081230C000000005780,17NTRF000084473454//180007
PAGO
:61:081230C000000003715,89NTRF000084480432//180007
PAGO
:61:081230C000000002197,65NTRF000084480583//180007
PAGO
:61:081230C000000003775,63NTRF000084480594//180007
PAGO
:61:081230C000000002021,35NTRF000084480605//180007
PAGO
:61:081230C000000001087,06NTRF000084480616//180007
PAGO
:61:081230C000000001472,19NTRF000084480620//180007
PAGO
:61:081230C000000003775,63NTRF000084480233//180007
PAGO
:62M:C081230VEF000009275098,00
-}{5:{CHK:1143FB20924B}}{S:{COP:S}}${1:F21VZCRVECAAXXX5410610696}{4:{177:0404021720}{451:0}}{1:F01VZCRVECAAXXX5410610696}{2:09501717040402VZCRVECAAXXX40812675430404021720N}{3:{108:SCONNECT}}{4:
:20:MI081230
:25:2222222222
:28C:0529/058
:60M:C081230VEF000009275098,00
:61:081230C000000002229,45NTRF000084480244//180007
PAGO
:61:081230C000000001450,39NTRF000084480130//180007
PAGO
:61:081230C000000026473,57NTRF000084474073//180007
PAGO
:61:081230C000000000600,00NTRF000084467946//180007
PAGO
:61:081230C000000010569,06NTRF000084474434//180007
PAGO
:61:081230C000000001754,37NTRF000084474176//180007
PAGO
:61:081230C000000022217,94NTRF000084474235//180007
PAGO
:61:081230C000000253867,51NTRF000084467740//180007
PAGO
:61:081230C000000000173,19NTRF000084472334//180007
PAGO
:62M:C081230VEF000009594433,48
-}{5:{CHK:1143FB20924B}}{S:{COP:S}}${1:F21VZCRVECAAXXX5410610696}{4:{177:0404021720}{451:0}}{1:F01VZCRVECAAXXX5410610696}{2:09501717040402VZCRVECAAXXX40812675430404021720N}{3:{108:SCONNECT}}{4:
:20:MI081230
:25:2222222222
:28C:0529/059
:60M:C081230VEF000009594433,48
:61:081230C000000015008,31NTRF000084471870//180007
PAGO
:61:081230C000000001131,30NTRF000084480535//180007
PAGO
:61:081230C000000003284,87NTRF000084470610//180007
PAGO
:61:081230C000000005772,93NTRF000084470632//180007
PAGO
:61:081230C000000003187,14NTRF000084469932//180007
PAGO
:61:081230C000000000155,00NTRF000084470116//180007
PAGO
:61:081230C000000000232,13NTRF000084470433//180007
PAGO
:61:081230C000000006963,69NTRF000084469615//180007
PAGO
:61:081230C000000000098,90NTRF000084466524//180007
PAGO
:62M:C081230VEF000009630267,75
-}{5:{CHK:1143FB20924B}}{S:{COP:S}}${1:F21VZCRVECAAXXX5410610696}{4:{177:0404021720}{451:0}}{1:F01VZCRVECAAXXX5410610696}{2:09501717040402VZCRVECAAXXX40812675430404021720N}{3:{108:SCONNECT}}{4:
:20:MI081230
:25:2222222222
:28C:0529/060
:60M:C081230VEF000009630267,75
:61:081230C000000001300,00NTRF000084465695//180007
PAGO
:61:081230C000000001080,00NTRF000084467456//180007
PAGO
:61:081230C000000002239,28NTRF000084475985//180007
PAGO
:61:081230C000000000918,92NTRF000084476851//180007
PAGO
:61:081230C000000011966,34NTRF000084476991//180007
PAGO
:61:081230C000000001390,60NTRF000084466465//180007
PAGO
:61:081230C000000002100,00NTRF000084403395//180007
PAGO
:61:081230C000000000090,00NTRF000084392512//180007
PAGO
:61:081230C000000003000,00NTRF000084403933//180007
PAGO
:62M:C081230VEF000009654352,89
-}{5:{CHK:1143FB20924B}}{S:{COP:S}}${1:F21VZCRVECAAXXX5410610696}{4:{177:0404021720}{451:0}}{1:F01VZCRVECAAXXX5410610696}{2:09501717040402VZCRVECAAXXX40812675430404021720N}{3:{108:SCONNECT}}{4:
:20:MI081230
:25:2222222222
:28C:0529/061
:60M:C081230VEF000009654352,89
:61:081230C000000100000,00NTRF000084394542//180007
PAGO
:61:081230C000000001000,00NTRF000084386702//180007
PAGO
:61:081230C000000000450,00NTRF000084400072//180007
PAGO
:61:081230C000000005000,00NTRF000084392770//180007
PAGO
:61:081230C000000002600,00NTRF000084380354//180007
PAGO
:61:081230C000000001600,00NTRF000084458802//180007
PAGO
:61:081230C000000000140,00NTRF000084380214//180007
PAGO
:61:081230C000000000425,00NTRF000084382303//180007
PAGO
:61:081230C000000000024,00NTRF000084380623//180007
PAGO
:62M:C081230VEF000009765591,89
-}{5:{CHK:1143FB20924B}}{S:{COP:S}}${1:F21VZCRVECAAXXX5410610696}{4:{177:0404021720}{451:0}}{1:F01VZCRVECAAXXX5410610696}{2:09501717040402VZCRVECAAXXX40812675430404021720N}{3:{108:SCONNECT}}{4:
:20:MI081230
:25:2222222222
:28C:0529/062
:60M:C081230VEF000009765591,89
:61:081230C000000003000,00NTRF000084454101//180007
PAGO
:61:081230C000000000175,00NTRF000084383622//180007
PAGO
:61:081230C000000001000,00NTRF000084458076//180007
PAGO
:61:081230C000000000638,00NTRF000084457844//180007
PAGO
:61:081230C000000005000,00NTRF000084383983//180007
PAGO
:61:081230C000000003000,00NTRF000084408026//180007
PAGO
:61:081230C000000000640,00NTRF000084407573//180007
PAGO
:61:081230C000000002500,00NTRF000084411106//180007
PAGO
:61:081230C000000000100,00NTRF000084416920//180007
PAGO
:62M:C081230VEF000009781644,89
-}{5:{CHK:1143FB20924B}}{S:{COP:S}}${1:F21VZCRVECAAXXX5410610696}{4:{177:0404021720}{451:0}}{1:F01VZCRVECAAXXX5410610696}{2:09501717040402VZCRVECAAXXX40812675430404021720N}{3:{108:SCONNECT}}{4:
:20:MI081230
:25:2222222222
:28C:0529/063
:60M:C081230VEF000009781644,89
:61:081230C000000002100,00NTRF000084406291//180007
PAGO
:61:081230C000001000000,00NTRF000084421164//180007
PAGO
:61:081230C000000001000,00NTRF000084423710//180007
PAGO
:61:081230C000000000660,00NTRF000084423500//180007
PAGO
:61:081230C000000005000,00NTRF000084390482//180007
PAGO
:61:081230C000000005000,00NTRF000084382454//180007
PAGO
:61:081230C000000003300,00NTRF000084453316//180007
PAGO
:61:081230C000000000500,00NTRF000084457096//180007
PAGO
:61:081230C000000000530,00NTRF000084453515//180007
PAGO
:62M:C081230VEF000010799734,89
-}{5:{CHK:1143FB20924B}}{S:{COP:S}}${1:F21VZCRVECAAXXX5410610696}{4:{177:0404021720}{451:0}}{1:F01VZCRVECAAXXX5410610696}{2:09501717040402VZCRVECAAXXX40812675430404021720N}{3:{108:SCONNECT}}{4:
:20:MI081230
:25:2222222222
:28C:0529/064
:60M:C081230VEF000010799734,89
:61:081230C000000001000,00NTRF000084362596//180007
PAGO
:61:081230C000000002600,00NTRF000084417793//180007
PAGO
:61:081230C000000001800,00NTRF000084406814//180007
PAGO
:61:081230C000000000500,00NTRF000084407676//180007
PAGO
:61:081230C000000005000,00NTRF000084372481//180007
PAGO
:61:081230C000000000200,00NTRF000084371206//180007
PAGO
:61:081230C000000001500,00NTRF000084369563//180007
PAGO
:61:081230C000000000060,00NTRF000084373516//180007
PAGO
:61:081230C000000001000,00NTRF000084369526//180007
PAGO
:62M:C081230VEF000010813394,89
-}{5:{CHK:1143FB20924B}}{S:{COP:S}}${1:F21VZCRVECAAXXX5410610696}{4:{177:0404021720}{451:0}}{1:F01VZCRVECAAXXX5410610696}{2:09501717040402VZCRVECAAXXX40812675430404021720N}{3:{108:SCONNECT}}{4:
:20:MI081230
:25:2222222222
:28C:0529/065
:60M:C081230VEF000010813394,89
:61:081230C000000000300,00NTRF000084365890//180007
PAGO
:61:081230C000000000100,00NTRF000084367662//180007
PAGO
:61:081230C000000000250,00NTRF000084368480//180007
PAGO
:61:081230C000000000150,00NTRF000084368642//180007
PAGO
:61:081230C000000002000,00NTRF000084369202//180007
PAGO
:61:081230C000000000600,00NTRF000084367706//180007
PAGO
:61:081230C000000005000,00NTRF000084374334//180007
PAGO
:61:081230C000000001250,00NTRF000084368115//180007
PAGO
:61:081230C000000000250,00NTRF000084391333//180007
PAGO
:62M:C081230VEF000010823294,89
-}{5:{CHK:1143FB20924B}}{S:{COP:S}}${1:F21VZCRVECAAXXX5410610696}{4:{177:0404021720}{451:0}}{1:F01VZCRVECAAXXX5410610696}{2:09501717040402VZCRVECAAXXX40812675430404021720N}{3:{108:SCONNECT}}{4:
:20:MI081230
:25:2222222222
:28C:0529/066
:60M:C081230VEF000010823294,89
:61:081230C000000000130,00NTRF000084371991//180007
PAGO
:61:081230C000000000100,00NTRF000084375911//180007
PAGO
:61:081230C000000000100,00NTRF000084370473//180007
PAGO
:61:081230C000000000850,00NTRF000084370731//180007
PAGO
:61:081230C000000000210,00NTRF000084387424//180007
PAGO
:61:081230C000000004500,00NTRF000084410270//180007
PAGO
:61:081230C000000003000,00NTRF000084419381//180007
PAGO
:61:081230C000000000150,00NTRF000084417664//180007
PAGO
:61:081230C000000002500,00NTRF000084419786//180007
PAGO
:62M:C081230VEF000010834834,89
-}{5:{CHK:1143FB20924B}}{S:{COP:S}}${1:F21VZCRVECAAXXX5410610696}{4:{177:0404021720}{451:0}}{1:F01VZCRVECAAXXX5410610696}{2:09501717040402VZCRVECAAXXX40812675430404021720N}{3:{108:SCONNECT}}{4:
:20:MI081230
:25:2222222222
:28C:0529/067
:60M:C081230VEF000010834834,89
:61:081230C000000000150,00NTRF000084417583//180007
PAGO
:61:081230C000000001000,00NTRF000084401881//180007
PAGO
:61:081230C000000004000,00NTRF000084433941//180007
PAGO
:61:081230C000000000088,00NTRF000084413770//180007
PAGO
:61:081230C000000005000,00NTRF000084440005//180007
PAGO
:61:081230C000000004700,00NTRF000084438933//180007
PAGO
:61:081230C000000002700,00NTRF000084438535//180007
PAGO
:61:081230C000000000307,00NTRF000084459395//180007
PAGO
:61:081230C000000000800,00NTRF000084380553//180007
PAGO
:62M:C081230VEF000010853579,89
-}{5:{CHK:1143FB20924B}}{S:{COP:S}}${1:F21VZCRVECAAXXX5410610696}{4:{177:0404021720}{451:0}}{1:F01VZCRVECAAXXX5410610696}{2:09501717040402VZCRVECAAXXX40812675430404021720N}{3:{108:SCONNECT}}{4:
:20:MI081230
:25:2222222222
:28C:0529/068
:60M:C081230VEF000010853579,89
:61:081230C000000003000,00NTRF000084384683//180007
PAGO
:61:081230C000000000500,00NTRF000084448431//180007
PAGO
:61:081230C000000000600,00NTRF000084428993//180007
PAGO
:61:081230C000000002550,00NTRF000084454952//180007
PAGO
:61:081230C000000000149,92NTRF000084400536//180007
PAGO
:61:081230C000000000800,00NTRF000084450660//180007
PAGO
:61:081230C000000000620,00NTRF000084388883//180007
PAGO
:61:081230C000000005000,00NTRF000084461274//180007
PAGO
:61:081230C000000002500,00NTRF000084462792//180007
PAGO
:62M:C081230VEF000010869299,81
-}{5:{CHK:1143FB20924B}}{S:{COP:S}}${1:F21VZCRVECAAXXX5410610696}{4:{177:0404021720}{451:0}}{1:F01VZCRVECAAXXX5410610696}{2:09501717040402VZCRVECAAXXX40812675430404021720N}{3:{108:SCONNECT}}{4:
:20:MI081230
:25:2222222222
:28C:0529/069
:60M:C081230VEF000010869299,81
:61:081230C000000002000,00NTRF000084461171//180007
PAGO
:61:081230C000000001000,00NTRF000084392221//180007
PAGO
:61:081230C000000005000,00NTRF000084431211//180007
PAGO
:61:081230C000000005000,00NTRF000084442164//180007
PAGO
:61:081230C000000000230,00NTRF000084431605//180007
PAGO
:61:081230C000000001500,00NTRF000084443505//180007
PAGO
:61:081230C000000001800,00NTRF000084443273//180007
PAGO
:61:081230C000000002000,00NTRF000084443306//180007
PAGO
:61:081230C000000000500,00NTRF000084424712//180007
PAGO
:62M:C081230VEF000010888329,81
-}{5:{CHK:1143FB20924B}}{S:{COP:S}}${1:F21VZCRVECAAXXX5410610696}{4:{177:0404021720}{451:0}}{1:F01VZCRVECAAXXX5410610696}{2:09501717040402VZCRVECAAXXX40812675430404021720N}{3:{108:SCONNECT}}{4:
:20:MI081230
:25:2222222222
:28C:0529/070
:60M:C081230VEF000010888329,81
:61:081230C000000005000,00NTRF000084442713//180007
PAGO
:61:081230C000000001000,00NTRF000084427906//180007
PAGO
:61:081230C000000000400,00NTRF000084399711//180007
PAGO
:61:081230C000000000200,00NTRF000084388544//180007
PAGO
:61:081230C000000002000,00NTRF000084396992//180007
PAGO
:61:081230C000000001000,00NTRF000084403690//180007
PAGO
:61:081230C000000280000,00NTRF000084403130//180007
PAGO
:61:081230C000000000500,00NTRF000084446832//180007
PAGO
:61:081230C000000000170,00NTRF000084446504//180007
PAGO
:62M:C081230VEF000011178599,81
-}{5:{CHK:1143FB20924B}}{S:{COP:S}}${1:F21VZCRVECAAXXX5410610696}{4:{177:0404021720}{451:0}}{1:F01VZCRVECAAXXX5410610696}{2:09501717040402VZCRVECAAXXX40812675430404021720N}{3:{108:SCONNECT}}{4:
:20:MI081230
:25:2222222222
:28C:0529/071
:60M:C081230VEF000011178599,81
:61:081230C000000000800,00NTRF000084394785//180007
PAGO
:61:081230C000000000500,00NTRF000084385980//180007
PAGO
:61:081230C000000008800,00NTRF000084459793//180007
PAGO
:61:081230C000000001000,00NTRF000084415822//180007
PAGO
:61:081230C000000001670,00NTRF000084359321//180007
PAGO
:61:081230C000000003800,00NTRF000084429074//180007
PAGO
:61:081230C000000002200,00NTRF000084381920//180007
PAGO
:61:081230C000000002903,00NTRF000084359671//180007
PAGO
:61:081230C000000001000,00NTRF000084359553//180007
PAGO
:62M:C081230VEF000011201272,81
-}{5:{CHK:1143FB20924B}}{S:{COP:S}}${1:F21VZCRVECAAXXX5410610696}{4:{177:0404021720}{451:0}}{1:F01VZCRVECAAXXX5410610696}{2:09501717040402VZCRVECAAXXX40812675430404021720N}{3:{108:SCONNECT}}{4:
:20:MI081230
:25:2222222222
:28C:0529/072
:60M:C081230VEF000011201272,81
:61:081230C000000002336,92NTRF000084359446//180007
PAGO
:61:081230C000000000600,00NTRF000084427490//180007
PAGO
:61:081230C000000000250,00NTRF000084366995//180007
PAGO
:61:081230C000000000490,00NTRF000084384915//180007
PAGO
:61:081230C000000001000,00NTRF000084366752//180007
PAGO
:61:081230C000000008018,20NTRF000000000104//180007
PAGO
:61:081230C000000006700,00NTRF000027883719//180007
PAGO
:61:081230C000000002698,03NTRF000027901190//180007
PAGO
:61:081230C000000000569,50NTRF000027881458//180007
PAGO
:62M:C081230VEF000011223935,46
-}{5:{CHK:1143FB20924B}}{S:{COP:S}}${1:F21VZCRVECAAXXX5410610696}{4:{177:0404021720}{451:0}}{1:F01VZCRVECAAXXX5410610696}{2:09501717040402VZCRVECAAXXX40812675430404021720N}{3:{108:SCONNECT}}{4:
:20:MI081230
:25:2222222222
:28C:0529/073
:60M:C081230VEF000011223935,46
:61:081230C000000010000,00NTRF000027889271//180007
PAGO
:61:081230C000000001200,00NTRF000027902481//180007
PAGO
:61:081230C000000008926,23NTRF000027874176//180007
PAGO
:61:081230C000000002756,64NTRF000032709218//180007
PAGO
:61:081230C000000009900,00NTRF000027761538//180007
PAGO
:61:081230C000000000313,92NTRF000032674847//180007
PAGO
:61:081230C000000000547,00NTRF000032706434//180007
PAGO
:61:081230C000000002400,00NTRF000032672035//180007
PAGO
:61:081230C000000006000,00NTRF000030122008//180007
PAGO
:62M:C081230VEF000011265979,25
-}{5:{CHK:1143FB20924B}}{S:{COP:S}}${1:F21VZCRVECAAXXX5410610696}{4:{177:0404021720}{451:0}}{1:F01VZCRVECAAXXX5410610696}{2:09501717040402VZCRVECAAXXX40812675430404021720N}{3:{108:SCONNECT}}{4:
:20:MI081230
:25:2222222222
:28C:0529/074
:60M:C081230VEF000011265979,25
:61:081230C000000001000,00NTRF000030122008//180007
PAGO
:61:081230C000000000650,00NTRF000030122008//180007
PAGO
:61:081230C000000000150,00NTRF000030122008//180007
PAGO
:61:081230C000000000200,00NTRF000030122008//180007
PAGO
:61:081230C000000000500,00NTRF000030122008//180007
PAGO
:61:081230C000000000400,00NTRF000030122008//180007
PAGO
:61:081230C000000005000,00NTRF000030122008//180007
PAGO
:61:081230C000000000166,00NTRF000030122008//180007
PAGO
:61:081230C000000001000,00NTRF000030122008//180007
PAGO
:62M:C081230VEF000011275045,25
-}{5:{CHK:1143FB20924B}}{S:{COP:S}}${1:F21VZCRVECAAXXX5410610696}{4:{177:0404021720}{451:0}}{1:F01VZCRVECAAXXX5410610696}{2:09501717040402VZCRVECAAXXX40812675430404021720N}{3:{108:SCONNECT}}{4:
:20:MI081230
:25:2222222222
:28C:0529/075
:60M:C081230VEF000011275045,25
:61:081230C000000000620,41NTRF000030122008//180007
PAGO
:61:081230C000000001055,00NTRF000030122008//180007
PAGO
:61:081230C000000000133,00NTRF000030122008//180007
PAGO
:61:081230C000000001000,00NTRF000030122008//180007
PAGO
:61:081230C000000000150,00NTRF000030122008//180007
PAGO
:61:081230C000000001000,00NTRF000030122008//180007
PAGO
:61:081230C000000002000,00NTRF000030122008//180007
PAGO
:61:081230C000000000350,00NTRF000030122008//180007
PAGO
:61:081230C000000000177,00NTRF000030122008//180007
PAGO
:62M:C081230VEF000011281530,66
-}{5:{CHK:1143FB20924B}}{S:{COP:S}}${1:F21VZCRVECAAXXX5410610696}{4:{177:0404021720}{451:0}}{1:F01VZCRVECAAXXX5410610696}{2:09501717040402VZCRVECAAXXX40812675430404021720N}{3:{108:SCONNECT}}{4:
:20:MI081230
:25:2222222222
:28C:0529/076
:60M:C081230VEF000011281530,66
:61:081230C000000000400,00NTRF000030122008//180007
PAGO
:61:081230C000000001039,49NTRF000030122008//180007
PAGO
:61:081230C000000003000,00NTRF000030122008//180007
PAGO
:61:081230C000000000157,45NTRF000030122008//180007
PAGO
:61:081230C000000000210,00NTRF000030122008//180007
PAGO
:61:081230C000000000316,00NTRF000030122008//180007
PAGO
:61:081230C000000000150,00NTRF000030122008//180007
PAGO
:61:081230C000000000150,00NTRF000030122008//180007
PAGO
:61:081230C000000001500,00NTRF000030122008//180007
PAGO
:62M:C081230VEF000011288453,60
-}{5:{CHK:1143FB20924B}}{S:{COP:S}}${1:F21VZCRVECAAXXX5410610696}{4:{177:0404021720}{451:0}}{1:F01VZCRVECAAXXX5410610696}{2:09501717040402VZCRVECAAXXX40812675430404021720N}{3:{108:SCONNECT}}{4:
:20:MI081230
:25:2222222222
:28C:0529/077
:60M:C081230VEF000011288453,60
:61:081230C000000000400,00NTRF000030122008//180007
PAGO
:61:081230C000000000500,00NTRF000030122008//180007
PAGO
:61:081230C000000000500,00NTRF000030122008//180007
PAGO
:61:081230C000000000100,00NTRF000030122008//180007
PAGO
:61:081230C000000001700,00NTRF000030122008//180007
PAGO
:61:081230C000000000550,00NTRF000030122008//180007
PAGO
:61:081230C000000000500,00NTRF000030122008//180007
PAGO
:61:081230C000000002500,00NTRF000030122008//180007
PAGO
:61:081230C000000000650,00NTRF000030122008//180007
PAGO
:62M:C081230VEF000011295853,60
-}{5:{CHK:1143FB20924B}}{S:{COP:S}}${1:F21VZCRVECAAXXX5410610696}{4:{177:0404021720}{451:0}}{1:F01VZCRVECAAXXX5410610696}{2:09501717040402VZCRVECAAXXX40812675430404021720N}{3:{108:SCONNECT}}{4:
:20:MI081230
:25:2222222222
:28C:0529/078
:60M:C081230VEF000011295853,60
:61:081230C000000004000,00NTRF000030122008//180007
PAGO
:61:081230C000000000075,00NTRF000030122008//180007
PAGO
:61:081230C000000001000,00NTRF000030122008//180007
PAGO
:61:081230C000000000150,00NTRF000030122008//180007
PAGO
:61:081230C000000001000,00NTRF000030122008//180007
PAGO
:61:081230C000000000200,00NTRF000030122008//180007
PAGO
:61:081230C000000000200,00NTRF000030122008//180007
PAGO
:61:081230C000000000500,00NTRF000030122008//180007
PAGO
:61:081230C000000003000,00NTRF000030122008//180007
PAGO
:62M:C081230VEF000011305978,60
-}{5:{CHK:1143FB20924B}}{S:{COP:S}}${1:F21VZCRVECAAXXX5410610696}{4:{177:0404021720}{451:0}}{1:F01VZCRVECAAXXX5410610696}{2:09501717040402VZCRVECAAXXX40812675430404021720N}{3:{108:SCONNECT}}{4:
:20:MI081230
:25:2222222222
:28C:0529/079
:60M:C081230VEF000011305978,60
:61:081230C000000000500,00NTRF000030122008//180007
PAGO
:61:081230C000000000210,00NTRF000030122008//180007
PAGO
:61:081230C000000003400,00NTRF000002461493//180007
PAGO
:61:081230C000000010000,00NTRF000000411623//180007
PAGO
:61:081230C000000000100,00NTRF000000411628//180007
PAGO
:61:081230C000000000403,13NTRF000000411651//180007
PAGO
:61:081230C000000005000,00NTRF000000411653//180007
PAGO
:61:081230C000000001000,00NTRF000000411718//180007
PAGO
:61:081230C000000007500,00NTRF000000411768//180007
PAGO
:62M:C081230VEF000011334091,73
-}{5:{CHK:1143FB20924B}}{S:{COP:S}}${1:F21VZCRVECAAXXX5410610696}{4:{177:0404021720}{451:0}}{1:F01VZCRVECAAXXX5410610696}{2:09501717040402VZCRVECAAXXX40812675430404021720N}{3:{108:SCONNECT}}{4:
:20:MI081230
:25:2222222222
:28C:0529/080
:60M:C081230VEF000011334091,73
:61:081230C000000003500,00NTRF000000411816//180007
PAGO
:61:081230C000000000082,20NTRF000000411819//180007
PAGO
:61:081230C000000000100,00NTRF000000411070//180007
PAGO
:61:081230C000000000500,00NTRF000000411077//180007
PAGO
:61:081230C000000000500,00NTRF000000411082//180007
PAGO
:61:081230C000000002000,00NTRF000000411135//180007
PAGO
:61:081230C000000001000,00NTRF000000411137//180007
PAGO
:61:081230C000000000400,00NTRF000000411166//180007
PAGO
:61:081230C000000000762,46NTRF000000411239//180007
PAGO
:62M:C081230VEF000011342936,39
-}{5:{CHK:1143FB20924B}}{S:{COP:S}}${1:F21VZCRVECAAXXX5410610696}{4:{177:0404021720}{451:0}}{1:F01VZCRVECAAXXX5410610696}{2:09501717040402VZCRVECAAXXX40812675430404021720N}{3:{108:SCONNECT}}{4:
:20:MI081230
:25:2222222222
:28C:0529/081
:60M:C081230VEF000011342936,39
:61:081230C000000001000,00NTRF000000411264//180007
PAGO
:61:081230C000000005000,00NTRF000000411301//180007
PAGO
:61:081230C000000002500,00NTRF000000411348//180007
PAGO
:61:081230C000000000048,00NTRF000000411363//180007
PAGO
:61:081230C000000001500,00NTRF000000411367//180007
PAGO
:61:081230C000000010000,00NTRF000000411377//180007
PAGO
:61:081230C000000000333,00NTRF000000410144//180007
PAGO
:61:081230C000000003000,00NTRF000000410169//180007
PAGO
:61:081230C000000015000,00NTRF000000410176//180007
PAGO
:62M:C081230VEF000011381317,39
-}{5:{CHK:1143FB20924B}}{S:{COP:S}}${1:F21VZCRVECAAXXX5410610696}{4:{177:0404021720}{451:0}}{1:F01VZCRVECAAXXX5410610696}{2:09501717040402VZCRVECAAXXX40812675430404021720N}{3:{108:SCONNECT}}{4:
:20:MI081230
:25:2222222222
:28C:0529/082
:60M:C081230VEF000011381317,39
:61:081230C000000020000,00NTRF000000410248//180007
PAGO
:61:081230C000000005000,00NTRF000000410397//180007
PAGO
:61:081230C000000001000,00NTRF000000410409//180007
PAGO
:61:081230C000000000300,00NTRF000000410541//180007
PAGO
:61:081230C000000003200,00NTRF000000410571//180007
PAGO
:61:081230C000000000600,00NTRF000000410710//180007
PAGO
:61:081230C000000001000,00NTRF000000410761//180007
PAGO
:61:081230C000000001000,00NTRF000000410840//180007
PAGO
:61:081230C000000000600,00NTRF000000410944//180007
PAGO
:62M:C081230VEF000011414017,39
-}{5:{CHK:1143FB20924B}}{S:{COP:S}}${1:F21VZCRVECAAXXX5410610696}{4:{177:0404021720}{451:0}}{1:F01VZCRVECAAXXX5410610696}{2:09501717040402VZCRVECAAXXX40812675430404021720N}{3:{108:SCONNECT}}{4:
:20:MI081230
:25:2222222222
:28C:0529/083
:60M:C081230VEF000011414017,39
:61:081230C000000020000,00NTRF000000411032//180007
PAGO
:61:081230C000000025000,00NTRF000000409556//180007
PAGO
:61:081230C000000000865,00NTRF000000409603//180007
PAGO
:61:081230C000000002000,00NTRF000000409664//180007
PAGO
:61:081230C000000000900,00NTRF000000409702//180007
PAGO
:61:081230C000000005000,00NTRF000000409806//180007
PAGO
:61:081230C000000000500,00NTRF000000409937//180007
PAGO
:61:081230C000000000008,00NTRF000000409983//180007
PAGO
:61:081230C000000001000,00NTRF000000409993//180007
PAGO
:62M:C081230VEF000011469290,39
-}{5:{CHK:1143FB20924B}}{S:{COP:S}}${1:F21VZCRVECAAXXX5410610696}{4:{177:0404021720}{451:0}}{1:F01VZCRVECAAXXX5410610696}{2:09501717040402VZCRVECAAXXX40812675430404021720N}{3:{108:SCONNECT}}{4:
:20:MI081230
:25:2222222222
:28C:0529/084
:60M:C081230VEF000011469290,39
:61:081230C000000000250,00NTRF000000410084//180007
PAGO
:61:081230C000000001844,00NTRF000000410090//180007
PAGO
:61:081230C000000010000,00NTRF000000410102//180007
PAGO
:61:081230C000000005835,00NTRF000000410121//180007
PAGO
:61:081230C000000002500,00NTRF000000410138//180007
PAGO
:61:081230C000000002000,00NTRF000000409277//180007
PAGO
:61:081230C000000000150,00NTRF000000409332//180007
PAGO
:61:081230C000000004963,40NTRF000000409374//180007
PAGO
:61:081230C000000000250,00NTRF000000409413//180007
PAGO
:62M:C081230VEF000011497082,79
-}{5:{CHK:1143FB20924B}}{S:{COP:S}}${1:F21VZCRVECAAXXX5410610696}{4:{177:0404021720}{451:0}}{1:F01VZCRVECAAXXX5410610696}{2:09501717040402VZCRVECAAXXX40812675430404021720N}{3:{108:SCONNECT}}{4:
:20:MI081230
:25:2222222222
:28C:0529/085
:60M:C081230VEF000011497082,79
:61:081230C000000000399,50NTRF000000409448//180007
PAGO
:61:081230C000000000479,00NTRF000000409469//180007
PAGO
:61:081230C000000000344,00NTRF000000409476//180007
PAGO
:61:081230C000000000355,00NTRF000000409479//180007
PAGO
:61:081230C000000000410,00NTRF000000409486//180007
PAGO
:61:081230C000000000399,50NTRF000000409496//180007
PAGO
:61:081230C000000000399,50NTRF000000409506//180007
PAGO
:61:081230C000000001000,00NTRF000000414855//180007
PAGO
:61:081230C000000005000,00NTRF000000414890//180007
PAGO
:62M:C081230VEF000011505869,29
-}{5:{CHK:1143FB20924B}}{S:{COP:S}}${1:F21VZCRVECAAXXX5410610696}{4:{177:0404021720}{451:0}}{1:F01VZCRVECAAXXX5410610696}{2:09501717040402VZCRVECAAXXX40812675430404021720N}{3:{108:SCONNECT}}{4:
:20:MI081230
:25:2222222222
:28C:0529/086
:60M:C081230VEF000011505869,29
:61:081230C000000000200,00NTRF000000414970//180007
PAGO
:61:081230C000000000020,00NTRF000000414975//180007
PAGO
:61:081230C000000001800,00NTRF000000414987//180007
PAGO
:61:081230C000000000400,00NTRF000000415038//180007
PAGO
:61:081230C000000001000,00NTRF000000415063//180007
PAGO
:61:081230C000000003000,00NTRF000000415073//180007
PAGO
:61:081230C000000000010,00NTRF000000415143//180007
PAGO
:61:081230C000000000100,00NTRF000000417178//180007
PAGO
:61:081230C000000004000,00NTRF000000417184//180007
PAGO
:62M:C081230VEF000011516399,29
-}{5:{CHK:1143FB20924B}}{S:{COP:S}}${1:F21VZCRVECAAXXX5410610696}{4:{177:0404021720}{451:0}}{1:F01VZCRVECAAXXX5410610696}{2:09501717040402VZCRVECAAXXX40812675430404021720N}{3:{108:SCONNECT}}{4:
:20:MI081230
:25:2222222222
:28C:0529/087
:60M:C081230VEF000011516399,29
:61:081230C000000010000,00NTRF000000417203//180007
PAGO
:61:081230C000000000600,00NTRF000000417252//180007
PAGO
:61:081230C000000003000,00NTRF000000417276//180007
PAGO
:61:081230C000000001800,00NTRF000000417290//180007
PAGO
:61:081230C000000000090,00NTRF000000417396//180007
PAGO
:61:081230C000000002000,00NTRF000000417509//180007
PAGO
:61:081230C000000001900,00NTRF000000415899//180007
PAGO
:61:081230C000000000300,00NTRF000000415953//180007
PAGO
:61:081230C000000001495,00NTRF000000416031//180007
PAGO
:62M:C081230VEF000011537584,29
-}{5:{CHK:1143FB20924B}}{S:{COP:S}}${1:F21VZCRVECAAXXX5410610696}{4:{177:0404021720}{451:0}}{1:F01VZCRVECAAXXX5410610696}{2:09501717040402VZCRVECAAXXX40812675430404021720N}{3:{108:SCONNECT}}{4:
:20:MI081230
:25:2222222222
:28C:0529/088
:60M:C081230VEF000011537584,29
:61:081230C000000002500,00NTRF000000416073//180007
PAGO
:61:081230C000000002500,00NTRF000000416080//180007
PAGO
:61:081230C000000002500,00NTRF000000416108//180007
PAGO
:61:081230C000000002500,00NTRF000000416116//180007
PAGO
:61:081230C000000000560,00NTRF000000416688//180007
PAGO
:61:081230C000000000071,00NTRF000000415519//180007
PAGO
:61:081230C000000001000,00NTRF000000415537//180007
PAGO
:61:081230C000000007000,00NTRF000000415630//180007
PAGO
:61:081230C000000005000,00NTRF000000415682//180007
PAGO
:62M:C081230VEF000011561215,29
-}{5:{CHK:1143FB20924B}}{S:{COP:S}}${1:F21VZCRVECAAXXX5410610696}{4:{177:0404021720}{451:0}}{1:F01VZCRVECAAXXX5410610696}{2:09501717040402VZCRVECAAXXX40812675430404021720N}{3:{108:SCONNECT}}{4:
:20:MI081230
:25:2222222222
:28C:0529/089
:60M:C081230VEF000011561215,29
:61:081230C000000000380,00NTRF000000415707//180007
PAGO
:61:081230C000000005000,00NTRF000000415792//180007
PAGO
:61:081230C000000005000,00NTRF000000415810//180007
PAGO
:61:081230C000000000230,00NTRF000000415822//180007
PAGO
:61:081230C000000000500,00NTRF000000415890//180007
PAGO
:61:081230C000000000100,00NTRF000000416764//180007
PAGO
:61:081230C000000000563,80NTRF000003288916//180007
PAGO
:61:081230C000000000801,30NTRF000003288917//180007
PAGO
:61:081230C000000001333,15NTRF000003288918//180007
PAGO
:62M:C081230VEF000011575123,54
-}{5:{CHK:1143FB20924B}}{S:{COP:S}}${1:F21VZCRVECAAXXX5410610696}{4:{177:0404021720}{451:0}}{1:F01VZCRVECAAXXX5410610696}{2:09501717040402VZCRVECAAXXX40812675430404021720N}{3:{108:SCONNECT}}{4:
:20:MI081230
:25:2222222222
:28C:0529/090
:60M:C081230VEF000011575123,54
:61:081230C000000000729,57NTRF000003288919//180007
PAGO
:61:081230C000000000300,00NTRF000000415354//180007
PAGO
:61:081230C000000001600,00NTRF000000415377//180007
PAGO
:61:081230C000000010000,00NTRF000000415416//180007
PAGO
:61:081230C000000000071,00NTRF000000415484//180007
PAGO
:61:081230C000000001170,00NTRF000000417917//180007
PAGO
:61:081230C000000000036,00NTRF000000418006//180007
PAGO
:61:081230C000000000343,00NTRF000000418159//180007
PAGO
:61:081230C000000006365,00NTRF000000418164//180007
PAGO
:62M:C081230VEF000011595738,11
-}{5:{CHK:1143FB20924B}}{S:{COP:S}}${1:F21VZCRVECAAXXX5410610696}{4:{177:0404021720}{451:0}}{1:F01VZCRVECAAXXX5410610696}{2:09501717040402VZCRVECAAXXX40812675430404021720N}{3:{108:SCONNECT}}{4:
:20:MI081230
:25:2222222222
:28C:0529/091
:60M:C081230VEF000011595738,11
:61:081230C000000000930,75NTRF000003288920//180007
PAGO
:61:081230C000000000565,70NTRF000003288921//180007
PAGO
:61:081230C000000000573,30NTRF000003288922//180007
PAGO
:61:081230C000000004163,50NTRF000003288923//180007
PAGO
:61:081230C000000014387,50NTRF000003288937//180007
PAGO
:61:081230C000000001704,00NTRF000000417829//180007
PAGO
:61:081230C000000001500,00NTRF000000417781//180007
PAGO
:61:081230C000000001000,00NTRF000000417582//180007
PAGO
:61:081230C000000000300,00NTRF000000417524//180007
PAGO
:62M:C081230VEF000011620862,86
-}{5:{CHK:1143FB20924B}}{S:{COP:S}}${1:F21VZCRVECAAXXX5410610696}{4:{177:0404021720}{451:0}}{1:F01VZCRVECAAXXX5410610696}{2:09501717040402VZCRVECAAXXX40812675430404021720N}{3:{108:SCONNECT}}{4:
:20:MI081230
:25:2222222222
:28C:0529/092
:60M:C081230VEF000011620862,86
:61:081230C000000016000,00NTRF000000417547//180007
PAGO
:61:081230C000000001000,00NTRF000000417574//180007
PAGO
:61:081230C000000001500,00NTRF000000417772//180007
PAGO
:61:081230C000000002000,00NTRF000000417819//180007
PAGO
:61:081230C000000001500,00NTRF000000415166//180007
PAGO
:61:081230C000000001700,00NTRF000000415215//180007
PAGO
:61:081230C000000000550,00NTRF000000415219//180007
PAGO
:61:081230C000000000300,00NTRF000000415314//180007
PAGO
:61:081230C000000000100,00NTRF000003288822//180007
PAGO
:62M:C081230VEF000011645512,86
-}{5:{CHK:1143FB20924B}}{S:{COP:S}}${1:F21VZCRVECAAXXX5410610696}{4:{177:0404021720}{451:0}}{1:F01VZCRVECAAXXX5410610696}{2:09501717040402VZCRVECAAXXX40812675430404021720N}{3:{108:SCONNECT}}{4:
:20:MI081230
:25:2222222222
:28C:0529/093
:60M:C081230VEF000011645512,86
:61:081230C000000000065,00NTRF000003288823//180007
PAGO
:61:081230C000000000070,00NTRF000003288832//180007
PAGO
:61:081230C000000000070,00NTRF000003288833//180007
PAGO
:61:081230C000000000070,00NTRF000003288834//180007
PAGO
:61:081230C000000000630,00NTRF000000414549//180007
PAGO
:61:081230C000000000313,00NTRF000000414598//180007
PAGO
:61:081230C000000001000,00NTRF000000414615//180007
PAGO
:61:081230C000000005000,00NTRF000000414700//180007
PAGO
:61:081230C000000001799,00NTRF000000414701//180007
PAGO
:62M:C081230VEF000011654529,86
-}{5:{CHK:1143FB20924B}}{S:{COP:S}}${1:F21VZCRVECAAXXX5410610696}{4:{177:0404021720}{451:0}}{1:F01VZCRVECAAXXX5410610696}{2:09501717040402VZCRVECAAXXX40812675430404021720N}{3:{108:SCONNECT}}{4:
:20:MI081230
:25:2222222222
:28C:0529/094
:60M:C081230VEF000011654529,86
:61:081230C000000005000,00NTRF000000414749//180007
PAGO
:61:081230C000000001000,00NTRF000000414779//180007
PAGO
:61:081230C000000000600,00NTRF000000414844//180007
PAGO
:61:081230C000000000070,00NTRF000003288761//180007
PAGO
:61:081230C000000000340,00NTRF000003288779//180007
PAGO
:61:081230C000000000340,00NTRF000003288780//180007
PAGO
:61:081230C000000000100,00NTRF000003288781//180007
PAGO
:61:081230C000000000070,00NTRF000003288782//180007
PAGO
:61:081230C000000000070,00NTRF000003288794//180007
PAGO
:62M:C081230VEF000011662119,86
-}{5:{CHK:1143FB20924B}}{S:{COP:S}}${1:F21VZCRVECAAXXX5410610696}{4:{177:0404021720}{451:0}}{1:F01VZCRVECAAXXX5410610696}{2:09501717040402VZCRVECAAXXX40812675430404021720N}{3:{108:SCONNECT}}{4:
:20:MI081230
:25:2222222222
:28C:0529/095
:60M:C081230VEF000011662119,86
:61:081230C000000001010,00NTRF000003288795//180007
PAGO
:61:081230C000000000340,00NTRF000003288796//180007
PAGO
:61:081230C000000000070,00NTRF000003288797//180007
PAGO
:61:081230C000000000070,00NTRF000003288806//180007
PAGO
:61:081230C000000000070,00NTRF000003288807//180007
PAGO
:61:081230C000000000070,00NTRF000003288808//180007
PAGO
:61:081230C000000003028,77NTRF000003288809//180007
PAGO
:61:081230C000000019209,31NTRF000002461501//180007
PAGO
:61:081230C000000007603,42NTRF000002461539//180007
PAGO
:62M:C081230VEF000011693591,36
-}{5:{CHK:1143FB20924B}}{S:{COP:S}}${1:F21VZCRVECAAXXX5410610696}{4:{177:0404021720}{451:0}}{1:F01VZCRVECAAXXX5410610696}{2:09501717040402VZCRVECAAXXX40812675430404021720N}{3:{108:SCONNECT}}{4:
:20:MI081230
:25:2222222222
:28C:0529/096
:60M:C081230VEF000011693591,36
:61:081230C000000006200,00NTRF000000413713//180007
PAGO
:61:081230C000000000500,00NTRF000000413751//180007
PAGO
:61:081230C000000000450,00NTRF000000413831//180007
PAGO
:61:081230C000000000270,00NTRF000000413847//180007
PAGO
:61:081230C000000000306,00NTRF000000413858//180007
PAGO
:61:081230C000000000475,00NTRF000000413887//180007
PAGO
:61:081230C000000000900,00NTRF000000413895//180007
PAGO
:61:081230C000000000340,00NTRF000003288734//180007
PAGO
:61:081230C000000000100,00NTRF000003288745//180007
PAGO
:62M:C081230VEF000011703132,36
-}{5:{CHK:1143FB20924B}}{S:{COP:S}}${1:F21VZCRVECAAXXX5410610696}{4:{177:0404021720}{451:0}}{1:F01VZCRVECAAXXX5410610696}{2:09501717040402VZCRVECAAXXX40812675430404021720N}{3:{108:SCONNECT}}{4:
:20:MI081230
:25:2222222222
:28C:0529/097
:60M:C081230VEF000011703132,36
:61:081230C000000000300,00NTRF000003288759//180007
PAGO
:61:081230C000000000070,00NTRF000003288760//180007
PAGO
:61:081230C000000012000,00NTRF000000412925//180007
PAGO
:61:081230C000000002616,00NTRF000000412955//180007
PAGO
:61:081230C000000002500,00NTRF000000413000//180007
PAGO
:61:081230C000000000800,00NTRF000000413017//180007
PAGO
:61:081230C000000000215,00NTRF000000413112//180007
PAGO
:61:081230C000000000176,00NTRF000000413271//180007
PAGO
:61:081230C000000009000,00NTRF000000413286//180007
PAGO
:62M:C081230VEF000011730809,36
-}{5:{CHK:1143FB20924B}}{S:{COP:S}}${1:F21VZCRVECAAXXX5410610696}{4:{177:0404021720}{451:0}}{1:F01VZCRVECAAXXX5410610696}{2:09501717040402VZCRVECAAXXX40812675430404021720N}{3:{108:SCONNECT}}{4:
:20:MI081230
:25:2222222222
:28C:0529/098
:60M:C081230VEF000011730809,36
:61:081230C000000000300,00NTRF000000413297//180007
PAGO
:61:081230C000000005300,00NTRF000000413313//180007
PAGO
:61:081230C000000010000,00NTRF000000413352//180007
PAGO
:61:081230C000000000240,00NTRF000000413438//180007
PAGO
:61:081230C000000383718,30NTRF000002461499//180007
PAGO
:61:081230C000000439260,54NTRF000002461500//180007
PAGO
:61:081230C000000010000,00NTRF000000412248//180007
PAGO
:61:081230C000000001400,00NTRF000000412304//180007
PAGO
:61:081230C000000010000,00NTRF000000412337//180007
PAGO
:62M:C081230VEF000012591028,20
-}{5:{CHK:1143FB20924B}}{S:{COP:S}}${1:F21VZCRVECAAXXX5410610696}{4:{177:0404021720}{451:0}}{1:F01VZCRVECAAXXX5410610696}{2:09501717040402VZCRVECAAXXX40812675430404021720N}{3:{108:SCONNECT}}{4:
:20:MI081230
:25:2222222222
:28C:0529/099
:60M:C081230VEF000012591028,20
:61:081230C000000000150,00NTRF000000412340//180007
PAGO
:61:081230C000000001000,00NTRF000000412439//180007
PAGO
:61:081230C000000000200,00NTRF000000412519//180007
PAGO
:61:081230C000000010000,00NTRF000000412524//180007
PAGO
:61:081230C000000010000,00NTRF000000412532//180007
PAGO
:61:081230C000000000200,00NTRF000000412601//180007
PAGO
:61:081230C000000000200,00NTRF000000412731//180007
PAGO
:61:081230C000000001000,00NTRF000000412733//180007
PAGO
:61:081230C000000001000,00NTRF000000412816//180007
PAGO
:62M:C081230VEF000012614778,20
-}{5:{CHK:1143FB20924B}}{S:{COP:S}}${1:F21VZCRVECAAXXX5410610696}{4:{177:0404021720}{451:0}}{1:F01VZCRVECAAXXX5410610696}{2:09501717040402VZCRVECAAXXX40812675430404021720N}{3:{108:SCONNECT}}{4:
:20:MI081230
:25:2222222222
:28C:0529/100
:60M:C081230VEF000012614778,20
:61:081230C000000000190,00NTRF000000412923//180007
PAGO
:61:081230C000000002000,00NTRF000000411863//180007
PAGO
:61:081230C000000001000,00NTRF000000411864//180007
PAGO
:61:081230C000000000625,00NTRF000000411992//180007
PAGO
:61:081230C000000000475,00NTRF000000409516//180007
PAGO
:61:081230C000000000489,00NTRF000000409522//180007
PAGO
:61:081230C000000000300,00NTRF000000408798//180007
PAGO
:61:081230C000000003200,00NTRF000000408854//180007
PAGO
:61:081230C000000000450,00NTRF000000408861//180007
PAGO
:62M:C081230VEF000012623507,20
-}{5:{CHK:1143FB20924B}}{S:{COP:S}}${1:F21VZCRVECAAXXX5410610696}{4:{177:0404021720}{451:0}}{1:F01VZCRVECAAXXX5410610696}{2:09501717040402VZCRVECAAXXX40812675430404021720N}{3:{108:SCONNECT}}{4:
:20:MI081230
:25:2222222222
:28C:0529/101
:60M:C081230VEF000012623507,20
:61:081230C000000000115,00NTRF000000408873//180007
PAGO
:61:081230C000000001500,00NTRF000000408901//180007
PAGO
:61:081230C000000000300,00NTRF000000408911//180007
PAGO
:61:081230C000000012800,00NTRF000000408994//180007
PAGO
:61:081230C000000000300,00NTRF000000409058//180007
PAGO
:61:081230C000000001100,00NTRF000000409075//180007
PAGO
:61:081230C000000004500,00NTRF000000409121//180007
PAGO
:61:081230C000000000250,00NTRF000000409203//180007
PAGO
:61:081230C000000002000,00NTRF000000409270//180007
PAGO
:62M:C081230VEF000012646372,20
-}{5:{CHK:1143FB20924B}}{S:{COP:S}}${1:F21VZCRVECAAXXX5410610696}{4:{177:0404021720}{451:0}}{1:F01VZCRVECAAXXX5410610696}{2:09501717040402VZCRVECAAXXX40812675430404021720N}{3:{108:SCONNECT}}{4:
:20:MI081230
:25:2222222222
:28C:0529/102
:60M:C081230VEF000012646372,20
:61:081230C000000005000,00NTRF000000409275//180007
PAGO
:61:081230C000000001500,00NTRF000000408079//180007
PAGO
:61:081230C000000000190,00NTRF000000408096//180007
PAGO
:61:081230C000000000200,00NTRF000000408148//180007
PAGO
:61:081230C000000003000,00NTRF000000408151//180007
PAGO
:61:081230C000000001100,00NTRF000000408199//180007
PAGO
:61:081230C000000000350,00NTRF000000408210//180007
PAGO
:61:081230C000000001000,00NTRF000000408317//180007
PAGO
:61:081230C000000005000,00NTRF000000408536//180007
PAGO
:62M:C081230VEF000012663712,20
-}{5:{CHK:1143FB20924B}}{S:{COP:S}}${1:F21VZCRVECAAXXX5410610696}{4:{177:0404021720}{451:0}}{1:F01VZCRVECAAXXX5410610696}{2:09501717040402VZCRVECAAXXX40812675430404021720N}{3:{108:SCONNECT}}{4:
:20:MI081230
:25:2222222222
:28C:0529/103
:60M:C081230VEF000012663712,20
:61:081230C000000000330,00NTRF000000408604//180007
PAGO
:61:081230C000000001000,00NTRF000000408716//180007
PAGO
:61:081230C000000003000,00NTRF000000408725//180007
PAGO
:61:081230C000000000120,00NTRF000000408760//180007
PAGO
:61:081230C000000000778,00NTRF000000408782//180007
PAGO
:61:081230C000000001098,00NTRF000000407329//180007
PAGO
:61:081230C000000005000,00NTRF000000407371//180007
PAGO
:61:081230C000000001000,00NTRF000000407372//180007
PAGO
:61:081230C000000011000,00NTRF000000407374//180007
PAGO
:62M:C081230VEF000012687038,20
-}{5:{CHK:1143FB20924B}}{S:{COP:S}}${1:F21VZCRVECAAXXX5410610696}{4:{177:0404021720}{451:0}}{1:F01VZCRVECAAXXX5410610696}{2:09501717040402VZCRVECAAXXX40812675430404021720N}{3:{108:SCONNECT}}{4:
:20:MI081230
:25:2222222222
:28C:0529/104
:60M:C081230VEF000012687038,20
:61:081230C000000002000,00NTRF000000407467//180007
PAGO
:61:081230C000000000640,00NTRF000000407563//180007
PAGO
:61:081230C000000000940,00NTRF000000407638//180007
PAGO
:61:081230C000000001650,00NTRF000000407653//180007
PAGO
:61:081230C000000000100,00NTRF000000407757//180007
PAGO
:61:081230C000000001250,00NTRF000000407821//180007
PAGO
:61:081230C000000001000,00NTRF000000407822//180007
PAGO
:61:081230C000000000500,00NTRF000000407880//180007
PAGO
:61:081230C000000000500,00NTRF000000407936//180007
PAGO
:62M:C081230VEF000012695618,20
-}{5:{CHK:1143FB20924B}}{S:{COP:S}}${1:F21VZCRVECAAXXX5410610696}{4:{177:0404021720}{451:0}}{1:F01VZCRVECAAXXX5410610696}{2:09501717040402VZCRVECAAXXX40812675430404021720N}{3:{108:SCONNECT}}{4:
:20:MI081230
:25:2222222222
:28C:0529/105
:60M:C081230VEF000012695618,20
:61:081230C000000000080,00NTRF000000406863//180007
PAGO
:61:081230C000000015000,00NTRF000000406886//180007
PAGO
:61:081230C000000000094,39NTRF000000406966//180007
PAGO
:61:081230C000000000100,00NTRF000000406976//180007
PAGO
:61:081230C000000004000,00NTRF000000407043//180007
PAGO
:61:081230C000000004200,00NTRF000000407044//180007
PAGO
:61:081230C000000064147,55NTRF000003288295//180007
PAGO
:61:081230C000000002142,95NTRF000003288299//180007
PAGO
:61:081230C000000043668,11NTRF000003288306//180007
PAGO
:62M:C081230VEF000012829051,20
-}{5:{CHK:1143FB20924B}}{S:{COP:S}}${1:F21VZCRVECAAXXX5410610696}{4:{177:0404021720}{451:0}}{1:F01VZCRVECAAXXX5410610696}{2:09501717040402VZCRVECAAXXX40812675430404021720N}{3:{108:SCONNECT}}{4:
:20:MI081230
:25:2222222222
:28C:0529/106
:60M:C081230VEF000012829051,20
:61:081230C000000005000,00NTRF000000407198//180007
PAGO
:61:081230C000000001000,00NTRF000000407217//180007
PAGO
:61:081230C000000000500,00NTRF000000407276//180007
PAGO
:61:081230C000000000600,00NTRF000000407307//180007
PAGO
:61:081230C000000000945,00NTRF000000406609//180007
PAGO
:61:081230C000000001800,00NTRF000000406637//180007
PAGO
:61:081230C000000001000,00NTRF000000406650//180007
PAGO
:61:081230C000000000119,47NTRF000000406659//180007
PAGO
:61:081230C000000001865,43NTRF000000406699//180007
PAGO
:62M:C081230VEF000012841881,10
-}{5:{CHK:1143FB20924B}}{S:{COP:S}}${1:F21VZCRVECAAXXX5410610696}{4:{177:0404021720}{451:0}}{1:F01VZCRVECAAXXX5410610696}{2:09501717040402VZCRVECAAXXX40812675430404021720N}{3:{108:SCONNECT}}{4:
:20:MI081230
:25:2222222222
:28C:0529/107
:60M:C081230VEF000012841881,10
:61:081230C000000001500,00NTRF000000406721//180007
PAGO
:61:081230C000000000500,00NTRF000000406814//180007
PAGO
:61:081230C000000007000,00NTRF000000406831//180007
PAGO
:61:081230C000000000200,00NTRF000000406832//180007
PAGO
:61:081230C000000004000,00NTRF000000406846//180007
PAGO
:61:081230C000000000300,00NTRF000000406852//180007
PAGO
:61:081230C000000001800,00NTRF000000406853//180007
PAGO
:61:081230C000000009000,00NTRF000000406855//180007
PAGO
:61:081230C000000002000,00NTRF000000406221//180007
PAGO
:62M:C081230VEF000012868181,10
-}{5:{CHK:1143FB20924B}}{S:{COP:S}}${1:F21VZCRVECAAXXX5410610696}{4:{177:0404021720}{451:0}}{1:F01VZCRVECAAXXX5410610696}{2:09501717040402VZCRVECAAXXX40812675430404021720N}{3:{108:SCONNECT}}{4:
:20:MI081230
:25:2222222222
:28C:0529/108
:60M:C081230VEF000012868181,10
:61:081230C000000001000,00NTRF000000406276//180007
PAGO
:61:081230C000000005000,00NTRF000000406296//180007
PAGO
:61:081230C000000003500,00NTRF000000406369//180007
PAGO
:61:081230C000000003450,00NTRF000000406416//180007
PAGO
:61:081230C000000020000,00NTRF000000406421//180007
PAGO
:61:081230C000000000800,00NTRF000000406460//180007
PAGO
:61:081230C000000000400,00NTRF000000406472//180007
PAGO
:61:081230C000000000350,00NTRF000002461471//180007
PAGO
:61:081230C000000001000,00NTRF000000406581//180007
PAGO
:62M:C081230VEF000012903681,10
-}{5:{CHK:1143FB20924B}}{S:{COP:S}}${1:F21VZCRVECAAXXX5410610696}{4:{177:0404021720}{451:0}}{1:F01VZCRVECAAXXX5410610696}{2:09501717040402VZCRVECAAXXX40812675430404021720N}{3:{108:SCONNECT}}{4:
:20:MI081230
:25:2222222222
:28C:0529/109
:60M:C081230VEF000012903681,10
:61:081230C000000000100,00NTRF000000412009//180007
PAGO
:61:081230C000000000600,00NTRF000000412033//180007
PAGO
:61:081230C000000000263,00NTRF000000412079//180007
PAGO
:61:081230C000000002100,00NTRF000000412082//180007
PAGO
:61:081230C000000000150,00NTRF000000412114//180007
PAGO
:61:081230C000000000500,00NTRF000000412173//180007
PAGO
:61:081230C000000000900,00NTRF000000412180//180007
PAGO
:61:081230C000000000850,00NTRF000000412196//180007
PAGO
:61:081230C000000000100,00NTRF000000412214//180007
PAGO
:62M:C081230VEF000012909244,10
-}{5:{CHK:1143FB20924B}}{S:{COP:S}}${1:F21VZCRVECAAXXX5410610696}{4:{177:0404021720}{451:0}}{1:F01VZCRVECAAXXX5410610696}{2:09501717040402VZCRVECAAXXX40812675430404021720N}{3:{108:SCONNECT}}{4:
:20:MI081230
:25:2222222222
:28C:0529/110
:60M:C081230VEF000012909244,10
:61:081230C000000010000,00NTRF000000412238//180007
PAGO
:61:081230C000000000500,00NTRF000000411423//180007
PAGO
:61:081230C000000003000,00NTRF000000411445//180007
PAGO
:61:081230C000000000819,82NTRF000000411498//180007
PAGO
:61:081230C000000015000,00NTRF000000411529//180007
PAGO
:61:081230C000000000329,23NTRF000027907853//180007
PAGO
:61:081230C000000001300,00NTRF000027909317//180007
PAGO
:61:081230C000000001500,00NTRF000027909491//180007
PAGO
:61:081230C000000000800,00NTRF000027909655//180007
PAGO
:62M:C081230VEF000012942493,15
-}{5:{CHK:1143FB20924B}}{S:{COP:S}}${1:F21VZCRVECAAXXX5410610696}{4:{177:0404021720}{451:0}}{1:F01VZCRVECAAXXX5410610696}{2:09501717040402VZCRVECAAXXX40812675430404021720N}{3:{108:SCONNECT}}{4:
:20:MI081230
:25:2222222222
:28C:0529/111
:60M:C081230VEF000012942493,15
:61:081230C000000000250,00NTRF000027907739//180007
PAGO
:61:081230C000000000790,00NTRF000027904912//180007
PAGO
:61:081230C000000010600,00NTRF000027901616//180007
PAGO
:61:081230C000000000500,00NTRF000027898507//180007
PAGO
:61:081230C000000000200,00NTRF000027901012//180007
PAGO
:61:081230C000000002000,00NTRF000027897681//180007
PAGO
:61:081230C000000000420,00NTRF000027896568//180007
PAGO
:61:081230C000000000100,00NTRF000027896165//180007
PAGO
:61:081230C000000000900,00NTRF000027903481//180007
PAGO
:62M:C081230VEF000012958253,15
-}{5:{CHK:1143FB20924B}}{S:{COP:S}}${1:F21VZCRVECAAXXX5410610696}{4:{177:0404021720}{451:0}}{1:F01VZCRVECAAXXX5410610696}{2:09501717040402VZCRVECAAXXX40812675430404021720N}{3:{108:SCONNECT}}{4:
:20:MI081230
:25:2222222222
:28C:0529/112
:60M:C081230VEF000012958253,15
:61:081230C000000002935,00NTRF000027896048//180007
PAGO
:61:081230C000000000150,00NTRF000027895916//180007
PAGO
:61:081230C000000000500,00NTRF000027894512//180007
PAGO
:61:081230C000000000800,00NTRF000027895010//180007
PAGO
:61:081230C000000000700,00NTRF000027876904//180007
PAGO
:61:081230C000000000300,00NTRF000027889391//180007
PAGO
:61:081230C000000000120,00NTRF000027889784//180007
PAGO
:61:081230C000000000085,00NTRF000027890432//180007
PAGO
:61:081230C000000002550,00NTRF000027883673//180007
PAGO
:62M:C081230VEF000012966393,15
-}{5:{CHK:1143FB20924B}}{S:{COP:S}}${1:F21VZCRVECAAXXX5410610696}{4:{177:0404021720}{451:0}}{1:F01VZCRVECAAXXX5410610696}{2:09501717040402VZCRVECAAXXX40812675430404021720N}{3:{108:SCONNECT}}{4:
:20:MI081230
:25:2222222222
:28C:0529/113
:60M:C081230VEF000012966393,15
:61:081230C000000001500,00NTRF000027884018//180007
PAGO
:61:081230C000000001000,00NTRF000027884199//180007
PAGO
:61:081230C000000000200,00NTRF000027884462//180007
PAGO
:61:081230C000000000060,00NTRF000027885019//180007
PAGO
:61:081230C000000018800,00NTRF000027885907//180007
PAGO
:61:081230C000000000500,00NTRF000027887145//180007
PAGO
:61:081230C000000001181,00NTRF000027887768//180007
PAGO
:61:081230C000000003485,00NTRF000027889309//180007
PAGO
:61:081230C000000000300,00NTRF000027893631//180007
PAGO
:62M:C081230VEF000012993419,15
-}{5:{CHK:1143FB20924B}}{S:{COP:S}}${1:F21VZCRVECAAXXX5410610696}{4:{177:0404021720}{451:0}}{1:F01VZCRVECAAXXX5410610696}{2:09501717040402VZCRVECAAXXX40812675430404021720N}{3:{108:SCONNECT}}{4:
:20:MI081230
:25:2222222222
:28C:0529/114
:60M:C081230VEF000012993419,15
:61:081230C000000003000,00NTRF000027879171//180007
PAGO
:61:081230C000000000750,00NTRF000027879960//180007
PAGO
:61:081230C000000025070,00NTRF000027879858//180007
PAGO
:61:081230C000000000160,00NTRF000027877519//180007
PAGO
:61:081230C000000020180,16NTRF000000000924//180007
PAGO
:61:081230C000000243966,27NTRF000000000927//180007
PAGO
:61:081230C000000016644,65NTRF000000000928//180007
PAGO
:61:081230C000000005000,00NTRF000000000859//180007
PAGO
:61:081230C000000024075,00NTRF000000000849//180007
PAGO
:62M:C081230VEF000013332265,23
-}{5:{CHK:1143FB20924B}}{S:{COP:S}}${1:F21VZCRVECAAXXX5410610696}{4:{177:0404021720}{451:0}}{1:F01VZCRVECAAXXX5410610696}{2:09501717040402VZCRVECAAXXX40812675430404021720N}{3:{108:SCONNECT}}{4:
:20:MI081230
:25:2222222222
:28C:0529/115
:60M:C081230VEF000013332265,23
:61:081230C000000002000,00NTRF000000000806//180007
PAGO
:61:081230C000000035690,26NTRF000000000794//180007
PAGO
:61:081230C000000129267,85NTRF000000000796//180007
PAGO
:61:081230C000000093583,59NTRF000000000797//180007
PAGO
:61:081230C000000003151,55NTRF000000000799//180007
PAGO
:61:081230C000000206805,91NTRF000000000800//180007
PAGO
:61:081230C000000122149,54NTRF000000000801//180007
PAGO
:61:081230C000000079164,89NTRF000000000802//180007
PAGO
:61:081230C000000002000,00NTRF000000000803//180007
PAGO
:62M:C081230VEF000014006078,82
-}{5:{CHK:1143FB20924B}}{S:{COP:S}}${1:F21VZCRVECAAXXX5410610696}{4:{177:0404021720}{451:0}}{1:F01VZCRVECAAXXX5410610696}{2:09501717040402VZCRVECAAXXX40812675430404021720N}{3:{108:SCONNECT}}{4:
:20:MI081230
:25:2222222222
:28C:0529/116
:60M:C081230VEF000014006078,82
:61:081230C000000031677,23NTRF000000000804//180007
PAGO
:61:081230C000000049814,51NTRF000000000805//180007
PAGO
:61:081230C000000253032,16NTRF000000000787//180007
PAGO
:61:081230C000000101708,78NTRF000000000789//180007
PAGO
:61:081230C000000201275,72NTRF000000000791//180007
PAGO
:61:081230C000001026073,59NTRF000000000792//180007
PAGO
:61:081230C000000004527,51NTRF000000001360//180007
PAGO
:61:081230C000000008280,00NTRF000000001032//180007
PAGO
:61:081230C000000187198,32NTRF000000001034//180007
PAGO
:62M:C081230VEF000015869666,64
-}{5:{CHK:1143FB20924B}}{S:{COP:S}}${1:F21VZCRVECAAXXX5410610696}{4:{177:0404021720}{451:0}}{1:F01VZCRVECAAXXX5410610696}{2:09501717040402VZCRVECAAXXX40812675430404021720N}{3:{108:SCONNECT}}{4:
:20:MI081230
:25:2222222222
:28C:0529/117
:60M:C081230VEF000015869666,64
:61:081230C000000013645,68NTRF000000000910//180007
PAGO
:61:081230C000000008307,20NTRF000000000911//180007
PAGO
:61:081230C000000002989,10NTRF000000000913//180007
PAGO
:61:081230C000000112003,00NTRF000000000914//180007
PAGO
:61:081230C000000601844,25NTRF000000000915//180007
PAGO
:61:081230C000000035018,10NTRF000000000916//180007
PAGO
:61:081230C000000034983,74NTRF000000000917//180007
PAGO
:61:081230C000000003541,36NTRF000000000918//180007
PAGO
:61:081230C000000052505,92NTRF000000000919//180007
PAGO
:62M:C081230VEF000016734504,99
-}{5:{CHK:1143FB20924B}}{S:{COP:S}}${1:F21VZCRVECAAXXX5410610696}{4:{177:0404021720}{451:0}}{1:F01VZCRVECAAXXX5410610696}{2:09501717040402VZCRVECAAXXX40812675430404021720N}{3:{108:SCONNECT}}{4:
:20:MI081230
:25:2222222222
:28C:0529/118
:60M:C081230VEF000016734504,99
:61:081230C000000111042,17NTRF000000000920//180007
PAGO
:61:081230C000000038306,25NTRF000000000921//180007
PAGO
:61:081230C000001203688,50NTRF000000000922//180007
PAGO
:61:081230C000000000156,80NTRF000000001189//180007
PAGO
:61:081230C000000192000,00NTRF000000001172//180007
PAGO
:61:081230C000000153784,90NTRF000000001050//180007
PAGO
:61:081230C000000035853,70NTRF000000001035//180007
PAGO
:61:081230C000000000208,98NTRF000000001020//180007
PAGO
:61:081230C000000184263,50NTRF000000001022//180007
PAGO
:62M:C081230VEF000018653809,79
-}{5:{CHK:1143FB20924B}}{S:{COP:S}}${1:F21VZCRVECAAXXX5410610696}{4:{177:0404021720}{451:0}}{1:F01VZCRVECAAXXX5410610696}{2:09501717040402VZCRVECAAXXX40812675430404021720N}{3:{108:SCONNECT}}{4:
:20:MI081230
:25:2222222222
:28C:0529/119
:60M:C081230VEF000018653809,79
:61:081230C000000000092,88NTRF000000001028//180007
PAGO
:61:081230C000000001960,56NTRF000000001029//180007
PAGO
:61:081230C000000000120,00NTRF000000627257//180007
PAGO
:61:081230C000000000840,00NTRF000000626799//180007
PAGO
:61:081230C000000000200,00NTRF000000634570//180007
PAGO
:61:081230C000000000500,00NTRF000000085733//180007
PAGO
:61:081230C000000004500,00NTRF000000085885//180007
PAGO
:61:081230C000000486398,31NTRF000000641408//180007
PAGO
:61:081230C000000020000,00NTRF000000421856//180007
PAGO
:62M:C081230VEF000019168421,54
-}{5:{CHK:1143FB20924B}}{S:{COP:S}}${1:F21VZCRVECAAXXX5410610696}{4:{177:0404021720}{451:0}}{1:F01VZCRVECAAXXX5410610696}{2:09501717040402VZCRVECAAXXX40812675430404021720N}{3:{108:SCONNECT}}{4:
:20:MI081230
:25:2222222222
:28C:0529/120
:60M:C081230VEF000019168421,54
:61:081230C000000000100,00NTRF000000421801//180007
PAGO
:61:081230C000000005000,00NTRF000000421789//180007
PAGO
:61:081230C000000008500,00NTRF000000421755//180007
PAGO
:61:081230C000000000900,00NTRF000000421348//180007
PAGO
:61:081230C000000001000,00NTRF000000421301//180007
PAGO
:61:081230C000000000700,00NTRF000000421203//180007
PAGO
:61:081230C000000003000,00NTRF000000421928//180007
PAGO
:61:081230C000000016850,00NTRF000000422132//180007
PAGO
:61:081230C000000003100,00NTRF000000422037//180007
PAGO
:62M:C081230VEF000019207571,54
-}{5:{CHK:1143FB20924B}}{S:{COP:S}}${1:F21VZCRVECAAXXX5410610696}{4:{177:0404021720}{451:0}}{1:F01VZCRVECAAXXX5410610696}{2:09501717040402VZCRVECAAXXX40812675430404021720N}{3:{108:SCONNECT}}{4:
:20:MI081230
:25:2222222222
:28C:0529/121
:60M:C081230VEF000019207571,54
:61:081230C000000000800,00NTRF000000422165//180007
PAGO
:61:081230C000000009524,77NTRF000000001084//180007
PAGO
:61:081230C000000012135,23NTRF000000001084//180007
PAGO
:61:081230C000000001596,37NTRF000000001086//180007
PAGO
:61:081230C000000001160,00NTRF000000420920//180007
PAGO
:61:081230C000000006028,28NTRF000000420957//180007
PAGO
:61:081230C000000036000,00NTRF000000420842//180007
PAGO
:61:081230C000000000207,00NTRF000000420805//180007
PAGO
:61:081230C000000000207,00NTRF000000420807//180007
PAGO
:62M:C081230VEF000019275230,19
-}{5:{CHK:1143FB20924B}}{S:{COP:S}}${1:F21VZCRVECAAXXX5410610696}{4:{177:0404021720}{451:0}}{1:F01VZCRVECAAXXX5410610696}{2:09501717040402VZCRVECAAXXX40812675430404021720N}{3:{108:SCONNECT}}{4:
:20:MI081230
:25:2222222222
:28C:0529/122
:60M:C081230VEF000019275230,19
:61:081230C000000000207,00NTRF000000420811//180007
PAGO
:61:081230C000000000207,00NTRF000000420792//180007
PAGO
:61:081230C000000002000,00NTRF000000420755//180007
PAGO
:61:081230C000000003150,00NTRF000000420766//180007
PAGO
:61:081230C000000004000,00NTRF000000420675//180007
PAGO
:61:081230C000000000262,00NTRF000000420678//180007
PAGO
:61:081230C000000012000,00NTRF000000418618//180007
PAGO
:61:081230C000000001000,00NTRF000000421094//180007
PAGO
:61:081230C000000000500,00NTRF000000293771//180007
PAGO
:62M:C081230VEF000019298556,19
-}{5:{CHK:1143FB20924B}}{S:{COP:S}}${1:F21VZCRVECAAXXX5410610696}{4:{177:0404021720}{451:0}}{1:F01VZCRVECAAXXX5410610696}{2:09501717040402VZCRVECAAXXX40812675430404021720N}{3:{108:SCONNECT}}{4:
:20:MI081230
:25:2222222222
:28C:0529/123
:60M:C081230VEF000019298556,19
:61:081230C000000000483,00NTRF000000294169//180007
PAGO
:61:081230C000000001000,00NTRF000000294285//180007
PAGO
:61:081230C000000000006,00NTRF000000293445//180007
PAGO
:61:081230C000000002000,00NTRF000000423039//180007
PAGO
:61:081230C000000001600,00NTRF000000422981//180007
PAGO
:61:081230C000000005000,00NTRF000000422789//180007
PAGO
:61:081230C000000000285,00NTRF000000422753//180007
PAGO
:61:081230C000000010000,00NTRF000000422727//180007
PAGO
:61:081230C000000004202,51NTRF000000422929//180007
PAGO
:62M:C081230VEF000019323132,70
-}{5:{CHK:1143FB20924B}}{S:{COP:S}}${1:F21VZCRVECAAXXX5410610696}{4:{177:0404021720}{451:0}}{1:F01VZCRVECAAXXX5410610696}{2:09501717040402VZCRVECAAXXX40812675430404021720N}{3:{108:SCONNECT}}{4:
:20:MI081230
:25:2222222222
:28C:0529/124
:60M:C081230VEF000019323132,70
:61:081230C000000000300,00NTRF000000422978//180007
PAGO
:61:081230C000000000400,00NTRF000000423033//180007
PAGO
:61:081230C000000000860,00NTRF000000294397//180007
PAGO
:61:081230C000000000300,00NTRF000000000000//180007
PAGO
:61:081230C000000000100,00NTRF000000000000//180007
PAGO
:61:081230C000000009000,00NTRF000000000000//180007
PAGO
:61:081230C000000000200,00NTRF000000000000//180007
PAGO
:61:081230C000000000200,00NTRF000000000000//180007
PAGO
:61:081230C000000000100,00NTRF000000000000//180007
PAGO
:62M:C081230VEF000019334592,70
-}{5:{CHK:1143FB20924B}}{S:{COP:S}}${1:F21VZCRVECAAXXX5410610696}{4:{177:0404021720}{451:0}}{1:F01VZCRVECAAXXX5410610696}{2:09501717040402VZCRVECAAXXX40812675430404021720N}{3:{108:SCONNECT}}{4:
:20:MI081230
:25:2222222222
:28C:0529/125
:60M:C081230VEF000019334592,70
:61:081230C000000000200,00NTRF000000000000//180007
PAGO
:61:081230C000000000200,00NTRF000000000000//180007
PAGO
:61:081230C000000011000,00NTRF000000000000//180007
PAGO
:61:081230C000000013150,00NTRF000000000000//180007
PAGO
:61:081230C000000013998,00NTRF000000000000//180007
PAGO
:61:081230C000000012800,00NTRF000000000000//180007
PAGO
:61:081230C000000007000,00NTRF000000000000//180007
PAGO
:61:081230C000000000200,00NTRF000000000000//180007
PAGO
:61:081230C000000000100,00NTRF000003748753//180007
PAGO
:62M:C081230VEF000019393240,70
-}{5:{CHK:1143FB20924B}}{S:{COP:S}}${1:F21VZCRVECAAXXX5410610696}{4:{177:0404021720}{451:0}}{1:F01VZCRVECAAXXX5410610696}{2:09501717040402VZCRVECAAXXX40812675430404021720N}{3:{108:SCONNECT}}{4:
:20:MI081230
:25:2222222222
:28C:0529/126
:60M:C081230VEF000019393240,70
:61:081230C000000000120,00NTRF000032425002//180007
PAGO
:61:081230C000000000149,54NTRF000084519971//180007
PAGO
:61:081230C000000000180,00NTRF000084524974//180007
PAGO
:61:081230C000000001500,00NTRF000084526260//180007
PAGO
:61:081230C000000000062,00NTRF000084540186//180007
PAGO
:61:081230C000000000907,00NTRF000084528032//180007
PAGO
:61:081230C000000000100,00NTRF000084510871//180007
PAGO
:61:081230C000000004700,00NTRF000084501336//180007
PAGO
:61:081230C000000000200,00NTRF000084497394//180007
PAGO
:62M:C081230VEF000019401159,24
-}{5:{CHK:1143FB20924B}}{S:{COP:S}}${1:F21VZCRVECAAXXX5410610696}{4:{177:0404021720}{451:0}}{1:F01VZCRVECAAXXX5410610696}{2:09501717040402VZCRVECAAXXX40812675430404021720N}{3:{108:SCONNECT}}{4:
:20:MI081230
:25:2222222222
:28C:0529/127
:60M:C081230VEF000019401159,24
:61:081230C000000001000,00NTRF000084535695//180007
PAGO
:61:081230C000000000941,43NTRF000084535861//180007
PAGO
:61:081230C000000002427,05NTRF000084535883//180007
PAGO
:61:081230C000000002801,65NTRF000084536104//180007
PAGO
:61:081230C000000000200,00NTRF000084536863//180007
PAGO
:61:081230C000000000200,00NTRF000084538042//180007
PAGO
:61:081230C000000001000,00NTRF000084527730//180007
PAGO
:61:081230C000000000002,00NTRF000084506601//180007
PAGO
:61:081230C000000000850,00NTRF000084509025//180007
PAGO
:62M:C081230VEF000019410581,37
-}{5:{CHK:1143FB20924B}}{S:{COP:S}}${1:F21VZCRVECAAXXX5410610696}{4:{177:0404021720}{451:0}}{1:F01VZCRVECAAXXX5410610696}{2:09501717040402VZCRVECAAXXX40812675430404021720N}{3:{108:SCONNECT}}{4:
:20:MI081230
:25:2222222222
:28C:0529/128
:60M:C081230VEF000019410581,37
:61:081230C000000000034,00NTRF000084509294//180007
PAGO
:61:081230C000000004183,00NTRF000084510355//180007
PAGO
:61:081230C000000000400,00NTRF000084510580//180007
PAGO
:61:081230C000000180000,00NTRF000084514953//180007
PAGO
:61:081230C000000001700,00NTRF000084515572//180007
PAGO
:61:081230C000000000350,00NTRF000084515815//180007
PAGO
:61:081230C000000001370,00NTRF000084516110//180007
PAGO
:61:081230C000000000390,00NTRF000084516342//180007
PAGO
:61:081230C000000002000,00NTRF000084490265//180007
PAGO
:62M:C081230VEF000019601008,37
-}{5:{CHK:1143FB20924B}}{S:{COP:S}}${1:F21VZCRVECAAXXX5410610696}{4:{177:0404021720}{451:0}}{1:F01VZCRVECAAXXX5410610696}{2:09501717040402VZCRVECAAXXX40812675430404021720N}{3:{108:SCONNECT}}{4:
:20:MI081230
:25:2222222222
:28C:0529/129
:60M:C081230VEF000019601008,37
:61:081230C000000000800,00NTRF000084490420//180007
PAGO
:61:081230C000000004000,00NTRF000084490545//180007
PAGO
:61:081230C000000002500,00NTRF000084490954//180007
PAGO
:61:081230C000000002000,00NTRF000084494966//180007
PAGO
:61:081230C000008000000,00NTRF000084495563//180007
PAGO
:61:081230C000000000500,00NTRF000084497195//180007
PAGO
:61:081230C000000002000,00NTRF000084497232//180007
PAGO
:61:081230C000000005000,00NTRF000084498131//180007
PAGO
:61:081230C000000000750,00NTRF000084498536//180007
PAGO
:62M:C081230VEF000027618558,37
-}{5:{CHK:1143FB20924B}}{S:{COP:S}}${1:F21VZCRVECAAXXX5410610696}{4:{177:0404021720}{451:0}}{1:F01VZCRVECAAXXX5410610696}{2:09501717040402VZCRVECAAXXX40812675430404021720N}{3:{108:SCONNECT}}{4:
:20:MI081230
:25:2222222222
:28C:0529/130
:60M:C081230VEF000027618558,37
:61:081230C000000000110,00NTRF000084498934//180007
PAGO
:61:081230C000000001900,00NTRF000084501793//180007
PAGO
:61:081230C000000000100,00NTRF000084503285//180007
PAGO
:61:081230C000000000500,00NTRF000084524694//180007
PAGO
:61:081230C000000001300,00NTRF000084525280//180007
PAGO
:61:081230C000000002000,00NTRF000084525895//180007
PAGO
:61:081230C000000002000,00NTRF000084525932//180007
PAGO
:61:081230C000000001500,00NTRF000084526470//180007
PAGO
:61:081230C000000000200,00NTRF000084526680//180007
PAGO
:62M:C081230VEF000027628168,37
-}{5:{CHK:1143FB20924B}}{S:{COP:S}}${1:F21VZCRVECAAXXX5410610696}{4:{177:0404021720}{451:0}}{1:F01VZCRVECAAXXX5410610696}{2:09501717040402VZCRVECAAXXX40812675430404021720N}{3:{108:SCONNECT}}{4:
:20:MI081230
:25:2222222222
:28C:0529/131
:60M:C081230VEF000027628168,37
:61:081230C000000000001,00NTRF000084504755//180007
PAGO
:61:081230C000000001200,00NTRF000084505750//180007
PAGO
:61:081230C000000003000,00NTRF000084506354//180007
PAGO
:61:081230C000000001000,00NTRF000084482683//180007
PAGO
:61:081230C000000002100,00NTRF000084482764//180007
PAGO
:61:081230C000000000350,00NTRF000084534660//180007
PAGO
:61:081230C000000005509,48NTRF000084534811//180007
PAGO
:61:081230C000000000250,00NTRF000084516552//180007
PAGO
:61:081230C000000000660,00NTRF000084518184//180007
PAGO
:62M:C081230VEF000027642238,85
-}{5:{CHK:1143FB20924B}}{S:{COP:S}}${1:F21VZCRVECAAXXX5410610696}{4:{177:0404021720}{451:0}}{1:F01VZCRVECAAXXX5410610696}{2:09501717040402VZCRVECAAXXX40812675430404021720N}{3:{108:SCONNECT}}{4:
:20:MI081230
:25:2222222222
:28C:0529/132
:60M:C081230VEF000027642238,85
:61:081230C000000000529,00NTRF000084518781//180007
PAGO
:61:081230C000000004073,35NTRF000084519131//180007
PAGO
:61:081230C000000005000,00NTRF000084519890//180007
PAGO
:61:081230C000000001200,00NTRF000084521183//180007
PAGO
:61:081230C000000003000,00NTRF000084522524//180007
PAGO
:61:081230C000000000750,00NTRF000084530213//180007
PAGO
:61:081230C000000001500,00NTRF000084530401//180007
PAGO
:61:081230C000000002000,00NTRF000084532291//180007
PAGO
:61:081230C000000000100,00NTRF000084532420//180007
PAGO
:62M:C081230VEF000027660391,20
-}{5:{CHK:1143FB20924B}}{S:{COP:S}}${1:F21VZCRVECAAXXX5410610696}{4:{177:0404021720}{451:0}}{1:F01VZCRVECAAXXX5410610696}{2:09501717040402VZCRVECAAXXX40812675430404021720N}{3:{108:SCONNECT}}{4:
:20:MI081230
:25:2222222222
:28C:0529/133
:60M:C081230VEF000027660391,20
:61:081230C000000002005,90NTRF000084533680//180007
PAGO
:61:081230C000000005000,00NTRF000084533842//180007
PAGO
:61:081230C000000000315,00NTRF000084533901//180007
PAGO
:61:081230C000000000606,21NTRF000084534063//180007
PAGO
:61:081230C000000001341,63NTRF000084534516//180007
PAGO
:61:081230C000000002000,00NTRF000084529712//180007
PAGO
:61:081230C000000000050,00NTRF000084539976//180007
PAGO
:61:081230C000000003200,00NTRF000084537563//180007
PAGO
:61:081230C000000000430,74NTRF000084536292//180007
PAGO
:62M:C081230VEF000027675340,68
-}{5:{CHK:1143FB20924B}}{S:{COP:S}}${1:F21VZCRVECAAXXX5410610696}{4:{177:0404021720}{451:0}}{1:F01VZCRVECAAXXX5410610696}{2:09501717040402VZCRVECAAXXX40812675430404021720N}{3:{108:SCONNECT}}{4:
:20:MI081230
:25:2222222222
:28C:0529/134
:60M:C081230VEF000027675340,68
:61:081230C000000001592,84NTRF000084536034//180007
PAGO
:61:081230C000000007000,00NTRF000084535356//180007
PAGO
:61:081230C000000002665,59NTRF000084535242//180007
PAGO
:61:081230C000000002826,77NTRF000084535172//180007
PAGO
:61:081230C000000000100,00NTRF000084542662//180007
PAGO
:61:081230C000000012000,00NTRF000000098621//180007
PAGO
:61:081230C000000001570,00NTRF000000098593//180007
PAGO
:61:081230C000000000343,34NTRF000000098525//180007
PAGO
:61:081230C000000000200,00NTRF000000108668//180007
PAGO
:62M:C081230VEF000027703639,22
-}{5:{CHK:1143FB20924B}}{S:{COP:S}}${1:F21VZCRVECAAXXX5410610696}{4:{177:0404021720}{451:0}}{1:F01VZCRVECAAXXX5410610696}{2:09501717040402VZCRVECAAXXX40812675430404021720N}{3:{108:SCONNECT}}{4:
:20:MI081230
:25:2222222222
:28C:0529/135
:60M:C081230VEF000027703639,22
:61:081230C000000000632,00NTRF000000108503//180007
PAGO
:61:081230C000000000427,00NTRF000000108507//180007
PAGO
:61:081230C000000004445,00NTRF000000108380//180007
PAGO
:61:081230C000000007500,00NTRF000000108359//180007
PAGO
:61:081230C000000001000,00NTRF000000108205//180007
PAGO
:61:081230C000000000135,77NTRF000000108181//180007
PAGO
:61:081230C000000006000,00NTRF000000108076//180007
PAGO
:61:081230C000000002700,00NTRF000000108062//180007
PAGO
:61:081230C000000000200,00NTRF000000100295//180007
PAGO
:62M:C081230VEF000027726678,99
-}{5:{CHK:1143FB20924B}}{S:{COP:S}}${1:F21VZCRVECAAXXX5410610696}{4:{177:0404021720}{451:0}}{1:F01VZCRVECAAXXX5410610696}{2:09501717040402VZCRVECAAXXX40812675430404021720N}{3:{108:SCONNECT}}{4:
:20:MI081230
:25:2222222222
:28C:0529/136
:60M:C081230VEF000027726678,99
:61:081230C000000005719,85NTRF000000100252//180007
PAGO
:61:081230C000000020783,72NTRF000000100243//180007
PAGO
:61:081230C000000000280,00NTRF000000100142//180007
PAGO
:61:081230C000000000200,00NTRF000000100143//180007
PAGO
:61:081230C000000000300,00NTRF000000100137//180007
PAGO
:61:081230C000000002000,00NTRF000000100055//180007
PAGO
:61:081230C000000000250,00NTRF000000099944//180007
PAGO
:61:081230C000000001897,00NTRF000000099898//180007
PAGO
:61:081230C000000006652,51NTRF000000099899//180007
PAGO
:62M:C081230VEF000027764762,07
-}{5:{CHK:1143FB20924B}}{S:{COP:S}}${1:F21VZCRVECAAXXX5410610696}{4:{177:0404021720}{451:0}}{1:F01VZCRVECAAXXX5410610696}{2:09501717040402VZCRVECAAXXX40812675430404021720N}{3:{108:SCONNECT}}{4:
:20:MI081230
:25:2222222222
:28C:0529/137
:60M:C081230VEF000027764762,07
:61:081230C000000000100,00NTRF000000099892//180007
PAGO
:61:081230C000000003000,00NTRF000000099860//180007
PAGO
:61:081230C000000000308,00NTRF000000099861//180007
PAGO
:61:081230C000000000100,00NTRF000000099803//180007
PAGO
:61:081230C000000003000,00NTRF000000099731//180007
PAGO
:61:081230C000000003000,00NTRF000000099719//180007
PAGO
:61:081230C000000008000,00NTRF000000099548//180007
PAGO
:61:081230C000000000700,00NTRF000000099521//180007
PAGO
:61:081230C000000003500,00NTRF000000099496//180007
PAGO
:62M:C081230VEF000027786470,07
-}{5:{CHK:1143FB20924B}}{S:{COP:S}}${1:F21VZCRVECAAXXX5410610696}{4:{177:0404021720}{451:0}}{1:F01VZCRVECAAXXX5410610696}{2:09501717040402VZCRVECAAXXX40812675430404021720N}{3:{108:SCONNECT}}{4:
:20:MI081230
:25:2222222222
:28C:0529/138
:60M:C081230VEF000027786470,07
:61:081230C000000004000,00NTRF000000099450//180007
PAGO
:61:081230C000000000200,00NTRF000000099355//180007
PAGO
:61:081230C000000000280,00NTRF000000099327//180007
PAGO
:61:081230C000000000882,00NTRF000000099315//180007
PAGO
:61:081230C000000000780,00NTRF000000099317//180007
PAGO
:61:081230C000000000050,00NTRF000000099248//180007
PAGO
:61:081230C000000000588,00NTRF000000099156//180007
PAGO
:61:081230C000000000230,00NTRF000000099089//180007
PAGO
:61:081230C000000000300,00NTRF000000099098//180007
PAGO
:62M:C081230VEF000027793780,07
-}{5:{CHK:1143FB20924B}}{S:{COP:S}}${1:F21VZCRVECAAXXX5410610696}{4:{177:0404021720}{451:0}}{1:F01VZCRVECAAXXX5410610696}{2:09501717040402VZCRVECAAXXX40812675430404021720N}{3:{108:SCONNECT}}{4:
:20:MI081230
:25:2222222222
:28C:0529/139
:60M:C081230VEF000027793780,07
:61:081230C000000000500,00NTRF000000098946//180007
PAGO
:61:081230C000000000380,00NTRF000000098903//180007
PAGO
:61:081230C000000003700,00NTRF000000098767//180007
PAGO
:61:081230C000000004668,33NTRF000000098646//180007
PAGO
:61:081230C000000005000,00NTRF000000000000//180007
PAGO
:61:081230C000000000400,00NTRF000000000000//180007
PAGO
:61:081230C000000000750,00NTRF000000031552//180007
PAGO
:61:081230C000000000470,00NTRF000027926524//180007
PAGO
:61:081230C000000000782,00NTRF000027926409//180007
PAGO
:62M:C081230VEF000027810430,40
-}{5:{CHK:1143FB20924B}}{S:{COP:S}}${1:F21VZCRVECAAXXX5410610696}{4:{177:0404021720}{451:0}}{1:F01VZCRVECAAXXX5410610696}{2:09501717040402VZCRVECAAXXX40812675430404021720N}{3:{108:SCONNECT}}{4:
:20:MI081230
:25:2222222222
:28C:0529/140
:60M:C081230VEF000027810430,40
:61:081230C000000004000,00NTRF000000885684//180007
PAGO
:61:081230C000000008254,00NTRF000000883593//180007
PAGO
:61:081230C000000030000,00NTRF000000884461//180007
PAGO
:61:081230C000000000098,33NTRF000000001570//180007
PAGO
:61:081230C000000000200,00NTRF000000001468//180007
PAGO
:61:081230C000000000684,00NTRF000000001426//180007
PAGO
:61:081230C000000003000,00NTRF000000001418//180007
PAGO
:61:081230C000000000500,00NTRF000000001390//180007
PAGO
:61:081230C000000055000,00NTRF000000001392//180007
PAGO
:62M:C081230VEF000027912166,73
-}{5:{CHK:1143FB20924B}}{S:{COP:S}}${1:F21VZCRVECAAXXX5410610696}{4:{177:0404021720}{451:0}}{1:F01VZCRVECAAXXX5410610696}{2:09501717040402VZCRVECAAXXX40812675430404021720N}{3:{108:SCONNECT}}{4:
:20:MI081230
:25:2222222222
:28C:0529/141
:60M:C081230VEF000027912166,73
:61:081230C000000000300,00NTRF000000001353//180007
PAGO
:61:081230C000000001500,00NTRF000000001359//180007
PAGO
:61:081230C000000000600,00NTRF000000001290//180007
PAGO
:61:081230C000000002000,00NTRF000000001145//180007
PAGO
:61:081230C000000080700,70NTRF000000001088//180007
PAGO
:61:081230C000000002310,85NTRF000000001077//180007
PAGO
:61:081230C000000008766,15NTRF000000001072//180007
PAGO
:61:081230C000000067142,61NTRF000000001055//180007
PAGO
:61:081230C000000003956,33NTRF000000001827//180007
PAGO
:62M:C081230VEF000028079443,37
-}{5:{CHK:1143FB20924B}}{S:{COP:S}}${1:F21VZCRVECAAXXX5410610696}{4:{177:0404021720}{451:0}}{1:F01VZCRVECAAXXX5410610696}{2:09501717040402VZCRVECAAXXX40812675430404021720N}{3:{108:SCONNECT}}{4:
:20:MI081230
:25:2222222222
:28C:0529/142
:60M:C081230VEF000028079443,37
:61:081230C000000001500,00NTRF000000088648//180007
PAGO
:61:081230C000000002500,00NTRF000000088566//180007
PAGO
:61:081230C000000000500,00NTRF000000089595//180007
PAGO
:61:081230C000000000150,00NTRF000000089520//180007
PAGO
:61:081230C000000001500,00NTRF000000089448//180007
PAGO
:61:081230C000000004000,00NTRF000000089411//180007
PAGO
:61:081230C000000000060,00NTRF000000088951//180007
PAGO
:61:081230C000000000500,00NTRF000000088935//180007
PAGO
:61:081230C000000000600,00NTRF000000088897//180007
PAGO
:62M:C081230VEF000028090753,37
-}{5:{CHK:1143FB20924B}}{S:{COP:S}}${1:F21VZCRVECAAXXX5410610696}{4:{177:0404021720}{451:0}}{1:F01VZCRVECAAXXX5410610696}{2:09501717040402VZCRVECAAXXX40812675430404021720N}{3:{108:SCONNECT}}{4:
:20:MI081230
:25:2222222222
:28C:0529/143
:60M:C081230VEF000028090753,37
:61:081230C000000000800,00NTRF000000088872//180007
PAGO
:61:081230C000000000550,00NTRF000000088087//180007
PAGO
:61:081230C000000000500,00NTRF000000088089//180007
PAGO
:61:081230C000000000400,00NTRF000000087969//180007
PAGO
:61:081230C000000000800,00NTRF000000088854//180007
PAGO
:61:081230C000000001000,00NTRF000000088801//180007
PAGO
:61:081230C000000002400,00NTRF000000088521//180007
PAGO
:61:081230C000000000600,00NTRF000000088531//180007
PAGO
:61:081230C000000000060,00NTRF000000088512//180007
PAGO
:62M:C081230VEF000028097863,37
-}{5:{CHK:1143FB20924B}}{S:{COP:S}}${1:F21VZCRVECAAXXX5410610696}{4:{177:0404021720}{451:0}}{1:F01VZCRVECAAXXX5410610696}{2:09501717040402VZCRVECAAXXX40812675430404021720N}{3:{108:SCONNECT}}{4:
:20:MI081230
:25:2222222222
:28C:0529/144
:60M:C081230VEF000028097863,37
:61:081230C000000001000,00NTRF000000088482//180007
PAGO
:61:081230C000000002000,00NTRF000000088427//180007
PAGO
:61:081230C000000000500,00NTRF000000088308//180007
PAGO
:61:081230C000000000860,00NTRF000000088222//180007
PAGO
:61:081230C000000000285,00NTRF000000087958//180007
PAGO
:61:081230C000000000880,00NTRF000057123940//180007
PAGO
:61:081230C000000000600,00NTRF000057010238//180007
PAGO
:61:081230C000000000300,00NTRF000057131457//180007
PAGO
:61:081230C000000000300,00NTRF000057059467//180007
PAGO
:62M:C081230VEF000028104588,37
-}{5:{CHK:1143FB20924B}}{S:{COP:S}}${1:F21VZCRVECAAXXX5410610696}{4:{177:0404021720}{451:0}}{1:F01VZCRVECAAXXX5410610696}{2:09501717040402VZCRVECAAXXX40812675430404021720N}{3:{108:SCONNECT}}{4:
:20:MI081230
:25:2222222222
:28C:0529/145
:60M:C081230VEF000028104588,37
:61:081230C000000000500,00NTRF000057100965//180007
PAGO
:61:081230C000000000676,51NTRF000057115794//180007
PAGO
:61:081230C000000003500,00NTRF000057051280//180007
PAGO
:61:081230C000000001450,00NTRF000057077680//180007
PAGO
:61:081230C000000000200,00NTRF000056998404//180007
PAGO
:61:081230C000000000900,00NTRF000057143597//180007
PAGO
:61:081230C000000000600,00NTRF000000540218//180007
PAGO
:61:081230C000000000471,20NTRF000000000000//180007
PAGO
:61:081230C000000001601,00NTRF000000561522//180007
PAGO
:62M:C081230VEF000028114487,08
-}{5:{CHK:1143FB20924B}}{S:{COP:S}}${1:F21VZCRVECAAXXX5410610696}{4:{177:0404021720}{451:0}}{1:F01VZCRVECAAXXX5410610696}{2:09501717040402VZCRVECAAXXX40812675430404021720N}{3:{108:SCONNECT}}{4:
:20:MI081230
:25:2222222222
:28C:0529/146
:60M:C081230VEF000028114487,08
:61:081230C000000000600,00NTRF000000561492//180007
PAGO
:61:081230C000000001000,00NTRF000000561837//180007
PAGO
:61:081230C000000005000,00NTRF000000562140//180007
PAGO
:61:081230C000000003200,00NTRF000000125186//180007
PAGO
:61:081230C000000000100,00NTRF000000125062//180007
PAGO
:61:081230C000000003800,00NTRF000000125002//180007
PAGO
:61:081230C000000001800,00NTRF000000124981//180007
PAGO
:61:081230C000000001200,00NTRF000000124837//180007
PAGO
:61:081230C000000000050,00NTRF000000124849//180007
PAGO
:62M:C081230VEF000028131237,08
-}{5:{CHK:1143FB20924B}}{S:{COP:S}}${1:F21VZCRVECAAXXX5410610696}{4:{177:0404021720}{451:0}}{1:F01VZCRVECAAXXX5410610696}{2:09501717040402VZCRVECAAXXX40812675430404021720N}{3:{108:SCONNECT}}{4:
:20:MI081230
:25:2222222222
:28C:0529/147
:60M:C081230VEF000028131237,08
:61:081230C000000001000,00NTRF000000124810//180007
PAGO
:61:081230C000000001000,00NTRF000000125478//180007
PAGO
:61:081230C000000005000,00NTRF000024915168//180007
PAGO
:61:081230C000000002000,00NTRF000087007638//180007
PAGO
:61:081230C000000070000,00NTRF000003160111//180007
PAGO
:61:081230C000000000630,00NTRF000003156942//180007
PAGO
:61:081230C000000000300,00NTRF000003166021//180007
PAGO
:61:081230C000000000200,00NTRF000050070336//180007
PAGO
:61:081230C000000000400,00NTRF000050070335//180007
PAGO
:62M:C081230VEF000028211767,08
-}{5:{CHK:1143FB20924B}}{S:{COP:S}}${1:F21VZCRVECAAXXX5410610696}{4:{177:0404021720}{451:0}}{1:F01VZCRVECAAXXX5410610696}{2:09501717040402VZCRVECAAXXX40812675430404021720N}{3:{108:SCONNECT}}{4:
:20:MI081230
:25:2222222222
:28C:0529/148
:60M:C081230VEF000028211767,08
:61:081230C000000005000,00NTRF000000031324//180007
PAGO
:61:081230C000000003500,00NTRF000000031385//180007
PAGO
:61:081230C000000000600,00NTRF000000031407//180007
PAGO
:61:081230C000000000400,00NTRF000000031304//180007
PAGO
:61:081230C000000000500,00NTRF000000031312//180007
PAGO
:61:081230C000000000500,00NTRF000000031303//180007
PAGO
:61:081230C000000000071,00NTRF000000031453//180007
PAGO
:61:081230C000000001000,00NTRF000000000000//180007
PAGO
:61:081230C000000000500,00NTRF000000000000//180007
PAGO
:62M:C081230VEF000028223838,08
-}{5:{CHK:1143FB20924B}}{S:{COP:S}}${1:F21VZCRVECAAXXX5410610696}{4:{177:0404021720}{451:0}}{1:F01VZCRVECAAXXX5410610696}{2:09501717040402VZCRVECAAXXX40812675430404021720N}{3:{108:SCONNECT}}{4:
:20:MI081230
:25:2222222222
:28C:0529/149
:60M:C081230VEF000028223838,08
:61:081230C000000005000,00NTRF000000000003//180007
PAGO
:61:081230C000000000290,15NTRF000000000000//180007
PAGO
:61:081230C000000000381,23NTRF000030122008//180007
PAGO
:61:081230C000000001600,00NTRF000000000000//180007
PAGO
:61:081230C000000002100,00NTRF000000000000//180007
PAGO
:61:081230C000000000400,00NTRF000027925404//180007
PAGO
:61:081230C000000008400,00NTRF000027923615//180007
PAGO
:61:081230C000000000600,00NTRF000027923767//180007
PAGO
:61:081230C000000001650,00NTRF000027923784//180007
PAGO
:62M:C081230VEF000028244259,46
-}{5:{CHK:1143FB20924B}}{S:{COP:S}}${1:F21VZCRVECAAXXX5410610696}{4:{177:0404021720}{451:0}}{1:F01VZCRVECAAXXX5410610696}{2:09501717040402VZCRVECAAXXX40812675430404021720N}{3:{108:SCONNECT}}{4:
:20:MI081230
:25:2222222222
:28C:0529/150
:60M:C081230VEF000028244259,46
:61:081230C000000001920,00NTRF000027924161//180007
PAGO
:61:081230C000000000150,00NTRF000027924185//180007
PAGO
:61:081230C000000001000,00NTRF000027924457//180007
PAGO
:61:081230C000000000280,00NTRF000027924920//180007
PAGO
:61:081230C000000005000,00NTRF000027925047//180007
PAGO
:61:081230C000000000300,00NTRF000027925103//180007
PAGO
:61:081230C000000000320,00NTRF000027921985//180007
PAGO
:61:081230C000000001500,00NTRF000027921793//180007
PAGO
:61:081230C000000000200,00NTRF000027921551//180007
PAGO
:62M:C081230VEF000028254929,46
-}{5:{CHK:1143FB20924B}}{S:{COP:S}}${1:F21VZCRVECAAXXX5410610696}{4:{177:0404021720}{451:0}}{1:F01VZCRVECAAXXX5410610696}{2:09501717040402VZCRVECAAXXX40812675430404021720N}{3:{108:SCONNECT}}{4:
:20:MI081230
:25:2222222222
:28C:0529/151
:60M:C081230VEF000028254929,46
:61:081230C000000000630,00NTRF000000425188//180007
PAGO
:61:081230C000000000600,00NTRF000000425223//180007
PAGO
:61:081230C000000000200,00NTRF000000425235//180007
PAGO
:61:081230C000000000050,00NTRF000000425425//180007
PAGO
:61:081230C000000000110,00NTRF000000425447//180007
PAGO
:61:081230C000000003000,00NTRF000000424514//180007
PAGO
:61:081230C000000002000,00NTRF000000424249//180007
PAGO
:61:081230C000000001250,00NTRF000000424307//180007
PAGO
:61:081230C000000001000,00NTRF000000424362//180007
PAGO
:62M:C081230VEF000028263769,46
-}{5:{CHK:1143FB20924B}}{S:{COP:S}}${1:F21VZCRVECAAXXX5410610696}{4:{177:0404021720}{451:0}}{1:F01VZCRVECAAXXX5410610696}{2:09501717040402VZCRVECAAXXX40812675430404021720N}{3:{108:SCONNECT}}{4:
:20:MI081230
:25:2222222222
:28C:0529/152
:60M:C081230VEF000028263769,46
:61:081230C000000000700,00NTRF000000424459//180007
PAGO
:61:081230C000000000030,00NTRF000000424502//180007
PAGO
:61:081230C000000002000,00NTRF000000424510//180007
PAGO
:61:081230C000000000225,00NTRF000000423599//180007
PAGO
:61:081230C000000000100,00NTRF000000423640//180007
PAGO
:61:081230C000000005000,00NTRF000000424052//180007
PAGO
:61:081230C000000001000,00NTRF000000424059//180007
PAGO
:61:081230C000000000150,00NTRF000000422796//180007
PAGO
:61:081230C000000002000,00NTRF000000422844//180007
PAGO
:62M:C081230VEF000028274974,46
-}{5:{CHK:1143FB20924B}}{S:{COP:S}}${1:F21VZCRVECAAXXX5410610696}{4:{177:0404021720}{451:0}}{1:F01VZCRVECAAXXX5410610696}{2:09501717040402VZCRVECAAXXX40812675430404021720N}{3:{108:SCONNECT}}{4:
:20:MI081230
:25:2222222222
:28C:0529/153
:60M:C081230VEF000028274974,46
:61:081230C000000000100,00NTRF000000422873//180007
PAGO
:61:081230C000000000208,00NTRF000000423035//180007
PAGO
:61:081230C000000000300,00NTRF000000423042//180007
PAGO
:61:081230C000000002000,00NTRF000000423070//180007
PAGO
:61:081230C000000000600,00NTRF000000411012//180007
PAGO
:61:081230C000000001350,00NTRF000000411899//180007
PAGO
:61:081230C000000000300,00NTRF000000415836//180007
PAGO
:61:081230C000000025000,00NTRF000000422405//180007
PAGO
:61:081230C000000001600,00NTRF000000422487//180007
PAGO
:62M:C081230VEF000028306432,46
-}{5:{CHK:1143FB20924B}}{S:{COP:S}}${1:F21VZCRVECAAXXX5410610696}{4:{177:0404021720}{451:0}}{1:F01VZCRVECAAXXX5410610696}{2:09501717040402VZCRVECAAXXX40812675430404021720N}{3:{108:SCONNECT}}{4:
:20:MI081230
:25:2222222222
:28C:0529/154
:60M:C081230VEF000028306432,46
:61:081230C000000000750,00NTRF000000422492//180007
PAGO
:61:081230C000000000200,00NTRF000000422533//180007
PAGO
:61:081230C000000002000,00NTRF000000422535//180007
PAGO
:61:081230C000000000600,00NTRF000000422573//180007
PAGO
:61:081230C000000000400,00NTRF000000422598//180007
PAGO
:61:081230C000000002000,00NTRF000000422742//180007
PAGO
:61:081230C000000000150,00NTRF000000423107//180007
PAGO
:61:081230C000000000820,00NTRF000000423284//180007
PAGO
:61:081230C000000000400,00NTRF000000423427//180007
PAGO
:62M:C081230VEF000028313752,46
-}{5:{CHK:1143FB20924B}}{S:{COP:S}}${1:F21VZCRVECAAXXX5410610696}{4:{177:0404021720}{451:0}}{1:F01VZCRVECAAXXX5410610696}{2:09501717040402VZCRVECAAXXX40812675430404021720N}{3:{108:SCONNECT}}{4:
:20:MI081230
:25:2222222222
:28C:0529/155
:60M:C081230VEF000028313752,46
:61:081230C000000000120,00NTRF000000423445//180007
PAGO
:61:081230C000000001600,00NTRF000000423447//180007
PAGO
:61:081230C000000003000,00NTRF000000423465//180007
PAGO
:61:081230C000000002000,00NTRF000000423558//180007
PAGO
:61:081230C000000001750,00NTRF000000408382//180007
PAGO
:61:081230C000000005000,00NTRF000000408812//180007
PAGO
:61:081230C000000001500,00NTRF000000423778//180007
PAGO
:61:081230C000000001000,00NTRF000000423799//180007
PAGO
:61:081230C000000000500,00NTRF000000423872//180007
PAGO
:62M:C081230VEF000028330222,46
-}{5:{CHK:1143FB20924B}}{S:{COP:S}}${1:F21VZCRVECAAXXX5410610696}{4:{177:0404021720}{451:0}}{1:F01VZCRVECAAXXX5410610696}{2:09501717040402VZCRVECAAXXX40812675430404021720N}{3:{108:SCONNECT}}{4:
:20:MI081230
:25:2222222222
:28C:0529/156
:60M:C081230VEF000028330222,46
:61:081230C000000000200,00NTRF000000423895//180007
PAGO
:61:081230C000000000900,00NTRF000000423904//180007
PAGO
:61:081230C000000000250,00NTRF000000423921//180007
PAGO
:61:081230C000000010000,00NTRF000000423951//180007
PAGO
:61:081230C000000006218,97NTRF000000423983//180007
PAGO
:61:081230C000000000250,00NTRF000000424032//180007
PAGO
:61:081230C000000000690,00NTRF000000424845//180007
PAGO
:61:081230C000000056664,59NTRF000000424946//180007
PAGO
:61:081230C000000001000,00NTRF000000424100//180007
PAGO
:62M:C081230VEF000028406396,02
-}{5:{CHK:1143FB20924B}}{S:{COP:S}}${1:F21VZCRVECAAXXX5410610696}{4:{177:0404021720}{451:0}}{1:F01VZCRVECAAXXX5410610696}{2:09501717040402VZCRVECAAXXX40812675430404021720N}{3:{108:SCONNECT}}{4:
:20:MI081230
:25:2222222222
:28C:0529/157
:60M:C081230VEF000028406396,02
:61:081230C000000000110,00NTRF000000424113//180007
PAGO
:61:081230C000000000010,00NTRF000000424126//180007
PAGO
:61:081230C000000005000,00NTRF000000424139//180007
PAGO
:61:081230C000000001000,00NTRF000000424148//180007
PAGO
:61:081230C000000004000,00NTRF000000424182//180007
PAGO
:61:081230C000000000090,00NTRF000000424193//180007
PAGO
:61:081230C000000001100,00NTRF000000424538//180007
PAGO
:61:081230C000000000200,00NTRF000000424557//180007
PAGO
:61:081230C000000000400,00NTRF000000424562//180007
PAGO
:62M:C081230VEF000028418306,02
-}{5:{CHK:1143FB20924B}}{S:{COP:S}}${1:F21VZCRVECAAXXX5410610696}{4:{177:0404021720}{451:0}}{1:F01VZCRVECAAXXX5410610696}{2:09501717040402VZCRVECAAXXX40812675430404021720N}{3:{108:SCONNECT}}{4:
:20:MI081230
:25:2222222222
:28C:0529/158
:60M:C081230VEF000028418306,02
:61:081230C000000000100,00NTRF000000424595//180007
PAGO
:61:081230C000000006104,51NTRF000000424636//180007
PAGO
:61:081230C000000000720,00NTRF000000424650//180007
PAGO
:61:081230C000000000250,00NTRF000000424753//180007
PAGO
:61:081230C000000000100,00NTRF000000424814//180007
PAGO
:61:081230C000000010000,00NTRF000000424815//180007
PAGO
:61:081230C000000000150,00NTRF000000424537//180007
PAGO
:61:081230C000000000105,00NTRF000000425464//180007
PAGO
:61:081230C000000000345,00NTRF000000425444//180007
PAGO
:62M:C081230VEF000028436180,53
-}{5:{CHK:1143FB20924B}}{S:{COP:S}}${1:F21VZCRVECAAXXX5410610696}{4:{177:0404021720}{451:0}}{1:F01VZCRVECAAXXX5410610696}{2:09501717040402VZCRVECAAXXX40812675430404021720N}{3:{108:SCONNECT}}{4:
:20:MI081230
:25:2222222222
:28C:0529/159
:60M:C081230VEF000028436180,53
:61:081230C000000000500,33NTRF000000425261//180007
PAGO
:61:081230C000000000500,11NTRF000000425227//180007
PAGO
:61:081230C000000007500,00NTRF000000425016//180007
PAGO
:61:081230C000000001700,00NTRF000000425157//180007
PAGO
:61:081230C000000003000,00NTRF000000424981//180007
PAGO
:61:081230C000000007800,00NTRF000000424962//180007
PAGO
:61:081230C000000001200,00NTRF000037601000//180007
PAGO
:61:081230C000000001287,00NTRF000000610871//180007
PAGO
:61:081230C000000003200,00NTRF000000620134//180007
PAGO
:62M:C081230VEF000028462867,97
-}{5:{CHK:1143FB20924B}}{S:{COP:S}}${1:F21VZCRVECAAXXX5410610696}{4:{177:0404021720}{451:0}}{1:F01VZCRVECAAXXX5410610696}{2:09501717040402VZCRVECAAXXX40812675430404021720N}{3:{108:SCONNECT}}{4:
:20:MI081230
:25:2222222222
:28C:0529/160
:60M:C081230VEF000028462867,97
:61:081230C000000360000,00NTRF000000620424//180007
PAGO
:61:081230C000000000100,00NTRF000000000000//180007
PAGO
:61:081230C000000004000,00NTRF000000000000//180007
PAGO
:61:081230C000000001290,00NTRF000000000001//180007
PAGO
:61:081230C000000000180,00NTRF000000000000//180007
PAGO
:61:081230C000000000022,00NTRF000000000000//180007
PAGO
:61:081230C000000005000,00NTRF000000000000//180007
PAGO
:61:081230C000000000500,00NTRF000030122008//180007
PAGO
:61:081230C000000000655,00NTRF000030122008//180007
PAGO
:62M:C081230VEF000028834614,97
-}{5:{CHK:1143FB20924B}}{S:{COP:S}}${1:F21VZCRVECAAXXX5410610696}{4:{177:0404021720}{451:0}}{1:F01VZCRVECAAXXX5410610696}{2:09501717040402VZCRVECAAXXX40812675430404021720N}{3:{108:SCONNECT}}{4:
:20:MI081230
:25:2222222222
:28C:0529/161
:60M:C081230VEF000028834614,97
:61:081230C000000000152,00NTRF000030122008//180007
PAGO
:61:081230C000000001500,00NTRF000030122008//180007
PAGO
:61:081230C000000000400,00NTRF000030122008//180007
PAGO
:61:081230C000000000250,00NTRF000030122008//180007
PAGO
:61:081230C000000001000,00NTRF000030122008//180007
PAGO
:61:081230C000000000174,00NTRF000030122008//180007
PAGO
:61:081230C000000000150,00NTRF000030122008//180007
PAGO
:61:081230C000000000240,00NTRF000030122008//180007
PAGO
:61:081230C000000001148,40NTRF000000000240//180007
PAGO
:62M:C081230VEF000028839629,37
-}{5:{CHK:1143FB20924B}}{S:{COP:S}}${1:F21VZCRVECAAXXX5410610696}{4:{177:0404021720}{451:0}}{1:F01VZCRVECAAXXX5410610696}{2:09501717040402VZCRVECAAXXX40812675430404021720N}{3:{108:SCONNECT}}{4:
:20:MI081230
:25:2222222222
:28C:0529/162
:60M:C081230VEF000028839629,37
:61:081230C000000002000,00NTRF000017392264//180007
PAGO
:61:081230C000000001800,00NTRF000000000011//180007
PAGO
:61:081230C000000000950,00NTRF000027917317//180007
PAGO
:61:081230C000000001800,00NTRF000027917553//180007
PAGO
:61:081230C000000000500,00NTRF000027920021//180007
PAGO
:61:081230C000000000200,00NTRF000027917920//180007
PAGO
:61:081230C000000000800,00NTRF000027916308//180007
PAGO
:61:081230C000000000500,00NTRF000027917286//180007
PAGO
:61:081230C000000000291,00NTRF000000592061//180007
PAGO
:62M:C081230VEF000028848470,37
-}{5:{CHK:1143FB20924B}}{S:{COP:S}}${1:F21VZCRVECAAXXX5410610696}{4:{177:0404021720}{451:0}}{1:F01VZCRVECAAXXX5410610696}{2:09501717040402VZCRVECAAXXX40812675430404021720N}{3:{108:SCONNECT}}{4:
:20:MI081230
:25:2222222222
:28C:0529/163
:60M:C081230VEF000028848470,37
:61:081230C000000000800,00NTRF000000601989//180007
PAGO
:61:081230C000000000360,00NTRF000000519860//180007
PAGO
:61:081230C000000000300,00NTRF000000604672//180007
PAGO
:61:081230C000000000500,00NTRF000000509489//180007
PAGO
:61:081230C000000000300,00NTRF000000453395//180007
PAGO
:61:081230C000000001215,00NTRF000000439412//180007
PAGO
:61:081230C000000007155,00NTRF000000600075//180007
PAGO
:61:081230C000000000500,00NTRF000000590046//180007
PAGO
:61:081230C000000000100,00NTRF000000569268//180007
PAGO
:62M:C081230VEF000028859700,37
-}{5:{CHK:1143FB20924B}}{S:{COP:S}}${1:F21VZCRVECAAXXX5410610696}{4:{177:0404021720}{451:0}}{1:F01VZCRVECAAXXX5410610696}{2:09501717040402VZCRVECAAXXX40812675430404021720N}{3:{108:SCONNECT}}{4:
:20:MI081230
:25:2222222222
:28C:0529/164
:60M:C081230VEF000028859700,37
:61:081230C000000002365,00NTRF000000590784//180007
PAGO
:61:081230C000000000860,00NTRF000000556814//180007
PAGO
:61:081230C000000001610,00NTRF000000515799//180007
PAGO
:61:081230C000000000050,00NTRF000032373726//180007
PAGO
:61:081230C000000000582,00NTRF000000083057//180007
PAGO
:61:081230C000000001295,89NTRF000000075710//180007
PAGO
:61:081230C000000005000,00NTRF000000075486//180007
PAGO
:61:081230C000000000300,00NTRF000000075469//180007
PAGO
:61:081230C000000010000,00NTRF000000075402//180007
PAGO
:62M:C081230VEF000028881763,26
-}{5:{CHK:1143FB20924B}}{S:{COP:S}}${1:F21VZCRVECAAXXX5410610696}{4:{177:0404021720}{451:0}}{1:F01VZCRVECAAXXX5410610696}{2:09501717040402VZCRVECAAXXX40812675430404021720N}{3:{108:SCONNECT}}{4:
:20:MI081230
:25:2222222222
:28C:0529/165
:60M:C081230VEF000028881763,26
:61:081230C000000015000,00NTRF000000075375//180007
PAGO
:61:081230C000000002000,00NTRF000000075231//180007
PAGO
:61:081230C000000000800,00NTRF000000075218//180007
PAGO
:61:081230C000000002000,00NTRF000000075106//180007
PAGO
:61:081230C000000003900,00NTRF000000074974//180007
PAGO
:61:081230C000000000225,00NTRF000000076523//180007
PAGO
:61:081230C000000002758,34NTRF000000076477//180007
PAGO
:61:081230D000028908446,60NTRF000020081230//180007
N/D
:62F:C081230VEF000000000000,00
-}{5:{CHK:96FA6004455F}}{S:{COP:S}}
