{1:F21CONSVECAAXXX5129905017}{4:{177:0806020702}{451:0}}{1:F01CONSVECAAXXX5129905017}{2:O9500704080602BPROVECAAXXX63147204290806020704N}{4:
:20:EC95005620080530
:25:01080090150500000806
:28C:08151/00001
:60F:D080530VEF4046900,38
:61:0805300530DB20506,00NCHK000000000//000000000
CARGO POR CHEQUE DEVUELTO         
:61:0805300530CB1500000,00NLDP000076805//000076805
DEPOSITO EN EFECTIVO              
:62F:D080530VEF2567406,38
:64:D080530VEF2567406,38
-}{5:{CHK:63F671CBCD15}}{S:{COP:S}}
