{1:F21CONSVECAAXXX5131905193}{4:{177:0806040702}{451:0}}{1:F01CONSVECAAXXX5131905193}{2:O9500703080604BPROVECAAXXX63167222930806040703N}{4:
:20:EC95004820080603
:25:01080090150500000806
:28C:08155/00001
:60F:D080603VEF2568725,36
:61:0806030603DB1500000,00NCHG000076813//000076813
RETIRO EFECTIVO                   
:61:0806030603CB245,80NMSC000076814//000076814
DIF DVLTA REC F 06-03-08          
:61:0806030603CB2633,26NMSC000076815//000076815
DIF DVLTA REC F 06-03-08          
:62F:D080603VEF4065846,30
:64:D080603VEF4065846,30
-}{5:{CHK:A7467D350258}}{S:{COP:S}}
