{1:F21CONSVECAAXXX5129905018}{4:{177:0806020704}{451:0}}{1:F01CONSVECAAXXX5129905018}{2:O9500705080602BPROVECAAXXX63147205650806020705N}{4:
:20:EC95004420080531
:25:01080090150500000806
:28C:08152/00001
:60F:D080531VEF2567406,38
:61:0805310531CB0,02NMSC000076806//000076806
ABONO SERVICIOS ESPECIALES        
:61:0805310531DB1,00NMSC000076807//000076807
PAGO DE SERVICIOS                 
:61:0805310531DB8,00NMSC000076808//000076808
PAGO DE SERVICIOS                 
:61:0805310531DB20,00NMSC000076809//000076809
PAGO DE SERVICIOS                 
:61:0805310531DB20,00NMSC000076810//000076810
PAGO DE SERVICIOS                 
:61:0805310531CB30,00NMSC000076811//000076811
ABONO SERVICIOS ESPECIALES        
:62F:D080531VEF2567425,36
:64:D080531VEF2567425,36
-}{5:{CHK:854729110BC0}}{S:{COP:S}}
