{1:F21CONSVECAAXXX5132905277}{4:{177:0806050702}{451:0}}{1:F01CONSVECAAXXX5132905277}{2:O9500703080605BPROVECAAXXX63177232270806050703N}{4:
:20:EC95005320080604
:25:01080090150500000806
:28C:08156/00001
:60F:D080604VEF4065846,30
:61:0806050604CB1300,00NLDP000076816//000076816
DEP. CHEQUE O/B 1 DIARAS          
:62F:D080604VEF4064546,30
:64:D080604VEF4065846,30
-}{5:{CHK:92BA9E8D3168}}{S:{COP:S}}
