{1:F21CONSVECAAXXX5133905375}{4:{177:0806060702}{451:0}}{1:F01CONSVECAAXXX5133905375}{2:O9500703080606BPROVECAAXXX63187241460806060703N}{4:
:20:EC95005020080605
:25:01080090150500000806
:28C:08157/00001
:60F:D080605VEF4064546,30
:61:0806050605CB1500000,00NLDP000076817//000076817
DEPOSITO EN EFECTIVO              
:61:0806050605CB2000000,00NLDP000076818//000076818
DEPOSITO EN EFECTIVO              
:61:0806050605CB1000000,00NLDP000076819//000076819
DEPOSITO EN EFECTIVO              
:61:0806050605CB2100000,00NLDP000076820//000076820
DEPOSITO EN EFECTIVO              
:61:0806050605DB200,00NCHG000076821//000076821
CORRESP N/C 10515110743 040608    
:61:0806050605DB930,00NCHG000076822//000076822
CORRESP N/C 10515110743 030608    
:62F:C080605VEF2534323,70
:64:C080605VEF2534323,70
-}{5:{CHK:A060CD0807C8}}{S:{COP:S}}
