{1:F21CONSVECAAXXX5134905472}{4:{177:0806090702}{451:0}}{1:F01CONSVECAAXXX5134905472}{2:O9500703080609BPROVECAAXXX63197249420806090703N}{4:
:20:EC95005120080606
:25:01080090150500000806
:28C:08158/00001
:60F:C080606VEF2534323,70
:61:0806060606DB8100000,00NCHK000003704//000003704
CAMARA RECIBIDA COMPENSACION      
:61:0806060606DB11600000,00NCHK000003705//000003705
CAMARA RECIBIDA COMPENSACION      
:61:0806060606CB4600000,00NLDP000076825//000076825
DEPOSITO EN EFECTIVO              
:61:0806060606CB1000000,00NLDP000076826//000076826
DEPOSITO EN EFECTIVO              
:62F:D080606VEF11565676,30
:64:D080606VEF11565676,30
-}{5:{CHK:A5F73CC45DC4}}{S:{COP:S}}
