{1:F21CONSVECAAXXX5135905553}{4:{177:0806100702}{451:0}}{1:F01CONSVECAAXXX5135905553}{2:O9500703080610BPROVECAAXXX63207260620806100703N}{4:
:20:EC95005120080609
:25:01080090150500000806
:28C:08161/00001
:60F:D080609VEF11565676,30
:61:0806100609CB66423,08NLDP000076827//000076827
DEP. CHEQUE O/B 1 DIARAS          
:62F:D080609VEF11499253,22
:64:D080609VEF11565676,30
-}{5:{CHK:1D34112D16DB}}{S:{COP:S}}
