{1:F21VZCRVECAAXXX5410610696}{4:{177:0404021720}{451:0}}{1:F01VZCRVECAAXXX5410610696}{2:09501717040402BAMRVECAAXXX40812675430404021720N}{3:{108:SCONNECT}}{4:
:20:EDOINICIAL
:25:11301100005
:28C:00001/00001
:60F:D081128VEF2934111,79
:61:081128C2787183,14NMSCNREF
Credito
:62F:D081128VEF146928,65
-}{5:{CHK:1143FB20924B}}{S:{COP:S}}

