{1:F21VZCRVECAAXXX5410610696}{4:{177:0404021720}{451:0}}{1:F01VZCRVECAAXXX5410610696}{2:09501717040402BPROVECAAXXX40812675430404021720N}{3:{108:SCONNECT}}{4:
:20:EDOINICIAL
:25:01080090130500000709
:28C:00001/00001
:60F:D081128VEF2679,26
:61:081120C179,00NMSCNREF
Abono Servicios Esp.
:61:081121D36697,32NMSCNREF
Dif. Dvlta.Rec. F 15/05/08
:62F:D081128VEF39197,58
-}{5:{CHK:1143FB20924B}}{S:{COP:S}}

