{1:F21BODEVE2MAXXX4190639463}{4:{177:0907030801}{451:0}}{1:F01BODEVE2MAXXX4190639463}{2:O9500142090703CITIUS33HXXX13892194470907030801N}{3:{108:000822FB19829OPS}}{4:
:20:0223
:25:10962625
:28C:00001/00001
:60F:C090630USD98641,42
:61:090512C290,00NMSCC010024248MAR3//R-3231200132HH
INDUSTRIAL AND COMMERCIAL
:61:090512C290,00NMSCC010024248ABR3//R-3125800131HH
INDUSTRIAL AND COMMERCIAL
:61:090602C300,00NMSCC010461257ABR2//R-8036100153HH
CB FUNDS TRANS PREVIOUS
:61:090610C290,00NMSCC010625124ABR2//R-1125400161HH
INDUSTRIAL AND COMMERCIAL
:61:090622C300,00NMSCC008477660JUN3//R-4200300173HH
INDUSTRIAL AND COMMERCIAL
:61:090623C300,00NTRF090623050034//4722900174FC
INDUSTRIAL AND COMMERCIAL
:61:090624C300,00NTRFNONREF//2685500175JO
INDUSTRIAL AND COMMERCIAL
:61:090625C269,00NMSCC006541576MAYO1//R-4983600176HH
INDUSTRIAL AND COMMERCIAL
:61:090625C62000,00NTRFNONREF//2890600176JO
INDUSTRIAL AND COMMERCIAL
:61:090625C142,00S103NONREF//9752900175JS
INDUSTRIAL AND COMMERCIAL
:61:090629C724,41NTRFNONREF//R-2650000169JO
INDUSTRIAL AND COMMERCIAL
:61:090629C1066,26NTRF40-218307//5909800180FC
INDUSTRIAL AND COMMERCIAL
:61:090630C26856,00S103NONREF//7163300180JS
INDUSTRIAL AND COMMERCIAL
:61:090518D250,00S103C005808721MAY//8658800138FS
:61:090625D1014,34S1032009062517180565//1286100176JO
:61:090629D3070,89S103NONREF//1808659205TC
:61:090629D1936,15S1032009062917192695//1000000180JO
:62F:C090630USD185497,71
-}{5:{CHK:FCC139E6901C}{DLM:}}{S:{COP:P}}