{1:F21BODEVE2MAXXX4183638606}{4:{177:0906220802}{451:0}}{1:F01BODEVE2MAXXX4183638606}{2:O9500702090622CITIUSEXxXX54106075480906220802N}{3:{108:SCONNECT}}{4:
:20:EDOCARGA1
:25:10962625
:28C:00001/00001
:60F:C090630USD9799,49
:61:090624C1213,00S100S0691750F2E501//S0691750F2E501
B/O ALBERTO PADILLA
:61:090630C17854,18S100S069181004CC01//S069181004CC01
B/O PLASTICOS MARTINEZ DE C.I
:62F:C090630USD28866,67
-}{5:{CHK:FCC139E6901C}{DLM:}}{S:{COP:P}}