{1:F21VZCRVECAAXXX6898045420}{4:{177:0903250807}{451:0}}{1:F01VZCRVECAAXXX6898045420}{2:O9500806090325BPROVECAAXXX65318784810903250806N}{4:
:20:EC95003920090324
:25:01080090130500000709
:28C:7798/00001
:60F:D090324VEF39588,33
:61:0903240324DB10,00NCHK000003537//000003537
CAMARA RECIBIDA COMPENSACION      
:61:0903240324DB689,97NCHK000003538//000003538
CAMARA RECIBIDA COMPENSACION      
:61:0903240324DB2777,89NCHG000311114//000311114
CORRESP 10220084 DIF DVTA 23-0    
:61:0903240324CB91,20NMSC000311115//000311115
ABONO SERVICIOS ESPECIALES        
:61:0903240324CB689,97NMSC000311116//000311116
ABONO SERVICIOS ESPECIALES        
:61:0903240324CB10,00NMSC000311117//000311117
CORRESP.N/D 360150044 200309      
:62F:D090324VEF42275,02
:64:D090324VEF42275,02
-}{5:{CHK:60CB02832127}}{S:{COP:S}}