{1:F21BODEVE2MACCS3685575622}{4:{177:0708090801}{451:0}}{1:F01BODEVE2MACCS3685575622}{2:O9502150070808CHASUS33AXXX51407484130708090803N}{3:{108:080820070066652}}{4:
:20:EDOCARGA1
:25:544749693
:28C:00001/00001
:60F:C070709USF2021317,92
:61:070730CD695,87NTRFNONREF//R-2897200200JO
U.N. JOINT STAFF PENSION FUND NEW 
:61:070730CD618,90NTRF40-62931//3824200211FC
33637617449 BUENOS AIRES, ARGENTIN
:61:070730CD280,00NTRFAV0022720111721//5454000211FC
GIANSALVO VINCENZO 00000 TORRE NOR
:61:070726CD2430,99NTRFOBMELLONBANK//0113408207FF
MELLON BANK N.A.-DUE FROM BK MGMT
:61:070726CD12796,32NTRFOBREGIONS//0542201207FF
AMSOUTH BANK BIRMINGHAM AL 35288-0
:61:070726CD91706,96NTRFOBREGIONS//0605414207FF
AMSOUTH BANK BIRMINGHAM AL 35288-0
:61:070706CD26373,25NMSCC3498234//R-0584300207II
CB FUNDS TRANS PREVIOUS DAY TAMPA
:61:070725CD200,00NTRF22200JW1004//5295300206FC
XIOMARA C. CURACAO N.A. 
:61:070725CD5461,77NMSCC4256953//R-1212700206II
CB FUNDS TRANS SAMEDAY CDT RETURNS
:61:070725CD8048,47NMSCC3717827//R-1194700206II
CB FUNDS TRANS SAMEDAY CDT RETURNS
:61:070724CD450,00NTRFOBNATIONALCIT//0556208205FF
NATIONAL CITY BANK OF THE MIDWEST 
:61:070723CD4800,00NTRF070723000174//1689000204FC
SAVE THE CHILDREN SUECIA LIMA, PER
:61:070723DD160000,00S103CPAGOESPECIAL//6705500204JS
:61:070718CD1935,96NMSCC3660621//R-1234900199II
CB FUNDS TRANS SAMEDAY CDT RETURNS
:61:070718CD7770,00NTRFOBCITIBANKNYC//0642907199FF
CITIBANK NEW YORK NY 10043-0001  
:61:070712CD844,39NMSCC42292841//R-1654100193II
NANYANG COMMERCIAL BANK LTD CENTRA 
:61:070709CD569,00NMSCC36401171//R-0859100190II
BANK OF CHINA HEAD OFFICE BEIJING 
:62F:C070731USF2026299,80
-}{5:{CHK:FF5AC7C105DC}{DLM:}}{S:{COP:S}}
