{1:F21VZCRVECAAXXX6923048250}{4:{177:0904271204}{451:0}}{1:F01VZCRVECAAXXX6923048250}{2:O9501203090427BAMRVECAAXXX77006881390904271203N}{4:
:20:950090427
:25:11301100005
:28C:02402/001
:60F:C090427VEF43663,50
:61:090427C10422275,64NMSC198896
:61:090427D10279455,87NMSC0//270409
:61:090427D142819,77NMSC0//270409
:61:090427D50,NMSC0//CORRESP N/C PAGO
:61:090427D77842,57NMSC0//53438
:62F:D090427VEF34229,07
-}{5:{CHK:D55F2C2221B4}}{S:{COP:S}}