{1:F21VZCRVECAAXXX5297582204}{4:{177:0311252025}{451:0}}{1:F01VZCRVECAAXXX5297582204}{2:09502025031125VZCRVECAAXXX27981267430311252025N}{3:{108:T000163667}}{4:
:20:MI090121
:25:1111111111
:28C:0545/001
:60F:C090121VEF000000000000,00
:61:090121D000000001800,00NTRF000056563176//180007
PAGO
:61:090121D000000000501,00NTRF000009973353//180007
PAGO
:61:090121D000000000136,00NTRF000006066137//180007
PAGO
:61:090121D000000001140,00NTRF000092917451//180007
PAGO
:61:090121D000000000400,00NTRF000085890847//180007
PAGO
:61:090121D000000006670,00NTRF000078582272//180007
PAGO
:61:090121D000000001464,96NTRF000002373470//180007
PAGO
:61:090121D000000000025,20NTRF000093370300//180007
PAGO
:61:090121D000000000300,00NTRF000040600109//180007
PAGO
:62M:D090121VEF000000012437,16
-}{5:{CHK:1143FB20924B}}{S:{COP:S}}${1:F21VZCRVECAAXXX5410610696}{4:{177:0404021720}{451:0}}{1:F01VZCRVECAAXXX5410610696}{2:09501717040402VZCRVECAAXXX40812675430404021720N}{3:{108:SCONNECT}}{4:
:20:MI090121
:25:1111111111
:28C:0545/002
:60M:D090121VEF000000012437,16
:61:090121D000000001000,00NTRF000028492345//180007
PAGO
:61:090121D000000000500,00NTRF000020157181//180007
PAGO
:61:090121D000000000150,00NTRF000061093955//180007
PAGO
:61:090121D000000000150,00NTRF000060679392//180007
PAGO
:61:090121D000000000332,00NTRF000058375859//180007
PAGO
:61:090121D000000003612,00NTRF000050440066//180007
PAGO
:61:090121D000000000060,00NTRF000047502452//180007
PAGO
:61:090121D000000000076,00NTRF000043539487//180007
PAGO
:61:090121D000000000701,00NTRF000042479343//180007
PAGO
:62M:D090121VEF000000019018,16
-}{5:{CHK:1143FB20924B}}{S:{COP:S}}${1:F21VZCRVECAAXXX5410610696}{4:{177:0404021720}{451:0}}{1:F01VZCRVECAAXXX5410610696}{2:09501717040402VZCRVECAAXXX40812675430404021720N}{3:{108:SCONNECT}}{4:
:20:MI090121
:25:1111111111
:28C:0545/003
:60M:D090121VEF000000019018,16
:61:090121D000000000350,00NTRF000038888206//180007
PAGO
:61:090121D000000000050,00NTRF000036616487//180007
PAGO
:61:090121D000000001800,00NTRF000080620274//180007
PAGO
:61:090121D000000000500,00NTRF000080446158//180007
PAGO
:61:090121D000000000930,00NTRF000080340743//180007
PAGO
:61:090121D000000002345,88NTRF000080084467//180007
PAGO
:61:090121D000000007000,00NTRF000079961047//180007
PAGO
:61:090121D000000004000,00NTRF000079891689//180007
PAGO
:61:090121D000000000250,00NTRF000079240144//180007
PAGO
:62M:D090121VEF000000036244,04
-}{5:{CHK:1143FB20924B}}{S:{COP:S}}${1:F21VZCRVECAAXXX5410610696}{4:{177:0404021720}{451:0}}{1:F01VZCRVECAAXXX5410610696}{2:09501717040402VZCRVECAAXXX40812675430404021720N}{3:{108:SCONNECT}}{4:
:20:MI090121
:25:1111111111
:28C:0545/004
:60M:D090121VEF000000036244,04
:61:090121D000000000900,00NTRF000079165311//180007
PAGO
:61:090121D000000002250,00NTRF000079017783//180007
PAGO
:61:090121D000000000588,33NTRF000058125395//180007
PAGO
:61:090121D000000000400,00NTRF000058114617//180007
PAGO
:61:090121D000000000500,00NTRF000057954612//180007
PAGO
:61:090121D000000010000,00NTRF000057898894//180007
PAGO
:61:090121D000000001147,42NTRF000057803929//180007
PAGO
:61:090121D000000003000,00NTRF000057684025//180007
PAGO
:61:090121D000000001400,00NTRF000057258586//180007
PAGO
:62M:D090121VEF000000056429,79
-}{5:{CHK:1143FB20924B}}{S:{COP:S}}${1:F21VZCRVECAAXXX5410610696}{4:{177:0404021720}{451:0}}{1:F01VZCRVECAAXXX5410610696}{2:09501717040402VZCRVECAAXXX40812675430404021720N}{3:{108:SCONNECT}}{4:
:20:MI090121
:25:1111111111
:28C:0545/005
:60M:D090121VEF000000056429,79
:61:090121D000000000150,00NTRF000056473783//180007
PAGO
:61:090121D000000000091,00NTRF000030642995//180007
PAGO
:61:090121D000000000430,00NTRF000030597803//180007
PAGO
:61:090121D000000000795,00NTRF000030503157//180007
PAGO
:61:090121D000000000200,00NTRF000029945037//180007
PAGO
:61:090121D000000001500,00NTRF000029852102//180007
PAGO
:61:090121D000000000617,00NTRF000029818047//180007
PAGO
:61:090121D000000003000,00NTRF000029708317//180007
PAGO
:61:090121D000000001000,00NTRF000029506133//180007
PAGO
:62M:D090121VEF000000064212,79
-}{5:{CHK:1143FB20924B}}{S:{COP:S}}${1:F21VZCRVECAAXXX5410610696}{4:{177:0404021720}{451:0}}{1:F01VZCRVECAAXXX5410610696}{2:09501717040402VZCRVECAAXXX40812675430404021720N}{3:{108:SCONNECT}}{4:
:20:MI090121
:25:1111111111
:28C:0545/006
:60M:D090121VEF000000064212,79
:61:090121D000000000030,00NTRF000029377504//180007
PAGO
:61:090121D000000000846,67NTRF000007835733//180007
PAGO
:61:090121D000000000500,00NTRF000007829148//180007
PAGO
:61:090121D000000000300,00NTRF000007784106//180007
PAGO
:61:090121D000000000140,00NTRF000007189106//180007
PAGO
:61:090121D000000000877,00NTRF000006897541//180007
PAGO
:61:090121D000000006000,00NTRF000006577555//180007
PAGO
:61:090121D000000000520,00NTRF000006521482//180007
PAGO
:61:090121D000000000700,00NTRF000006434219//180007
PAGO
:62M:D090121VEF000000074126,46
-}{5:{CHK:1143FB20924B}}{S:{COP:S}}${1:F21VZCRVECAAXXX5410610696}{4:{177:0404021720}{451:0}}{1:F01VZCRVECAAXXX5410610696}{2:09501717040402VZCRVECAAXXX40812675430404021720N}{3:{108:SCONNECT}}{4:
:20:MI090121
:25:1111111111
:28C:0545/007
:60M:D090121VEF000000074126,46
:61:090121D000000005650,00NTRF000006138451//180007
PAGO
:61:090121D000000000400,00NTRF000083004172//180007
PAGO
:61:090121D000000000400,00NTRF000082972861//180007
PAGO
:61:090121D000000000400,00NTRF000082909861//180007
PAGO
:61:090121D000000000080,00NTRF000082894111//180007
PAGO
:61:090121D000000000300,00NTRF000082874935//180007
PAGO
:61:090121D000000000400,00NTRF000082866861//180007
PAGO
:61:090121D000000000522,13NTRF000082550595//180007
PAGO
:61:090121D000000003000,00NTRF000082280261//180007
PAGO
:62M:D090121VEF000000085278,59
-}{5:{CHK:1143FB20924B}}{S:{COP:S}}${1:F21VZCRVECAAXXX5410610696}{4:{177:0404021720}{451:0}}{1:F01VZCRVECAAXXX5410610696}{2:09501717040402VZCRVECAAXXX40812675430404021720N}{3:{108:SCONNECT}}{4:
:20:MI090121
:25:1111111111
:28C:0545/008
:60M:D090121VEF000000085278,59
:61:090121D000000000500,00NTRF000079136199//180007
PAGO
:61:090121D000000000337,94NTRF000054572513//180007
PAGO
:61:090121D000000001000,00NTRF000054469017//180007
PAGO
:61:090121D000000000500,00NTRF000054418194//180007
PAGO
:61:090121D000000000600,00NTRF000054403788//180007
PAGO
:61:090121D000000000500,00NTRF000054198458//180007
PAGO
:61:090121D000000000600,00NTRF000053720964//180007
PAGO
:61:090121D000000001950,00NTRF000053554742//180007
PAGO
:61:090121D000000000060,00NTRF000053454009//180007
PAGO
:62M:D090121VEF000000091326,53
-}{5:{CHK:1143FB20924B}}{S:{COP:S}}${1:F21VZCRVECAAXXX5410610696}{4:{177:0404021720}{451:0}}{1:F01VZCRVECAAXXX5410610696}{2:09501717040402VZCRVECAAXXX40812675430404021720N}{3:{108:SCONNECT}}{4:
:20:MI090121
:25:1111111111
:28C:0545/009
:60M:D090121VEF000000091326,53
:61:090121D000000000200,00NTRF000053114428//180007
PAGO
:61:090121D000000000241,62NTRF000026633760//180007
PAGO
:61:090121D000000001000,00NTRF000026470661//180007
PAGO
:61:090121D000000000636,00NTRF000025446354//180007
PAGO
:61:090121D000000000800,00NTRF000025159763//180007
PAGO
:61:090121D000000000323,21NTRF000025062114//180007
PAGO
:61:090121D000000000151,16NTRF000024871617//180007
PAGO
:61:090121D000000000200,00NTRF000024120699//180007
PAGO
:61:090121D000000000500,00NTRF000023930594//180007
PAGO
:62M:D090121VEF000000095378,52
-}{5:{CHK:1143FB20924B}}{S:{COP:S}}${1:F21VZCRVECAAXXX5410610696}{4:{177:0404021720}{451:0}}{1:F01VZCRVECAAXXX5410610696}{2:09501717040402VZCRVECAAXXX40812675430404021720N}{3:{108:SCONNECT}}{4:
:20:MI090121
:25:1111111111
:28C:0545/010
:60M:D090121VEF000000095378,52
:61:090121D000000000250,00NTRF000023561368//180007
PAGO
:61:090121D000000001000,00NTRF000034919323//180007
PAGO
:61:090121D000000000161,00NTRF000034608255//180007
PAGO
:61:090121D000000000250,00NTRF000034232064//180007
PAGO
:61:090121D000000002000,00NTRF000034080650//180007
PAGO
:61:090121D000000001000,00NTRF000031068403//180007
PAGO
:61:090121D000000001000,00NTRF000031032403//180007
PAGO
:61:090121D000000000100,00NTRF000028554310//180007
PAGO
:61:090121D000000000100,00NTRF000028522310//180007
PAGO
:62M:D090121VEF000000101239,52
-}{5:{CHK:1143FB20924B}}{S:{COP:S}}${1:F21VZCRVECAAXXX5410610696}{4:{177:0404021720}{451:0}}{1:F01VZCRVECAAXXX5410610696}{2:09501717040402VZCRVECAAXXX40812675430404021720N}{3:{108:SCONNECT}}{4:
:20:MI090121
:25:1111111111
:28C:0545/011
:60M:D090121VEF000000101239,52
:61:090121D000000002286,00NTRF000027314702//180007
PAGO
:61:090121D000000050000,00NTRF000071350053//180007
PAGO
:61:090121D000000002500,00NTRF000071331032//180007
PAGO
:61:090121D000000000797,77NTRF000071075821//180007
PAGO
:61:090121D000000000880,00NTRF000078804905//180007
PAGO
:61:090121D000000001000,00NTRF000078767274//180007
PAGO
:61:090121D000000000600,00NTRF000078699437//180007
PAGO
:61:090121D000000000237,00NTRF000078607684//180007
PAGO
:61:090121D000000000100,00NTRF000078587202//180007
PAGO
:62M:D090121VEF000000159640,29
-}{5:{CHK:1143FB20924B}}{S:{COP:S}}${1:F21VZCRVECAAXXX5410610696}{4:{177:0404021720}{451:0}}{1:F01VZCRVECAAXXX5410610696}{2:09501717040402VZCRVECAAXXX40812675430404021720N}{3:{108:SCONNECT}}{4:
:20:MI090121
:25:1111111111
:28C:0545/012
:60M:D090121VEF000000159640,29
:61:090121D000000000200,00NTRF000078373455//180007
PAGO
:61:090121D000000000485,00NTRF000078269556//180007
PAGO
:61:090121D000000000100,00NTRF000077888778//180007
PAGO
:61:090121D000000000050,00NTRF000077443824//180007
PAGO
:61:090121D000000008100,00NTRF000056150666//180007
PAGO
:61:090121D000000002500,00NTRF000055882233//180007
PAGO
:61:090121D000000150000,00NTRF000055762337//180007
PAGO
:61:090121D000000000080,00NTRF000055758778//180007
PAGO
:61:090121D000000008768,05NTRF000055685691//180007
PAGO
:62M:D090121VEF000000329923,34
-}{5:{CHK:1143FB20924B}}{S:{COP:S}}${1:F21VZCRVECAAXXX5410610696}{4:{177:0404021720}{451:0}}{1:F01VZCRVECAAXXX5410610696}{2:09501717040402VZCRVECAAXXX40812675430404021720N}{3:{108:SCONNECT}}{4:
:20:MI090121
:25:1111111111
:28C:0545/013
:60M:D090121VEF000000329923,34
:61:090121D000000000260,00NTRF000055620820//180007
PAGO
:61:090121D000000000805,56NTRF000055506162//180007
PAGO
:61:090121D000000000697,50NTRF000055304468//180007
PAGO
:61:090121D000000000700,00NTRF000055087913//180007
PAGO
:61:090121D000000000435,62NTRF000029020794//180007
PAGO
:61:090121D000000000400,00NTRF000028849131//180007
PAGO
:61:090121D000000000600,00NTRF000028658341//180007
PAGO
:61:090121D000000000331,00NTRF000028602804//180007
PAGO
:61:090121D000000000200,00NTRF000028206396//180007
PAGO
:62M:D090121VEF000000334353,02
-}{5:{CHK:1143FB20924B}}{S:{COP:S}}${1:F21VZCRVECAAXXX5410610696}{4:{177:0404021720}{451:0}}{1:F01VZCRVECAAXXX5410610696}{2:09501717040402VZCRVECAAXXX40812675430404021720N}{3:{108:SCONNECT}}{4:
:20:MI090121
:25:1111111111
:28C:0545/014
:60M:D090121VEF000000334353,02
:61:090121D000000000127,87NTRF000028156823//180007
PAGO
:61:090121D000000001832,96NTRF000027973786//180007
PAGO
:61:090121D000000000300,00NTRF000027941299//180007
PAGO
:61:090121D000000000500,00NTRF000027760284//180007
PAGO
:61:090121D000000002000,00NTRF000005963562//180007
PAGO
:61:090121D000000003000,00NTRF000005641165//180007
PAGO
:61:090121D000000002267,00NTRF000005172231//180007
PAGO
:61:090121D000000001000,00NTRF000005064450//180007
PAGO
:61:090121D000000000272,75NTRF000004874772//180007
PAGO
:62M:D090121VEF000000345653,60
-}{5:{CHK:1143FB20924B}}{S:{COP:S}}${1:F21VZCRVECAAXXX5410610696}{4:{177:0404021720}{451:0}}{1:F01VZCRVECAAXXX5410610696}{2:09501717040402VZCRVECAAXXX40812675430404021720N}{3:{108:SCONNECT}}{4:
:20:MI090121
:25:1111111111
:28C:0545/015
:60M:D090121VEF000000345653,60
:61:090121D000000003400,00NTRF000004867169//180007
PAGO
:61:090121D000000004300,00NTRF000004593941//180007
PAGO
:61:090121D000000000200,00NTRF000004518093//180007
PAGO
:61:090121D000000196000,00NTRF000004477035//180007
PAGO
:61:090121D000000000275,00NTRF000081775610//180007
PAGO
:61:090121D000000000300,00NTRF000081630553//180007
PAGO
:61:090121D000000000120,00NTRF000081433994//180007
PAGO
:61:090121D000000000286,00NTRF000080693870//180007
PAGO
:61:090121D000000000103,40NTRF000080588179//180007
PAGO
:62M:D090121VEF000000550638,00
-}{5:{CHK:1143FB20924B}}{S:{COP:S}}${1:F21VZCRVECAAXXX5410610696}{4:{177:0404021720}{451:0}}{1:F01VZCRVECAAXXX5410610696}{2:09501717040402VZCRVECAAXXX40812675430404021720N}{3:{108:SCONNECT}}{4:
:20:MI090121
:25:1111111111
:28C:0545/016
:60M:D090121VEF000000550638,00
:61:090121D000000001300,00NTRF000079979481//180007
PAGO
:61:090121D000000000300,00NTRF000079569269//180007
PAGO
:61:090121D000000000300,00NTRF000079536269//180007
PAGO
:61:090121D000000001112,00NTRF000079470287//180007
PAGO
:61:090121D000000002175,99NTRF000053085082//180007
PAGO
:61:090121D000000000200,00NTRF000053078428//180007
PAGO
:61:090121D000000002270,00NTRF000051821093//180007
PAGO
:61:090121D000000000200,00NTRF000051797924//180007
PAGO
:61:090121D000000000300,00NTRF000051666802//180007
PAGO
:62M:D090121VEF000000558795,99
-}{5:{CHK:1143FB20924B}}{S:{COP:S}}${1:F21VZCRVECAAXXX5410610696}{4:{177:0404021720}{451:0}}{1:F01VZCRVECAAXXX5410610696}{2:09501717040402VZCRVECAAXXX40812675430404021720N}{3:{108:SCONNECT}}{4:
:20:MI090121
:25:1111111111
:28C:0545/017
:60M:D090121VEF000000558795,99
:61:090121D000000005000,00NTRF000051582153//180007
PAGO
:61:090121D000000001195,00NTRF000051507276//180007
PAGO
:61:090121D000000003136,88NTRF000051466842//180007
PAGO
:61:090121D000000005500,00NTRF000051335834//180007
PAGO
:61:090121D000000000200,00NTRF000023280550//180007
PAGO
:61:090121D000000001200,00NTRF000022872986//180007
PAGO
:61:090121D000000000515,00NTRF000022822165//180007
PAGO
:61:090121D000000000250,00NTRF000022414704//180007
PAGO
:61:090121D000000000800,00NTRF000022025398//180007
PAGO
:62M:D090121VEF000000576592,87
-}{5:{CHK:1143FB20924B}}{S:{COP:S}}${1:F21VZCRVECAAXXX5410610696}{4:{177:0404021720}{451:0}}{1:F01VZCRVECAAXXX5410610696}{2:09501717040402VZCRVECAAXXX40812675430404021720N}{3:{108:SCONNECT}}{4:
:20:MI090121
:25:1111111111
:28C:0545/018
:60M:D090121VEF000000576592,87
:61:090121D000000000145,00NTRF000021928854//180007
PAGO
:61:090121D000000000500,00NTRF000021884210//180007
PAGO
:61:090121D000000000500,00NTRF000021829210//180007
PAGO
:61:090121D000000000255,67NTRF000020231267//180007
PAGO
:61:090121D000000000200,00NTRF000025729411//180007
PAGO
:61:090121D000000000050,00NTRF000024746152//180007
PAGO
:61:090121D000000000500,00NTRF000024250555//180007
PAGO
:61:090121D000000000500,00NTRF000024178555//180007
PAGO
:61:090121D000000000100,00NTRF000022889784//180007
PAGO
:62M:D090121VEF000000579343,54
-}{5:{CHK:1143FB20924B}}{S:{COP:S}}${1:F21VZCRVECAAXXX5410610696}{4:{177:0404021720}{451:0}}{1:F01VZCRVECAAXXX5410610696}{2:09501717040402VZCRVECAAXXX40812675430404021720N}{3:{108:SCONNECT}}{4:
:20:MI090121
:25:1111111111
:28C:0545/019
:60M:D090121VEF000000579343,54
:61:090121D000000000050,00NTRF000020532723//180007
PAGO
:61:090121D000000000100,00NTRF000017854332//180007
PAGO
:61:090121D000000000100,00NTRF000014875643//180007
PAGO
:61:090121D000000000075,00NTRF000014874688//180007
PAGO
:61:090121D000000015149,75NTRF000071075313//180007
PAGO
:61:090121D000000072529,51NTRF000071070455//180007
PAGO
:61:090121D000000005760,00NTRF000071054046//180007
PAGO
:61:090121D000000200000,00NTRF000070474006//180007
PAGO
:61:090121D000000020000,00NTRF000070415644//180007
PAGO
:62M:D090121VEF000000893107,80
-}{5:{CHK:1143FB20924B}}{S:{COP:S}}${1:F21VZCRVECAAXXX5410610696}{4:{177:0404021720}{451:0}}{1:F01VZCRVECAAXXX5410610696}{2:09501717040402VZCRVECAAXXX40812675430404021720N}{3:{108:SCONNECT}}{4:
:20:MI090121
:25:1111111111
:28C:0545/020
:60M:D090121VEF000000893107,80
:61:090121D000000001100,00NTRF000070271749//180007
PAGO
:61:090121D000000005000,00NTRF000070180333//180007
PAGO
:61:090121D000000003710,00NTRF000099754637//180007
PAGO
:61:090121D000000000700,00NTRF000099728119//180007
PAGO
:61:090121D000000001501,00NTRF000077415625//180007
PAGO
:61:090121D000000001400,00NTRF000077093658//180007
PAGO
:61:090121D000000000500,00NTRF000076751436//180007
PAGO
:61:090121D000000001700,00NTRF000076648945//180007
PAGO
:61:090121D000000000600,00NTRF000076445586//180007
PAGO
:62M:D090121VEF000000909318,80
-}{5:{CHK:1143FB20924B}}{S:{COP:S}}${1:F21VZCRVECAAXXX5410610696}{4:{177:0404021720}{451:0}}{1:F01VZCRVECAAXXX5410610696}{2:09501717040402VZCRVECAAXXX40812675430404021720N}{3:{108:SCONNECT}}{4:
:20:MI090121
:25:1111111111
:28C:0545/021
:60M:D090121VEF000000909318,80
:61:090121D000000000477,25NTRF000076384670//180007
PAGO
:61:090121D000000000504,41NTRF000076349250//180007
PAGO
:61:090121D000000000423,60NTRF000076266940//180007
PAGO
:61:090121D000000000300,00NTRF000076243769//180007
PAGO
:61:090121D000000007200,00NTRF000054902280//180007
PAGO
:61:090121D000000000375,00NTRF000054883459//180007
PAGO
:61:090121D000000001200,00NTRF000054666088//180007
PAGO
:61:090121D000000000300,00NTRF000054254928//180007
PAGO
:61:090121D000000002100,00NTRF000054114935//180007
PAGO
:62M:D090121VEF000000922199,06
-}{5:{CHK:1143FB20924B}}{S:{COP:S}}${1:F21VZCRVECAAXXX5410610696}{4:{177:0404021720}{451:0}}{1:F01VZCRVECAAXXX5410610696}{2:09501717040402VZCRVECAAXXX40812675430404021720N}{3:{108:SCONNECT}}{4:
:20:MI090121
:25:1111111111
:28C:0545/022
:60M:D090121VEF000000922199,06
:61:090121D000000002660,00NTRF000053882393//180007
PAGO
:61:090121D000000000500,00NTRF000053840408//180007
PAGO
:61:090121D000000000200,00NTRF000053688470//180007
PAGO
:61:090121D000000000182,00NTRF000053682344//180007
PAGO
:61:090121D000000000200,00NTRF000027315558//180007
PAGO
:61:090121D000000000600,00NTRF000027253044//180007
PAGO
:61:090121D000000000700,00NTRF000027098095//180007
PAGO
:61:090121D000000000402,00NTRF000026520411//180007
PAGO
:61:090121D000000005300,00NTRF000026346224//180007
PAGO
:62M:D090121VEF000000932943,06
-}{5:{CHK:1143FB20924B}}{S:{COP:S}}${1:F21VZCRVECAAXXX5410610696}{4:{177:0404021720}{451:0}}{1:F01VZCRVECAAXXX5410610696}{2:09501717040402VZCRVECAAXXX40812675430404021720N}{3:{108:SCONNECT}}{4:
:20:MI090121
:25:1111111111
:28C:0545/023
:60M:D090121VEF000000932943,06
:61:090121D000000000637,50NTRF000026345560//180007
PAGO
:61:090121D000000000200,00NTRF000026258924//180007
PAGO
:61:090121D000000001870,00NTRF000026081207//180007
PAGO
:61:090121D000000000290,00NTRF000026061881//180007
PAGO
:61:090121D000000010000,00NTRF000004456170//180007
PAGO
:61:090121D000000000250,00NTRF000004223858//180007
PAGO
:61:090121D000000000260,00NTRF000004143658//180007
PAGO
:61:090121D000000004500,00NTRF000003961582//180007
PAGO
:61:090121D000000001290,00NTRF000003803739//180007
PAGO
:62M:D090121VEF000000952240,56
-}{5:{CHK:1143FB20924B}}{S:{COP:S}}${1:F21VZCRVECAAXXX5410610696}{4:{177:0404021720}{451:0}}{1:F01VZCRVECAAXXX5410610696}{2:09501717040402VZCRVECAAXXX40812675430404021720N}{3:{108:SCONNECT}}{4:
:20:MI090121
:25:1111111111
:28C:0545/024
:60M:D090121VEF000000952240,56
:61:090121D000000000200,00NTRF000003731730//180007
PAGO
:61:090121D000000000150,00NTRF000003237624//180007
PAGO
:61:090121D000000000200,00NTRF000002993252//180007
PAGO
:61:090121D000000000657,00NTRF000002566615//180007
PAGO
:61:090121D000000000065,00NTRF000078882667//180007
PAGO
:61:090121D000000000180,00NTRF000078579340//180007
PAGO
:61:090121D000000000500,00NTRF000078355353//180007
PAGO
:61:090121D000000000440,00NTRF000078133041//180007
PAGO
:61:090121D000000001000,00NTRF000078097780//180007
PAGO
:62M:D090121VEF000000955632,56
-}{5:{CHK:1143FB20924B}}{S:{COP:S}}${1:F21VZCRVECAAXXX5410610696}{4:{177:0404021720}{451:0}}{1:F01VZCRVECAAXXX5410610696}{2:09501717040402VZCRVECAAXXX40812675430404021720N}{3:{108:SCONNECT}}{4:
:20:MI090121
:25:1111111111
:28C:0545/025
:60M:D090121VEF000000955632,56
:61:090121D000000002000,00NTRF000077970538//180007
PAGO
:61:090121D000000000150,00NTRF000077821644//180007
PAGO
:61:090121D000000000036,00NTRF000077748082//180007
PAGO
:61:090121D000000000500,00NTRF000075321245//180007
PAGO
:61:090121D000000000060,00NTRF000051301292//180007
PAGO
:61:090121D000000000100,00NTRF000051297798//180007
PAGO
:61:090121D000000000960,00NTRF000051273074//180007
PAGO
:61:090121D000000000380,00NTRF000051032718//180007
PAGO
:61:090121D000000000100,00NTRF000050512307//180007
PAGO
:62M:D090121VEF000000959918,56
-}{5:{CHK:1143FB20924B}}{S:{COP:S}}${1:F21VZCRVECAAXXX5410610696}{4:{177:0404021720}{451:0}}{1:F01VZCRVECAAXXX5410610696}{2:09501717040402VZCRVECAAXXX40812675430404021720N}{3:{108:SCONNECT}}{4:
:20:MI090121
:25:1111111111
:28C:0545/026
:60M:D090121VEF000000959918,56
:61:090121D000000000150,00NTRF000050396692//180007
PAGO
:61:090121D000000000230,00NTRF000050296665//180007
PAGO
:61:090121D000000000075,00NTRF000050065225//180007
PAGO
:61:090121D000000000049,00NTRF000049575318//180007
PAGO
:61:090121D000000000500,00NTRF000021758210//180007
PAGO
:61:090121D000000000500,00NTRF000021672210//180007
PAGO
:61:090121D000000000500,00NTRF000021449210//180007
PAGO
:61:090121D000000000500,00NTRF000021402372//180007
PAGO
:61:090121D000000000500,00NTRF000021391210//180007
PAGO
:62M:D090121VEF000000962922,56
-}{5:{CHK:1143FB20924B}}{S:{COP:S}}${1:F21VZCRVECAAXXX5410610696}{4:{177:0404021720}{451:0}}{1:F01VZCRVECAAXXX5410610696}{2:09501717040402VZCRVECAAXXX40812675430404021720N}{3:{108:SCONNECT}}{4:
:20:MI090121
:25:1111111111
:28C:0545/027
:60M:D090121VEF000000962922,56
:61:090121D000000000150,00NTRF000021266866//180007
PAGO
:61:090121D000000000500,00NTRF000021206372//180007
PAGO
:61:090121D000000000200,00NTRF000021123232//180007
PAGO
:61:090121D000000000200,00NTRF000020537679//180007
PAGO
:61:090121D000000000185,00NTRF000009274555//180007
PAGO
:61:090121D000000003000,00NTRF000004002953//180007
PAGO
:61:090121D000000000501,00NTRF000001553544//180007
PAGO
:61:090121D000000001800,00NTRF000000906811//180007
PAGO
:61:090121D000000000122,00NTRF000099695671//180007
PAGO
:62M:D090121VEF000000969580,56
-}{5:{CHK:1143FB20924B}}{S:{COP:S}}${1:F21VZCRVECAAXXX5410610696}{4:{177:0404021720}{451:0}}{1:F01VZCRVECAAXXX5410610696}{2:09501717040402VZCRVECAAXXX40812675430404021720N}{3:{108:SCONNECT}}{4:
:20:MI090121
:25:1111111111
:28C:0545/028
:60M:D090121VEF000000969580,56
:61:090121D000000000100,00NTRF000099320567//180007
PAGO
:61:090121D000000000450,00NTRF000099065442//180007
PAGO
:61:090121D000000000150,00NTRF000099043747//180007
PAGO
:61:090121D000000000032,00NTRF000098742861//180007
PAGO
:61:090121D000000000425,00NTRF000098380663//180007
PAGO
:61:090121D000000000486,00NTRF000098149589//180007
PAGO
:61:090121D000000001000,00NTRF000098114830//180007
PAGO
:61:090121D000000000390,00NTRF000097817295//180007
PAGO
:61:090121D000000000424,67NTRF000075978370//180007
PAGO
:62M:D090121VEF000000973038,23
-}{5:{CHK:1143FB20924B}}{S:{COP:S}}${1:F21VZCRVECAAXXX5410610696}{4:{177:0404021720}{451:0}}{1:F01VZCRVECAAXXX5410610696}{2:09501717040402VZCRVECAAXXX40812675430404021720N}{3:{108:SCONNECT}}{4:
:20:MI090121
:25:1111111111
:28C:0545/029
:60M:D090121VEF000000973038,23
:61:090121D000000008100,00NTRF000075659519//180007
PAGO
:61:090121D000000000320,00NTRF000075338138//180007
PAGO
:61:090121D000000000491,94NTRF000075318410//180007
PAGO
:61:090121D000000001024,00NTRF000075304168//180007
PAGO
:61:090121D000000001104,00NTRF000075090145//180007
PAGO
:61:090121D000000001400,00NTRF000074913128//180007
PAGO
:61:090121D000000000200,00NTRF000074836223//180007
PAGO
:61:090121D000000000400,00NTRF000074572402//180007
PAGO
:61:090121D000000000250,00NTRF000053283076//180007
PAGO
:62M:D090121VEF000000986328,17
-}{5:{CHK:1143FB20924B}}{S:{COP:S}}${1:F21VZCRVECAAXXX5410610696}{4:{177:0404021720}{451:0}}{1:F01VZCRVECAAXXX5410610696}{2:09501717040402VZCRVECAAXXX40812675430404021720N}{3:{108:SCONNECT}}{4:
:20:MI090121
:25:1111111111
:28C:0545/030
:60M:D090121VEF000000986328,17
:61:090121D000000000600,00NTRF000053037891//180007
PAGO
:61:090121D000000001100,00NTRF000052972047//180007
PAGO
:61:090121D000000000081,70NTRF000052963739//180007
PAGO
:61:090121D000000000149,00NTRF000052949310//180007
PAGO
:61:090121D000000000100,00NTRF000052528055//180007
PAGO
:61:090121D000000001371,29NTRF000052461140//180007
PAGO
:61:090121D000000000100,00NTRF000052415277//180007
PAGO
:61:090121D000000000422,87NTRF000052321629//180007
PAGO
:61:090121D000000001000,00NTRF000025898634//180007
PAGO
:62M:D090121VEF000000991253,03
-}{5:{CHK:1143FB20924B}}{S:{COP:S}}${1:F21VZCRVECAAXXX5410610696}{4:{177:0404021720}{451:0}}{1:F01VZCRVECAAXXX5410610696}{2:09501717040402VZCRVECAAXXX40812675430404021720N}{3:{108:SCONNECT}}{4:
:20:MI090121
:25:1111111111
:28C:0545/031
:60M:D090121VEF000000991253,03
:61:090121D000000000100,00NTRF000025818357//180007
PAGO
:61:090121D000000001000,00NTRF000025670678//180007
PAGO
:61:090121D000000000750,00NTRF000025647972//180007
PAGO
:61:090121D000000003000,00NTRF000025598941//180007
PAGO
:61:090121D000000000100,00NTRF000025536761//180007
PAGO
:61:090121D000000001020,00NTRF000025515153//180007
PAGO
:61:090121D000000000250,00NTRF000025465700//180007
PAGO
:61:090121D000000001200,00NTRF000024973879//180007
PAGO
:61:090121D000000000147,15NTRF000002259891//180007
PAGO
:62M:D090121VEF000000998820,18
-}{5:{CHK:1143FB20924B}}{S:{COP:S}}${1:F21VZCRVECAAXXX5410610696}{4:{177:0404021720}{451:0}}{1:F01VZCRVECAAXXX5410610696}{2:09501717040402VZCRVECAAXXX40812675430404021720N}{3:{108:SCONNECT}}{4:
:20:MI090121
:25:1111111111
:28C:0545/032
:60M:D090121VEF000000998820,18
:61:090121D000000006063,66NTRF000002150192//180007
PAGO
:61:090121D000000000400,00NTRF000001942908//180007
PAGO
:61:090121D000000000900,00NTRF000001882841//180007
PAGO
:61:090121D000000000724,00NTRF000001820725//180007
PAGO
:61:090121D000000000990,00NTRF000001800491//180007
PAGO
:61:090121D000000000200,00NTRF000001401733//180007
PAGO
:61:090121D000000000200,00NTRF000001379421//180007
PAGO
:61:090121D000000001500,00NTRF000001076765//180007
PAGO
:61:090121D000000000500,00NTRF000077139955//180007
PAGO
:62M:D090121VEF000001010297,84
-}{5:{CHK:1143FB20924B}}{S:{COP:S}}${1:F21VZCRVECAAXXX5410610696}{4:{177:0404021720}{451:0}}{1:F01VZCRVECAAXXX5410610696}{2:09501717040402VZCRVECAAXXX40812675430404021720N}{3:{108:SCONNECT}}{4:
:20:MI090121
:25:1111111111
:28C:0545/033
:60M:D090121VEF000001010297,84
:61:090121D000000000500,00NTRF000076749955//180007
PAGO
:61:090121D000000000500,00NTRF000076317082//180007
PAGO
:61:090121D000000000700,00NTRF000076289726//180007
PAGO
:61:090121D000000000500,00NTRF000076257395//180007
PAGO
:61:090121D000000000020,00NTRF000076130843//180007
PAGO
:61:090121D000000000060,00NTRF000075777908//180007
PAGO
:61:090121D000000000100,00NTRF000075467691//180007
PAGO
:61:090121D000000000500,00NTRF000075365245//180007
PAGO
:61:090121D000000001000,00NTRF000049505042//180007
PAGO
:62M:D090121VEF000001014177,84
-}{5:{CHK:1143FB20924B}}{S:{COP:S}}${1:F21VZCRVECAAXXX5410610696}{4:{177:0404021720}{451:0}}{1:F01VZCRVECAAXXX5410610696}{2:09501717040402VZCRVECAAXXX40812675430404021720N}{3:{108:SCONNECT}}{4:
:20:MI090121
:25:1111111111
:28C:0545/034
:60M:D090121VEF000001014177,84
:61:090121D000000001000,00NTRF000048904278//180007
PAGO
:61:090121D000000000450,00NTRF000048716336//180007
PAGO
:61:090121D000000000225,00NTRF000048712514//180007
PAGO
:61:090121D000000002000,00NTRF000048401497//180007
PAGO
:61:090121D000000002000,00NTRF000048373497//180007
PAGO
:61:090121D000000000497,00NTRF000048285400//180007
PAGO
:61:090121D000000000300,00NTRF000048261991//180007
PAGO
:61:090121D000000000200,00NTRF000048077659//180007
PAGO
:61:090121D000000000100,00NTRF000019650924//180007
PAGO
:62M:D090121VEF000001020949,84
-}{5:{CHK:1143FB20924B}}{S:{COP:S}}${1:F21VZCRVECAAXXX5410610696}{4:{177:0404021720}{451:0}}{1:F01VZCRVECAAXXX5410610696}{2:09501717040402VZCRVECAAXXX40812675430404021720N}{3:{108:SCONNECT}}{4:
:20:MI090121
:25:1111111111
:28C:0545/035
:60M:D090121VEF000001020949,84
:61:090121D000000000295,00NTRF000019281316//180007
PAGO
:61:090121D000000000102,00NTRF000019222543//180007
PAGO
:61:090121D000000000110,00NTRF000019188519//180007
PAGO
:61:090121D000000000328,22NTRF000019155424//180007
PAGO
:61:090121D000000002000,00NTRF000018947971//180007
PAGO
:61:090121D000000000043,00NTRF000018855136//180007
PAGO
:61:090121D000000001000,00NTRF000018689062//180007
PAGO
:61:090121D000000000600,00NTRF000016534216//180007
PAGO
:61:090121D000000000104,52NTRF000097657223//180007
PAGO
:62M:D090121VEF000001025532,58
-}{5:{CHK:1143FB20924B}}{S:{COP:S}}${1:F21VZCRVECAAXXX5410610696}{4:{177:0404021720}{451:0}}{1:F01VZCRVECAAXXX5410610696}{2:09501717040402VZCRVECAAXXX40812675430404021720N}{3:{108:SCONNECT}}{4:
:20:MI090121
:25:1111111111
:28C:0545/036
:60M:D090121VEF000001025532,58
:61:090121D000000000800,00NTRF000097609728//180007
PAGO
:61:090121D000000000460,00NTRF000097403274//180007
PAGO
:61:090121D000000000250,00NTRF000097109379//180007
PAGO
:61:090121D000000004500,00NTRF000096715453//180007
PAGO
:61:090121D000000000345,00NTRF000096637603//180007
PAGO
:61:090121D000000002700,00NTRF000096605378//180007
PAGO
:61:090121D000000001000,00NTRF000096328613//180007
PAGO
:61:090121D000000000200,00NTRF000096275989//180007
PAGO
:61:090121D000000000600,00NTRF000074502114//180007
PAGO
:62M:D090121VEF000001036387,58
-}{5:{CHK:1143FB20924B}}{S:{COP:S}}${1:F21VZCRVECAAXXX5410610696}{4:{177:0404021720}{451:0}}{1:F01VZCRVECAAXXX5410610696}{2:09501717040402VZCRVECAAXXX40812675430404021720N}{3:{108:SCONNECT}}{4:
:20:MI090121
:25:1111111111
:28C:0545/037
:60M:D090121VEF000001036387,58
:61:090121D000000004484,14NTRF000074463828//180007
PAGO
:61:090121D000000006520,00NTRF000074460854//180007
PAGO
:61:090121D000000005640,50NTRF000074349252//180007
PAGO
:61:090121D000000001000,00NTRF000074124080//180007
PAGO
:61:090121D000000000600,00NTRF000073996499//180007
PAGO
:61:090121D000000000100,00NTRF000073962607//180007
PAGO
:61:090121D000000000200,00NTRF000073904554//180007
PAGO
:61:090121D000000000402,72NTRF000073632028//180007
PAGO
:61:090121D000000000280,00NTRF000052064498//180007
PAGO
:62M:D090121VEF000001055614,94
-}{5:{CHK:1143FB20924B}}{S:{COP:S}}${1:F21VZCRVECAAXXX5410610696}{4:{177:0404021720}{451:0}}{1:F01VZCRVECAAXXX5410610696}{2:09501717040402VZCRVECAAXXX40812675430404021720N}{3:{108:SCONNECT}}{4:
:20:MI090121
:25:1111111111
:28C:0545/038
:60M:D090121VEF000001055614,94
:61:090121D000000000233,07NTRF000052047519//180007
PAGO
:61:090121D000000000700,00NTRF000052029101//180007
PAGO
:61:090121D000000000415,00NTRF000051961348//180007
PAGO
:61:090121D000000000100,00NTRF000051701203//180007
PAGO
:61:090121D000000002665,00NTRF000051693130//180007
PAGO
:61:090121D000000005500,00NTRF000051173609//180007
PAGO
:61:090121D000000004000,00NTRF000050960701//180007
PAGO
:61:090121D000000000350,00NTRF000050229189//180007
PAGO
:61:090121D000000000500,00NTRF000024896627//180007
PAGO
:62M:D090121VEF000001070078,01
-}{5:{CHK:1143FB20924B}}{S:{COP:S}}${1:F21VZCRVECAAXXX5410610696}{4:{177:0404021720}{451:0}}{1:F01VZCRVECAAXXX5410610696}{2:09501717040402VZCRVECAAXXX40812675430404021720N}{3:{108:SCONNECT}}{4:
:20:MI090121
:25:1111111111
:28C:0545/039
:60M:D090121VEF000001070078,01
:61:090121D000000001000,00NTRF000024686844//180007
PAGO
:61:090121D000000002000,00NTRF000024425069//180007
PAGO
:61:090121D000000000900,00NTRF000024253409//180007
PAGO
:61:090121D000000000465,00NTRF000024248542//180007
PAGO
:61:090121D000000000500,00NTRF000024186382//180007
PAGO
:61:090121D000000001000,00NTRF000024077209//180007
PAGO
:61:090121D000000001500,00NTRF000024068263//180007
PAGO
:61:090121D000000000620,00NTRF000024036668//180007
PAGO
:61:090121D000000021000,00NTRF000001035947//180007
PAGO
:62M:D090121VEF000001099063,01
-}{5:{CHK:1143FB20924B}}{S:{COP:S}}${1:F21VZCRVECAAXXX5410610696}{4:{177:0404021720}{451:0}}{1:F01VZCRVECAAXXX5410610696}{2:09501717040402VZCRVECAAXXX40812675430404021720N}{3:{108:SCONNECT}}{4:
:20:MI090121
:25:1111111111
:28C:0545/040
:60M:D090121VEF000001099063,01
:61:090121D000000000800,00NTRF000000909813//180007
PAGO
:61:090121D000000001350,00NTRF000000495303//180007
PAGO
:61:090121D000000000400,00NTRF000000322894//180007
PAGO
:61:090121D000000000600,00NTRF000099926643//180007
PAGO
:61:090121D000000000200,00NTRF000099844972//180007
PAGO
:61:090121D000000000200,00NTRF000099806972//180007
PAGO
:61:090121D000000000200,00NTRF000099631123//180007
PAGO
:61:090121D000000000500,00NTRF000099622356//180007
PAGO
:61:090121D000000000240,00NTRF000074982653//180007
PAGO
:62M:D090121VEF000001103553,01
-}{5:{CHK:1143FB20924B}}{S:{COP:S}}${1:F21VZCRVECAAXXX5410610696}{4:{177:0404021720}{451:0}}{1:F01VZCRVECAAXXX5410610696}{2:09501717040402VZCRVECAAXXX40812675430404021720N}{3:{108:SCONNECT}}{4:
:20:MI090121
:25:1111111111
:28C:0545/041
:60M:D090121VEF000001103553,01
:61:090121D000000000700,00NTRF000074864892//180007
PAGO
:61:090121D000000005255,00NTRF000074691174//180007
PAGO
:61:090121D000000000289,91NTRF000074640048//180007
PAGO
:61:090121D000000001043,04NTRF000074572788//180007
PAGO
:61:090121D000000004675,00NTRF000074322425//180007
PAGO
:61:090121D000000000250,00NTRF000074174424//180007
PAGO
:61:090121D000000000100,00NTRF000074142863//180007
PAGO
:61:090121D000000000716,00NTRF000070899758//180007
PAGO
:61:090121D000000000053,30NTRF000047777770//180007
PAGO
:62M:D090121VEF000001116635,26
-}{5:{CHK:1143FB20924B}}{S:{COP:S}}${1:F21VZCRVECAAXXX5410610696}{4:{177:0404021720}{451:0}}{1:F01VZCRVECAAXXX5410610696}{2:09501717040402VZCRVECAAXXX40812675430404021720N}{3:{108:SCONNECT}}{4:
:20:MI090121
:25:1111111111
:28C:0545/042
:60M:D090121VEF000001116635,26
:61:090121D000000000200,00NTRF000047709703//180007
PAGO
:61:090121D000000000205,00NTRF000047640038//180007
PAGO
:61:090121D000000000470,00NTRF000047376976//180007
PAGO
:61:090121D000000000100,00NTRF000047300403//180007
PAGO
:61:090121D000000000100,00NTRF000047240403//180007
PAGO
:61:090121D000000000200,00NTRF000047013659//180007
PAGO
:61:090121D000000000200,00NTRF000046940659//180007
PAGO
:61:090121D000000001000,00NTRF000046814786//180007
PAGO
:61:090121D000000000200,00NTRF000018501548//180007
PAGO
:62M:D090121VEF000001119310,26
-}{5:{CHK:1143FB20924B}}{S:{COP:S}}${1:F21VZCRVECAAXXX5410610696}{4:{177:0404021720}{451:0}}{1:F01VZCRVECAAXXX5410610696}{2:09501717040402VZCRVECAAXXX40812675430404021720N}{3:{108:SCONNECT}}{4:
:20:MI090121
:25:1111111111
:28C:0545/043
:60M:D090121VEF000001119310,26
:61:090121D000000000650,00NTRF000017964691//180007
PAGO
:61:090121D000000000650,00NTRF000017922691//180007
PAGO
:61:090121D000000000300,00NTRF000017726247//180007
PAGO
:61:090121D000000000300,00NTRF000016896698//180007
PAGO
:61:090121D000000000050,00NTRF000016696319//180007
PAGO
:61:090121D000000000050,00NTRF000016660319//180007
PAGO
:61:090121D000000000050,00NTRF000016598560//180007
PAGO
:61:090121D000000001600,00NTRF000016571141//180007
PAGO
:61:090121D000000002000,00NTRF000096225591//180007
PAGO
:62M:D090121VEF000001124960,26
-}{5:{CHK:1143FB20924B}}{S:{COP:S}}${1:F21VZCRVECAAXXX5410610696}{4:{177:0404021720}{451:0}}{1:F01VZCRVECAAXXX5410610696}{2:09501717040402VZCRVECAAXXX40812675430404021720N}{3:{108:SCONNECT}}{4:
:20:MI090121
:25:1111111111
:28C:0545/044
:60M:D090121VEF000001124960,26
:61:090121D000000000175,16NTRF000096025635//180007
PAGO
:61:090121D000000001800,00NTRF000096014245//180007
PAGO
:61:090121D000000000300,00NTRF000095858610//180007
PAGO
:61:090121D000000015500,00NTRF000095830377//180007
PAGO
:61:090121D000000000600,00NTRF000095753973//180007
PAGO
:61:090121D000000000052,75NTRF000095558591//180007
PAGO
:61:090121D000000000550,00NTRF000095481712//180007
PAGO
:61:090121D000000001832,00NTRF000095000420//180007
PAGO
:61:090121D000000005000,00NTRF000073392471//180007
PAGO
:62M:D090121VEF000001150770,17
-}{5:{CHK:1143FB20924B}}{S:{COP:S}}${1:F21VZCRVECAAXXX5410610696}{4:{177:0404021720}{451:0}}{1:F01VZCRVECAAXXX5410610696}{2:09501717040402VZCRVECAAXXX40812675430404021720N}{3:{108:SCONNECT}}{4:
:20:MI090121
:25:1111111111
:28C:0545/045
:60M:D090121VEF000001150770,17
:61:090121D000000000100,00NTRF000073269392//180007
PAGO
:61:090121D000000000460,00NTRF000073247170//180007
PAGO
:61:090121D000000000126,00NTRF000073184149//180007
PAGO
:61:090121D000000000444,06NTRF000072975189//180007
PAGO
:61:090121D000000001300,00NTRF000072948810//180007
PAGO
:61:090121D000000000296,00NTRF000072933352//180007
PAGO
:61:090121D000000000620,00NTRF000072819919//180007
PAGO
:61:090121D000000000200,00NTRF000072811152//180007
PAGO
:61:090121D000000001200,00NTRF000049908885//180007
PAGO
:62M:D090121VEF000001155516,23
-}{5:{CHK:1143FB20924B}}{S:{COP:S}}${1:F21VZCRVECAAXXX5410610696}{4:{177:0404021720}{451:0}}{1:F01VZCRVECAAXXX5410610696}{2:09501717040402VZCRVECAAXXX40812675430404021720N}{3:{108:SCONNECT}}{4:
:20:MI090121
:25:1111111111
:28C:0545/046
:60M:D090121VEF000001155516,23
:61:090121D000000000175,16NTRF000049756851//180007
PAGO
:61:090121D000000002000,00NTRF000049702245//180007
PAGO
:61:090121D000000011806,00NTRF000049490504//180007
PAGO
:61:090121D000000000450,00NTRF000049386216//180007
PAGO
:61:090121D000000000650,00NTRF000049260845//180007
PAGO
:61:090121D000000000215,00NTRF000049004702//180007
PAGO
:61:090121D000000000280,00NTRF000048330369//180007
PAGO
:61:090121D000000000150,00NTRF000048070045//180007
PAGO
:61:090121D000000000330,00NTRF000023929764//180007
PAGO
:62M:D090121VEF000001171572,39
-}{5:{CHK:1143FB20924B}}{S:{COP:S}}${1:F21VZCRVECAAXXX5410610696}{4:{177:0404021720}{451:0}}{1:F01VZCRVECAAXXX5410610696}{2:09501717040402VZCRVECAAXXX40812675430404021720N}{3:{108:SCONNECT}}{4:
:20:MI090121
:25:1111111111
:28C:0545/047
:60M:D090121VEF000001171572,39
:61:090121D000000004100,00NTRF000023754999//180007
PAGO
:61:090121D000000000081,65NTRF000023695660//180007
PAGO
:61:090121D000000000450,00NTRF000023610403//180007
PAGO
:61:090121D000000000247,10NTRF000023402408//180007
PAGO
:61:090121D000000001000,00NTRF000023387096//180007
PAGO
:61:090121D000000001000,00NTRF000023024517//180007
PAGO
:61:090121D000000000100,00NTRF000022736300//180007
PAGO
:61:090121D000000000200,00NTRF000022689989//180007
PAGO
:61:090121D000000000500,00NTRF000099583566//180007
PAGO
:62M:D090121VEF000001179251,14
-}{5:{CHK:1143FB20924B}}{S:{COP:S}}${1:F21VZCRVECAAXXX5410610696}{4:{177:0404021720}{451:0}}{1:F01VZCRVECAAXXX5410610696}{2:09501717040402VZCRVECAAXXX40812675430404021720N}{3:{108:SCONNECT}}{4:
:20:MI090121
:25:1111111111
:28C:0545/048
:60M:D090121VEF000001179251,14
:61:090121D000000000500,00NTRF000099540356//180007
PAGO
:61:090121D000000000490,00NTRF000099275075//180007
PAGO
:61:090121D000000000200,00NTRF000099194653//180007
PAGO
:61:090121D000000000200,00NTRF000099158653//180007
PAGO
:61:090121D000000000350,00NTRF000098866467//180007
PAGO
:61:090121D000000001300,00NTRF000098781464//180007
PAGO
:61:090121D000000000100,00NTRF000098613438//180007
PAGO
:61:090121D000000001500,00NTRF000098593717//180007
PAGO
:61:090121D000000000100,00NTRF000074116863//180007
PAGO
:62M:D090121VEF000001183991,14
-}{5:{CHK:1143FB20924B}}{S:{COP:S}}${1:F21VZCRVECAAXXX5410610696}{4:{177:0404021720}{451:0}}{1:F01VZCRVECAAXXX5410610696}{2:09501717040402VZCRVECAAXXX40812675430404021720N}{3:{108:SCONNECT}}{4:
:20:MI090121
:25:1111111111
:28C:0545/049
:60M:D090121VEF000001183991,14
:61:090121D000000000250,00NTRF000073924830//180007
PAGO
:61:090121D000000000250,00NTRF000073900830//180007
PAGO
:61:090121D000000000630,00NTRF000073199320//180007
PAGO
:61:090121D000000000420,00NTRF000072938862//180007
PAGO
:61:090121D000000002000,00NTRF000072194034//180007
PAGO
:61:090121D000000000500,00NTRF000072158405//180007
PAGO
:61:090121D000000000700,00NTRF000071737005//180007
PAGO
:61:090121D000000000200,00NTRF000071625674//180007
PAGO
:61:090121D000000000100,00NTRF000046617514//180007
PAGO
:62M:D090121VEF000001189041,14
-}{5:{CHK:1143FB20924B}}{S:{COP:S}}${1:F21VZCRVECAAXXX5410610696}{4:{177:0404021720}{451:0}}{1:F01VZCRVECAAXXX5410610696}{2:09501717040402VZCRVECAAXXX40812675430404021720N}{3:{108:SCONNECT}}{4:
:20:MI090121
:25:1111111111
:28C:0545/050
:60M:D090121VEF000001189041,14
:61:090121D000000000100,00NTRF000046581514//180007
PAGO
:61:090121D000000000980,00NTRF000045363674//180007
PAGO
:61:090121D000000000030,00NTRF000045323344//180007
PAGO
:61:090121D000000000602,26NTRF000045049195//180007
PAGO
:61:090121D000000004000,00NTRF000044811633//180007
PAGO
:61:090121D000000002532,76NTRF000044776787//180007
PAGO
:61:090121D000000000300,00NTRF000044641787//180007
PAGO
:61:090121D000000001667,72NTRF000044570978//180007
PAGO
:61:090121D000000000100,00NTRF000016211852//180007
PAGO
:62M:D090121VEF000001199353,88
-}{5:{CHK:1143FB20924B}}{S:{COP:S}}${1:F21VZCRVECAAXXX5410610696}{4:{177:0404021720}{451:0}}{1:F01VZCRVECAAXXX5410610696}{2:09501717040402VZCRVECAAXXX40812675430404021720N}{3:{108:SCONNECT}}{4:
:20:MI090121
:25:1111111111
:28C:0545/051
:60M:D090121VEF000001199353,88
:61:090121D000000000894,43NTRF000016172709//180007
PAGO
:61:090121D000000000552,00NTRF000016154137//180007
PAGO
:61:090121D000000000350,00NTRF000015629461//180007
PAGO
:61:090121D000000000150,00NTRF000015528893//180007
PAGO
:61:090121D000000003228,74NTRF000015428021//180007
PAGO
:61:090121D000000000150,00NTRF000014829823//180007
PAGO
:61:090121D000000001000,00NTRF000014632733//180007
PAGO
:61:090121D000000001000,00NTRF000011835808//180007
PAGO
:61:090121D000000005000,00NTRF000099097996//180007
PAGO
:62M:D090121VEF000001211679,05
-}{5:{CHK:1143FB20924B}}{S:{COP:S}}${1:F21VZCRVECAAXXX5410610696}{4:{177:0404021720}{451:0}}{1:F01VZCRVECAAXXX5410610696}{2:09501717040402VZCRVECAAXXX40812675430404021720N}{3:{108:SCONNECT}}{4:
:20:MI090121
:25:1111111111
:28C:0545/052
:60M:D090121VEF000001211679,05
:61:090121D000000001000,00NTRF000098763410//180007
PAGO
:61:090121D000000000317,50NTRF000098335931//180007
PAGO
:61:090121D000000000300,00NTRF000098266680//180007
PAGO
:61:090121D000000000300,00NTRF000096181726//180007
PAGO
:61:090121D000000000850,00NTRF000091883895//180007
PAGO
:61:090121D000000000170,00NTRF000094994497//180007
PAGO
:61:090121D000000000500,00NTRF000094759414//180007
PAGO
:61:090121D000000002200,00NTRF000094585230//180007
PAGO
:61:090121D000000000600,00NTRF000094520463//180007
PAGO
:62M:D090121VEF000001217916,55
-}{5:{CHK:1143FB20924B}}{S:{COP:S}}${1:F21VZCRVECAAXXX5410610696}{4:{177:0404021720}{451:0}}{1:F01VZCRVECAAXXX5410610696}{2:09501717040402VZCRVECAAXXX40812675430404021720N}{3:{108:SCONNECT}}{4:
:20:MI090121
:25:1111111111
:28C:0545/053
:60M:D090121VEF000001217916,55
:61:090121D000000000050,00NTRF000094519380//180007
PAGO
:61:090121D000000001655,79NTRF000094445969//180007
PAGO
:61:090121D000000001000,00NTRF000094429138//180007
PAGO
:61:090121D000000000200,00NTRF000094298908//180007
PAGO
:61:090121D000000000618,90NTRF000094232488//180007
PAGO
:61:090121D000000000100,00NTRF000072730989//180007
PAGO
:61:090121D000000001300,00NTRF000072691868//180007
PAGO
:61:090121D000000000176,00NTRF000072635659//180007
PAGO
:61:090121D000000000450,00NTRF000072499647//180007
PAGO
:62M:D090121VEF000001223467,24
-}{5:{CHK:1143FB20924B}}{S:{COP:S}}${1:F21VZCRVECAAXXX5410610696}{4:{177:0404021720}{451:0}}{1:F01VZCRVECAAXXX5410610696}{2:09501717040402VZCRVECAAXXX40812675430404021720N}{3:{108:SCONNECT}}{4:
:20:MI090121
:25:1111111111
:28C:0545/054
:60M:D090121VEF000001223467,24
:61:090121D000000001500,00NTRF000072102285//180007
PAGO
:61:090121D000000025000,00NTRF000072099938//180007
PAGO
:61:090121D000000000600,00NTRF000072063381//180007
PAGO
:61:090121D000000004250,00NTRF000071790084//180007
PAGO
:61:090121D000000001175,45NTRF000071568604//180007
PAGO
:61:090121D000000001100,00NTRF000047631898//180007
PAGO
:61:090121D000000000070,00NTRF000047517373//180007
PAGO
:61:090121D000000000120,00NTRF000047467032//180007
PAGO
:61:090121D000000000060,00NTRF000047110386//180007
PAGO
:62M:D090121VEF000001257342,69
-}{5:{CHK:1143FB20924B}}{S:{COP:S}}${1:F21VZCRVECAAXXX5410610696}{4:{177:0404021720}{451:0}}{1:F01VZCRVECAAXXX5410610696}{2:09501717040402VZCRVECAAXXX40812675430404021720N}{3:{108:SCONNECT}}{4:
:20:MI090121
:25:1111111111
:28C:0545/055
:60M:D090121VEF000001257342,69
:61:090121D000000000300,00NTRF000046989499//180007
PAGO
:61:090121D000000001000,00NTRF000046941313//180007
PAGO
:61:090121D000000012430,00NTRF000046804915//180007
PAGO
:61:090121D000000000289,22NTRF000046730569//180007
PAGO
:61:090121D000000000950,00NTRF000046640053//180007
PAGO
:61:090121D000000001000,00NTRF000022426599//180007
PAGO
:61:090121D000000001439,00NTRF000022244843//180007
PAGO
:61:090121D000000001000,00NTRF000022227738//180007
PAGO
:61:090121D000000000750,00NTRF000022184824//180007
PAGO
:62M:D090121VEF000001276500,91
-}{5:{CHK:1143FB20924B}}{S:{COP:S}}${1:F21VZCRVECAAXXX5410610696}{4:{177:0404021720}{451:0}}{1:F01VZCRVECAAXXX5410610696}{2:09501717040402VZCRVECAAXXX40812675430404021720N}{3:{108:SCONNECT}}{4:
:20:MI090121
:25:1111111111
:28C:0545/056
:60M:D090121VEF000001276500,91
:61:090121D000000000050,00NTRF000022098412//180007
PAGO
:61:090121D000000000350,00NTRF000021859037//180007
PAGO
:61:090121D000000000600,00NTRF000021545006//180007
PAGO
:61:090121D000000000600,00NTRF000021474828//180007
PAGO
:61:090121D000000000483,00NTRF000021407411//180007
PAGO
:61:090121D000000000100,00NTRF000098510527//180007
PAGO
:61:090121D000000000600,00NTRF000098012696//180007
PAGO
:61:090121D000000000263,09NTRF000097919454//180007
PAGO
:61:090121D000000000380,00NTRF000097773282//180007
PAGO
:62M:D090121VEF000001279927,00
-}{5:{CHK:1143FB20924B}}{S:{COP:S}}${1:F21VZCRVECAAXXX5410610696}{4:{177:0404021720}{451:0}}{1:F01VZCRVECAAXXX5410610696}{2:09501717040402VZCRVECAAXXX40812675430404021720N}{3:{108:SCONNECT}}{4:
:20:MI090121
:25:1111111111
:28C:0545/057
:60M:D090121VEF000001279927,00
:61:090121D000000000270,00NTRF000097705887//180007
PAGO
:61:090121D000000000160,00NTRF000097680045//180007
PAGO
:61:090121D000000000700,00NTRF000097497941//180007
PAGO
:61:090121D000000000916,00NTRF000097475538//180007
PAGO
:61:090121D000000000120,00NTRF000097181683//180007
PAGO
:61:090121D000000000300,00NTRF000070700513//180007
PAGO
:61:090121D000000000300,00NTRF000070637513//180007
PAGO
:61:090121D000000000040,00NTRF000070465800//180007
PAGO
:61:090121D000000000226,00NTRF000069671137//180007
PAGO
:62M:D090121VEF000001282959,00
-}{5:{CHK:1143FB20924B}}{S:{COP:S}}${1:F21VZCRVECAAXXX5410610696}{4:{177:0404021720}{451:0}}{1:F01VZCRVECAAXXX5410610696}{2:09501717040402VZCRVECAAXXX40812675430404021720N}{3:{108:SCONNECT}}{4:
:20:MI090121
:25:1111111111
:28C:0545/058
:60M:D090121VEF000001282959,00
:61:090121D000000000110,00NTRF000069338043//180007
PAGO
:61:090121D000000000200,00NTRF000069134723//180007
PAGO
:61:090121D000000000693,47NTRF000069075139//180007
PAGO
:61:090121D000000000200,00NTRF000069066723//180007
PAGO
:61:090121D000000002655,00NTRF000066868566//180007
PAGO
:61:090121D000000000107,00NTRF000044099273//180007
PAGO
:61:090121D000000000260,00NTRF000044091609//180007
PAGO
:61:090121D000000000100,00NTRF000044021932//180007
PAGO
:61:090121D000000000120,00NTRF000043856124//180007
PAGO
:62M:D090121VEF000001287404,47
-}{5:{CHK:1143FB20924B}}{S:{COP:S}}${1:F21VZCRVECAAXXX5410610696}{4:{177:0404021720}{451:0}}{1:F01VZCRVECAAXXX5410610696}{2:09501717040402VZCRVECAAXXX40812675430404021720N}{3:{108:SCONNECT}}{4:
:20:MI090121
:25:1111111111
:28C:0545/059
:60M:D090121VEF000001287404,47
:61:090121D000000000500,00NTRF000043607984//180007
PAGO
:61:090121D000000000500,00NTRF000043098394//180007
PAGO
:61:090121D000000000550,00NTRF000042922049//180007
PAGO
:61:090121D000000000250,00NTRF000042593517//180007
PAGO
:61:090121D000000000150,00NTRF000042462600//180007
PAGO
:61:090121D000000000073,00NTRF000014624500//180007
PAGO
:61:090121D000000000700,00NTRF000014308089//180007
PAGO
:61:090121D000000000300,00NTRF000013712412//180007
PAGO
:61:090121D000000001300,00NTRF000012951123//180007
PAGO
:62M:D090121VEF000001291727,47
-}{5:{CHK:1143FB20924B}}{S:{COP:S}}${1:F21VZCRVECAAXXX5410610696}{4:{177:0404021720}{451:0}}{1:F01VZCRVECAAXXX5410610696}{2:09501717040402VZCRVECAAXXX40812675430404021720N}{3:{108:SCONNECT}}{4:
:20:MI090121
:25:1111111111
:28C:0545/060
:60M:D090121VEF000001291727,47
:61:090121D000000000500,00NTRF000012456502//180007
PAGO
:61:090121D000000000431,00NTRF000012433513//180007
PAGO
:61:090121D000000000375,00NTRF000012135051//180007
PAGO
:61:090121D000000003000,00NTRF000012092346//180007
PAGO
:61:090121D000000000100,00NTRF000011878915//180007
PAGO
:61:090121D000000003000,00NTRF000091306314//180007
PAGO
:61:090121D000000001000,00NTRF000090541328//180007
PAGO
:61:090121D000000000095,00NTRF000086696015//180007
PAGO
:61:090121D000000000105,00NTRF000086171583//180007
PAGO
:62M:D090121VEF000001300333,47
-}{5:{CHK:1143FB20924B}}{S:{COP:S}}${1:F21VZCRVECAAXXX5410610696}{4:{177:0404021720}{451:0}}{1:F01VZCRVECAAXXX5410610696}{2:09501717040402VZCRVECAAXXX40812675430404021720N}{3:{108:SCONNECT}}{4:
:20:MI090121
:25:1111111111
:28C:0545/061
:60M:D090121VEF000001300333,47
:61:090121D000000000500,00NTRF000085378216//180007
PAGO
:61:090121D000000002500,00NTRF000084850123//180007
PAGO
:61:090121D000000005500,00NTRF000084664689//180007
PAGO
:61:090121D000000000048,76NTRF000078911032//180007
PAGO
:61:090121D000000000400,00NTRF000077814171//180007
PAGO
:61:090121D000000000150,00NTRF000093968445//180007
PAGO
:61:090121D000000001500,00NTRF000093897334//180007
PAGO
:61:090121D000000000500,00NTRF000093570288//180007
PAGO
:61:090121D000000000500,00NTRF000093337050//180007
PAGO
:62M:D090121VEF000001311932,23
-}{5:{CHK:1143FB20924B}}{S:{COP:S}}${1:F21VZCRVECAAXXX5410610696}{4:{177:0404021720}{451:0}}{1:F01VZCRVECAAXXX5410610696}{2:09501717040402VZCRVECAAXXX40812675430404021720N}{3:{108:SCONNECT}}{4:
:20:MI090121
:25:1111111111
:28C:0545/062
:60M:D090121VEF000001311932,23
:61:090121D000000000397,00NTRF000092969545//180007
PAGO
:61:090121D000000000600,00NTRF000092808158//180007
PAGO
:61:090121D000000001666,66NTRF000092636333//180007
PAGO
:61:090121D000000000200,00NTRF000092563643//180007
PAGO
:61:090121D000000000110,00NTRF000092420591//180007
PAGO
:61:090121D000000001000,00NTRF000071430354//180007
PAGO
:61:090121D000000000200,00NTRF000071266047//180007
PAGO
:61:090121D000000001200,00NTRF000071231951//180007
PAGO
:61:090121D000000002000,00NTRF000070835305//180007
PAGO
:62M:D090121VEF000001319305,89
-}{5:{CHK:1143FB20924B}}{S:{COP:S}}${1:F21VZCRVECAAXXX5410610696}{4:{177:0404021720}{451:0}}{1:F01VZCRVECAAXXX5410610696}{2:09501717040402VZCRVECAAXXX40812675430404021720N}{3:{108:SCONNECT}}{4:
:20:MI090121
:25:1111111111
:28C:0545/063
:60M:D090121VEF000001319305,89
:61:090121D000000000600,00NTRF000070743134//180007
PAGO
:61:090121D000000000240,00NTRF000070710975//180007
PAGO
:61:090121D000000000950,00NTRF000070656778//180007
PAGO
:61:090121D000000000200,00NTRF000070375281//180007
PAGO
:61:090121D000000000630,00NTRF000070082821//180007
PAGO
:61:090121D000000012430,00NTRF000046366923//180007
PAGO
:61:090121D000000005000,00NTRF000046357059//180007
PAGO
:61:090121D000000000500,00NTRF000046089312//180007
PAGO
:61:090121D000000003900,00NTRF000045707290//180007
PAGO
:62M:D090121VEF000001343755,89
-}{5:{CHK:1143FB20924B}}{S:{COP:S}}${1:F21VZCRVECAAXXX5410610696}{4:{177:0404021720}{451:0}}{1:F01VZCRVECAAXXX5410610696}{2:09501717040402VZCRVECAAXXX40812675430404021720N}{3:{108:SCONNECT}}{4:
:20:MI090121
:25:1111111111
:28C:0545/064
:60M:D090121VEF000001343755,89
:61:090121D000000001370,00NTRF000045293126//180007
PAGO
:61:090121D000000000514,00NTRF000045042741//180007
PAGO
:61:090121D000000000200,00NTRF000045030627//180007
PAGO
:61:090121D000000000161,54NTRF000044717465//180007
PAGO
:61:090121D000000000500,00NTRF000044525219//180007
PAGO
:61:090121D000000005439,54NTRF000020924821//180007
PAGO
:61:090121D000000000100,00NTRF000020827256//180007
PAGO
:61:090121D000000000315,00NTRF000020601393//180007
PAGO
:61:090121D000000000168,55NTRF000020519624//180007
PAGO
:62M:D090121VEF000001352524,52
-}{5:{CHK:1143FB20924B}}{S:{COP:S}}${1:F21VZCRVECAAXXX5410610696}{4:{177:0404021720}{451:0}}{1:F01VZCRVECAAXXX5410610696}{2:09501717040402VZCRVECAAXXX40812675430404021720N}{3:{108:SCONNECT}}{4:
:20:MI090121
:25:1111111111
:28C:0545/065
:60M:D090121VEF000001352524,52
:61:090121D000000000650,00NTRF000020332883//180007
PAGO
:61:090121D000000000800,00NTRF000019916613//180007
PAGO
:61:090121D000000000287,00NTRF000019599671//180007
PAGO
:61:090121D000000000700,00NTRF000019545062//180007
PAGO
:61:090121D000000000566,00NTRF000019495996//180007
PAGO
:61:090121D000000000790,34NTRF000096919229//180007
PAGO
:61:090121D000000000195,00NTRF000096798618//180007
PAGO
:61:090121D000000000500,00NTRF000096648052//180007
PAGO
:61:090121D000000000380,00NTRF000096442634//180007
PAGO
:62M:D090121VEF000001357392,86
-}{5:{CHK:1143FB20924B}}{S:{COP:S}}${1:F21VZCRVECAAXXX5410610696}{4:{177:0404021720}{451:0}}{1:F01VZCRVECAAXXX5410610696}{2:09501717040402VZCRVECAAXXX40812675430404021720N}{3:{108:SCONNECT}}{4:
:20:MI090121
:25:1111111111
:28C:0545/066
:60M:D090121VEF000001357392,86
:61:090121D000000000600,00NTRF000096214872//180007
PAGO
:61:090121D000000000120,00NTRF000096113599//180007
PAGO
:61:090121D000000000060,00NTRF000095255039//180007
PAGO
:61:090121D000000001800,00NTRF000094716125//180007
PAGO
:61:090121D000000001000,00NTRF000094235889//180007
PAGO
:61:090121D000000000500,00NTRF000069015870//180007
PAGO
:61:090121D000000000500,00NTRF000068847870//180007
PAGO
:61:090121D000000000210,00NTRF000068788143//180007
PAGO
:61:090121D000000000620,09NTRF000068682374//180007
PAGO
:62M:D090121VEF000001362802,95
-}{5:{CHK:1143FB20924B}}{S:{COP:S}}${1:F21VZCRVECAAXXX5410610696}{4:{177:0404021720}{451:0}}{1:F01VZCRVECAAXXX5410610696}{2:09501717040402VZCRVECAAXXX40812675430404021720N}{3:{108:SCONNECT}}{4:
:20:MI090121
:25:1111111111
:28C:0545/067
:60M:D090121VEF000001362802,95
:61:090121D000000000150,00NTRF000068533601//180007
PAGO
:61:090121D000000000100,00NTRF000068242882//180007
PAGO
:61:090121D000000001300,00NTRF000068119947//180007
PAGO
:61:090121D000000000515,00NTRF000068095960//180007
PAGO
:61:090121D000000000280,00NTRF000067284715//180007
PAGO
:61:090121D000000001200,00NTRF000041896714//180007
PAGO
:61:090121D000000000150,00NTRF000041592600//180007
PAGO
:61:090121D000000000240,00NTRF000041192723//180007
PAGO
:61:090121D000000002440,00NTRF000040909889//180007
PAGO
:62M:D090121VEF000001369177,95
-}{5:{CHK:1143FB20924B}}{S:{COP:S}}${1:F21VZCRVECAAXXX5410610696}{4:{177:0404021720}{451:0}}{1:F01VZCRVECAAXXX5410610696}{2:09501717040402VZCRVECAAXXX40812675430404021720N}{3:{108:SCONNECT}}{4:
:20:MI090121
:25:1111111111
:28C:0545/068
:60M:D090121VEF000001369177,95
:61:090121D000000000140,00NTRF000040892350//180007
PAGO
:61:090121D000000000500,00NTRF000040847631//180007
PAGO
:61:090121D000000000132,00NTRF000040734943//180007
PAGO
:61:090121D000000001360,00NTRF000040728370//180007
PAGO
:61:090121D000000002212,50NTRF000040584123//180007
PAGO
:61:090121D000000000100,00NTRF000011782925//180007
PAGO
:61:090121D000000000450,00NTRF000011686831//180007
PAGO
:61:090121D000000000100,00NTRF000011613925//180007
PAGO
:61:090121D000000000150,00NTRF000011596770//180007
PAGO
:62M:D090121VEF000001374322,45
-}{5:{CHK:1143FB20924B}}{S:{COP:S}}${1:F21VZCRVECAAXXX5410610696}{4:{177:0404021720}{451:0}}{1:F01VZCRVECAAXXX5410610696}{2:09501717040402VZCRVECAAXXX40812675430404021720N}{3:{108:SCONNECT}}{4:
:20:MI090121
:25:1111111111
:28C:0545/069
:60M:D090121VEF000001374322,45
:61:090121D000000000970,00NTRF000011409107//180007
PAGO
:61:090121D000000000326,00NTRF000011388440//180007
PAGO
:61:090121D000000000080,00NTRF000011130015//180007
PAGO
:61:090121D000000001200,00NTRF000011119326//180007
PAGO
:61:090121D000000000250,00NTRF000009266852//180007
PAGO
:61:090121D000000000677,48NTRF000077686476//180007
PAGO
:61:090121D000000001774,00NTRF000076084333//180007
PAGO
:61:090121D000000000500,00NTRF000074991764//180007
PAGO
:61:090121D000000000800,00NTRF000073980322//180007
PAGO
:62M:D090121VEF000001380899,93
-}{5:{CHK:1143FB20924B}}{S:{COP:S}}${1:F21VZCRVECAAXXX5410610696}{4:{177:0404021720}{451:0}}{1:F01VZCRVECAAXXX5410610696}{2:09501717040402VZCRVECAAXXX40812675430404021720N}{3:{108:SCONNECT}}{4:
:20:MI090121
:25:1111111111
:28C:0545/070
:60M:D090121VEF000001380899,93
:61:090121D000000000650,00NTRF000070041838//180007
PAGO
:61:090121D000000001500,00NTRF000062868019//180007
PAGO
:61:090121D000000000300,00NTRF000061582138//180007
PAGO
:61:090121D000000001500,00NTRF000060616488//180007
PAGO
:61:090121D000000000420,00NTRF000060501866//180007
PAGO
:61:090121D000000004267,90NTRF000092127459//180007
PAGO
:61:090121D000000000200,00NTRF000092106802//180007
PAGO
:61:090121D000000001402,00NTRF000091865641//180007
PAGO
:61:090121D000000000250,00NTRF000091587031//180007
PAGO
:62M:D090121VEF000001391389,83
-}{5:{CHK:1143FB20924B}}{S:{COP:S}}${1:F21VZCRVECAAXXX5410610696}{4:{177:0404021720}{451:0}}{1:F01VZCRVECAAXXX5410610696}{2:09501717040402VZCRVECAAXXX40812675430404021720N}{3:{108:SCONNECT}}{4:
:20:MI090121
:25:1111111111
:28C:0545/071
:60M:D090121VEF000001391389,83
:61:090121D000000020000,00NTRF000091484688//180007
PAGO
:61:090121D000000000660,00NTRF000091449341//180007
PAGO
:61:090121D000000000100,00NTRF000091331505//180007
PAGO
:61:090121D000000000420,00NTRF000091245351//180007
PAGO
:61:090121D000000000432,00NTRF000091214292//180007
PAGO
:61:090121D000000000985,00NTRF000069254821//180007
PAGO
:61:090121D000000000120,00NTRF000069169308//180007
PAGO
:61:090121D000000000060,00NTRF000068721197//180007
PAGO
:61:090121D000000000100,00NTRF000068710121//180007
PAGO
:62M:D090121VEF000001414266,83
-}{5:{CHK:1143FB20924B}}{S:{COP:S}}${1:F21VZCRVECAAXXX5410610696}{4:{177:0404021720}{451:0}}{1:F01VZCRVECAAXXX5410610696}{2:09501717040402VZCRVECAAXXX40812675430404021720N}{3:{108:SCONNECT}}{4:
:20:MI090121
:25:1111111111
:28C:0545/072
:60M:D090121VEF000001414266,83
:61:090121D000000003739,35NTRF000068470204//180007
PAGO
:61:090121D000000000600,00NTRF000068458334//180007
PAGO
:61:090121D000000001204,00NTRF000068449286//180007
PAGO
:61:090121D000000004000,00NTRF000068422427//180007
PAGO
:61:090121D000000002000,00NTRF000068294854//180007
PAGO
:61:090121D000000000550,00NTRF000044467857//180007
PAGO
:61:090121D000000000500,00NTRF000044221169//180007
PAGO
:61:090121D000000001500,00NTRF000044025949//180007
PAGO
:61:090121D000000001200,00NTRF000043906779//180007
PAGO
:62M:D090121VEF000001429560,18
-}{5:{CHK:1143FB20924B}}{S:{COP:S}}${1:F21VZCRVECAAXXX5410610696}{4:{177:0404021720}{451:0}}{1:F01VZCRVECAAXXX5410610696}{2:09501717040402VZCRVECAAXXX40812675430404021720N}{3:{108:SCONNECT}}{4:
:20:MI090121
:25:1111111111
:28C:0545/073
:60M:D090121VEF000001429560,18
:61:090121D000000001100,00NTRF000043670753//180007
PAGO
:61:090121D000000002000,00NTRF000043270618//180007
PAGO
:61:090121D000000001280,00NTRF000043250082//180007
PAGO
:61:090121D000000000400,00NTRF000043214056//180007
PAGO
:61:090121D000000000271,00NTRF000043180005//180007
PAGO
:61:090121D000000000030,00NTRF000019216056//180007
PAGO
:61:090121D000000000795,00NTRF000019071022//180007
PAGO
:61:090121D000000000150,00NTRF000018920921//180007
PAGO
:61:090121D000000001060,00NTRF000018908294//180007
PAGO
:62M:D090121VEF000001436646,18
-}{5:{CHK:1143FB20924B}}{S:{COP:S}}${1:F21VZCRVECAAXXX5410610696}{4:{177:0404021720}{451:0}}{1:F01VZCRVECAAXXX5410610696}{2:09501717040402VZCRVECAAXXX40812675430404021720N}{3:{108:SCONNECT}}{4:
:20:MI090121
:25:1111111111
:28C:0545/074
:60M:D090121VEF000001436646,18
:61:090121D000000001200,00NTRF000018899464//180007
PAGO
:61:090121D000000007055,25NTRF000018891755//180007
PAGO
:61:090121D000000000180,00NTRF000018521867//180007
PAGO
:61:090121D000000000500,00NTRF000018248084//180007
PAGO
:61:090121D000000001000,00NTRF000017973054//180007
PAGO
:61:090121D000000001000,00NTRF000094192889//180007
PAGO
:61:090121D000000000300,00NTRF000094167611//180007
PAGO
:61:090121D000000001000,00NTRF000094164205//180007
PAGO
:61:090121D000000000150,00NTRF000093568516//180007
PAGO
:62M:D090121VEF000001449031,43
-}{5:{CHK:1143FB20924B}}{S:{COP:S}}${1:F21VZCRVECAAXXX5410610696}{4:{177:0404021720}{451:0}}{1:F01VZCRVECAAXXX5410610696}{2:09501717040402VZCRVECAAXXX40812675430404021720N}{3:{108:SCONNECT}}{4:
:20:MI090121
:25:1111111111
:28C:0545/075
:60M:D090121VEF000001449031,43
:61:090121D000000000150,00NTRF000093539516//180007
PAGO
:61:090121D000000000170,00NTRF000093418394//180007
PAGO
:61:090121D000000000040,00NTRF000093399851//180007
PAGO
:61:090121D000000000800,00NTRF000093351584//180007
PAGO
:61:090121D000000000500,00NTRF000092702176//180007
PAGO
:61:090121D000000001000,00NTRF000066624426//180007
PAGO
:61:090121D000000001000,00NTRF000066578426//180007
PAGO
:61:090121D000000001000,00NTRF000066548426//180007
PAGO
:61:090121D000000001000,00NTRF000066519315//180007
PAGO
:62M:D090121VEF000001454691,43
-}{5:{CHK:1143FB20924B}}{S:{COP:S}}${1:F21VZCRVECAAXXX5410610696}{4:{177:0404021720}{451:0}}{1:F01VZCRVECAAXXX5410610696}{2:09501717040402VZCRVECAAXXX40812675430404021720N}{3:{108:SCONNECT}}{4:
:20:MI090121
:25:1111111111
:28C:0545/076
:60M:D090121VEF000001454691,43
:61:090121D000000000235,00NTRF000066414773//180007
PAGO
:61:090121D000000000420,66NTRF000066231902//180007
PAGO
:61:090121D000000000400,00NTRF000066131762//180007
PAGO
:61:090121D000000000851,07NTRF000065866143//180007
PAGO
:61:090121D000000000660,00NTRF000064354776//180007
PAGO
:61:090121D000000000300,00NTRF000040383380//180007
PAGO
:61:090121D000000000132,00NTRF000040344943//180007
PAGO
:61:090121D000000002000,00NTRF000040308975//180007
PAGO
:61:090121D000000000056,48NTRF000040114332//180007
PAGO
:62M:D090121VEF000001459746,64
-}{5:{CHK:1143FB20924B}}{S:{COP:S}}${1:F21VZCRVECAAXXX5410610696}{4:{177:0404021720}{451:0}}{1:F01VZCRVECAAXXX5410610696}{2:09501717040402VZCRVECAAXXX40812675430404021720N}{3:{108:SCONNECT}}{4:
:20:MI090121
:25:1111111111
:28C:0545/077
:60M:D090121VEF000001459746,64
:61:090121D000000000500,00NTRF000039988407//180007
PAGO
:61:090121D000000002000,00NTRF000039801627//180007
PAGO
:61:090121D000000002000,00NTRF000039559692//180007
PAGO
:61:090121D000000000200,00NTRF000039510489//180007
PAGO
:61:090121D000000000050,00NTRF000039424164//180007
PAGO
:61:090121D000000001268,00NTRF000010850947//180007
PAGO
:61:090121D000000000300,00NTRF000010492586//180007
PAGO
:61:090121D000000001600,00NTRF000010202056//180007
PAGO
:61:090121D000000000100,00NTRF000009984583//180007
PAGO
:62M:D090121VEF000001467764,64
-}{5:{CHK:1143FB20924B}}{S:{COP:S}}${1:F21VZCRVECAAXXX5410610696}{4:{177:0404021720}{451:0}}{1:F01VZCRVECAAXXX5410610696}{2:09501717040402VZCRVECAAXXX40812675430404021720N}{3:{108:SCONNECT}}{4:
:20:MI090121
:25:1111111111
:28C:0545/078
:60M:D090121VEF000001467764,64
:61:090121D000000000025,00NTRF000009965492//180007
PAGO
:61:090121D000000000200,00NTRF000009741832//180007
PAGO
:61:090121D000000000100,00NTRF000009720741//180007
PAGO
:61:090121D000000000101,00NTRF000009333246//180007
PAGO
:61:090121D000000001600,00NTRF000059945042//180007
PAGO
:61:090121D000000003745,00NTRF000058973109//180007
PAGO
:61:090121D000000001400,00NTRF000053274098//180007
PAGO
:61:090121D000000001400,00NTRF000053260014//180007
PAGO
:61:090121D000000000200,00NTRF000052253699//180007
PAGO
:62M:D090121VEF000001476535,64
-}{5:{CHK:1143FB20924B}}{S:{COP:S}}${1:F21VZCRVECAAXXX5410610696}{4:{177:0404021720}{451:0}}{1:F01VZCRVECAAXXX5410610696}{2:09501717040402VZCRVECAAXXX40812675430404021720N}{3:{108:SCONNECT}}{4:
:20:MI090121
:25:1111111111
:28C:0545/079
:60M:D090121VEF000001476535,64
:61:090121D000000014280,00NTRF000049247205//180007
PAGO
:61:090121D000000000900,00NTRF000047783584//180007
PAGO
:61:090121D000000001000,00NTRF000046587659//180007
PAGO
:61:090121D000000000284,00NTRF000045353155//180007
PAGO
:61:090121D000000000260,00NTRF000091176466//180007
PAGO
:61:090121D000000001000,00NTRF000090877603//180007
PAGO
:61:090121D000000001333,33NTRF000090846026//180007
PAGO
:61:090121D000000000700,00NTRF000090637753//180007
PAGO
:61:090121D000000011220,00NTRF000090601141//180007
PAGO
:62M:D090121VEF000001507512,97
-}{5:{CHK:1143FB20924B}}{S:{COP:S}}${1:F21VZCRVECAAXXX5410610696}{4:{177:0404021720}{451:0}}{1:F01VZCRVECAAXXX5410610696}{2:09501717040402VZCRVECAAXXX40812675430404021720N}{3:{108:SCONNECT}}{4:
:20:MI090121
:25:1111111111
:28C:0545/080
:60M:D090121VEF000001507512,97
:61:090121D000000000850,00NTRF000090259925//180007
PAGO
:61:090121D000000000191,75NTRF000090168296//180007
PAGO
:61:090121D000000000900,00NTRF000090005001//180007
PAGO
:61:090121D000000004619,00NTRF000089993790//180007
PAGO
:61:090121D000000000494,00NTRF000068238105//180007
PAGO
:61:090121D000000000400,00NTRF000068179089//180007
PAGO
:61:090121D000000000450,00NTRF000068130821//180007
PAGO
:61:090121D000000000730,00NTRF000068080873//180007
PAGO
:61:090121D000000000500,00NTRF000067789188//180007
PAGO
:62M:D090121VEF000001516647,72
-}{5:{CHK:1143FB20924B}}{S:{COP:S}}${1:F21VZCRVECAAXXX5410610696}{4:{177:0404021720}{451:0}}{1:F01VZCRVECAAXXX5410610696}{2:09501717040402VZCRVECAAXXX40812675430404021720N}{3:{108:SCONNECT}}{4:
:20:MI090121
:25:1111111111
:28C:0545/081
:60M:D090121VEF000001516647,72
:61:090121D000000000346,67NTRF000067626051//180007
PAGO
:61:090121D000000000600,00NTRF000067598711//180007
PAGO
:61:090121D000000002000,00NTRF000067583687//180007
PAGO
:61:090121D000000003330,00NTRF000067580635//180007
PAGO
:61:090121D000000000255,00NTRF000043031421//180007
PAGO
:61:090121D000000002000,00NTRF000042777418//180007
PAGO
:61:090121D000000000060,00NTRF000042756117//180007
PAGO
:61:090121D000000000500,00NTRF000042679662//180007
PAGO
:61:090121D000000003270,00NTRF000042534273//180007
PAGO
:62M:D090121VEF000001529009,39
-}{5:{CHK:1143FB20924B}}{S:{COP:S}}${1:F21VZCRVECAAXXX5410610696}{4:{177:0404021720}{451:0}}{1:F01VZCRVECAAXXX5410610696}{2:09501717040402VZCRVECAAXXX40812675430404021720N}{3:{108:SCONNECT}}{4:
:20:MI090121
:25:1111111111
:28C:0545/082
:60M:D090121VEF000001529009,39
:61:090121D000000001800,00NTRF000042467155//180007
PAGO
:61:090121D000000000200,00NTRF000041947999//180007
PAGO
:61:090121D000000000272,50NTRF000041543835//180007
PAGO
:61:090121D000000000115,00NTRF000041001358//180007
PAGO
:61:090121D000000000620,00NTRF000017841199//180007
PAGO
:61:090121D000000000620,00NTRF000017798297//180007
PAGO
:61:090121D000000003000,00NTRF000017656176//180007
PAGO
:61:090121D000000000800,00NTRF000017488959//180007
PAGO
:61:090121D000000001200,00NTRF000017335445//180007
PAGO
:62M:D090121VEF000001537636,89
-}{5:{CHK:1143FB20924B}}{S:{COP:S}}${1:F21VZCRVECAAXXX5410610696}{4:{177:0404021720}{451:0}}{1:F01VZCRVECAAXXX5410610696}{2:09501717040402VZCRVECAAXXX40812675430404021720N}{3:{108:SCONNECT}}{4:
:20:MI090121
:25:1111111111
:28C:0545/083
:60M:D090121VEF000001537636,89
:61:090121D000000003600,00NTRF000017128626//180007
PAGO
:61:090121D000000000050,00NTRF000017077504//180007
PAGO
:61:090121D000000000800,00NTRF000017050917//180007
PAGO
:61:090121D000000003950,00NTRF000017043821//180007
PAGO
:61:090121D000000001806,00NTRF000092619660//180007
PAGO
:61:090121D000000000150,00NTRF000092606681//180007
PAGO
:61:090121D000000000150,00NTRF000092561681//180007
PAGO
:61:090121D000000000200,00NTRF000092311618//180007
PAGO
:61:090121D000000000922,00NTRF000092248035//180007
PAGO
:62M:D090121VEF000001549264,89
-}{5:{CHK:1143FB20924B}}{S:{COP:S}}${1:F21VZCRVECAAXXX5410610696}{4:{177:0404021720}{451:0}}{1:F01VZCRVECAAXXX5410610696}{2:09501717040402VZCRVECAAXXX40812675430404021720N}{3:{108:SCONNECT}}{4:
:20:MI090121
:25:1111111111
:28C:0545/084
:60M:D090121VEF000001549264,89
:61:090121D000000000218,24NTRF000091965666//180007
PAGO
:61:090121D000000000100,00NTRF000091864205//180007
PAGO
:61:090121D000000000100,00NTRF000091836205//180007
PAGO
:61:090121D000000000150,00NTRF000091653864//180007
PAGO
:61:090121D000000000200,00NTRF000065592468//180007
PAGO
:61:090121D000000000900,00NTRF000065508164//180007
PAGO
:61:090121D000000001902,61NTRF000065332555//180007
PAGO
:61:090121D000000000545,00NTRF000065296724//180007
PAGO
:61:090121D000000003600,00NTRF000064944841//180007
PAGO
:62M:D090121VEF000001556980,74
-}{5:{CHK:1143FB20924B}}{S:{COP:S}}${1:F21VZCRVECAAXXX5410610696}{4:{177:0404021720}{451:0}}{1:F01VZCRVECAAXXX5410610696}{2:09501717040402VZCRVECAAXXX40812675430404021720N}{3:{108:SCONNECT}}{4:
:20:MI090121
:25:1111111111
:28C:0545/085
:60M:D090121VEF000001556980,74
:61:090121D000000000500,00NTRF000064420168//180007
PAGO
:61:090121D000000000500,00NTRF000064399168//180007
PAGO
:61:090121D000000001290,00NTRF000064386839//180007
PAGO
:61:090121D000000000300,00NTRF000064364275//180007
PAGO
:61:090121D000000000500,00NTRF000039376848//180007
PAGO
:61:090121D000000000200,00NTRF000039286679//180007
PAGO
:61:090121D000000000159,00NTRF000039205285//180007
PAGO
:61:090121D000000002000,00NTRF000038822692//180007
PAGO
:61:090121D000000003500,00NTRF000038649228//180007
PAGO
:62M:D090121VEF000001565929,74
-}{5:{CHK:1143FB20924B}}{S:{COP:S}}${1:F21VZCRVECAAXXX5410610696}{4:{177:0404021720}{451:0}}{1:F01VZCRVECAAXXX5410610696}{2:09501717040402VZCRVECAAXXX40812675430404021720N}{3:{108:SCONNECT}}{4:
:20:MI090121
:25:1111111111
:28C:0545/086
:60M:D090121VEF000001565929,74
:61:090121D000000000600,00NTRF000038625419//180007
PAGO
:61:090121D000000000139,00NTRF000038292813//180007
PAGO
:61:090121D000000001500,00NTRF000037899571//180007
PAGO
:61:090121D000000001500,00NTRF000037454468//180007
PAGO
:61:090121D000000000400,00NTRF000009034357//180007
PAGO
:61:090121D000000001500,00NTRF000008947277//180007
PAGO
:61:090121D000000000100,00NTRF000008868644//180007
PAGO
:61:090121D000000000500,00NTRF000008381025//180007
PAGO
:61:090121D000000000700,00NTRF000008009065//180007
PAGO
:62M:D090121VEF000001572868,74
-}{5:{CHK:1143FB20924B}}{S:{COP:S}}${1:F21VZCRVECAAXXX5410610696}{4:{177:0404021720}{451:0}}{1:F01VZCRVECAAXXX5410610696}{2:09501717040402VZCRVECAAXXX40812675430404021720N}{3:{108:SCONNECT}}{4:
:20:MI090121
:25:1111111111
:28C:0545/087
:60M:D090121VEF000001572868,74
:61:090121D000000000300,00NTRF000007989354//180007
PAGO
:61:090121D000000000700,00NTRF000007985065//180007
PAGO
:61:090121D000000001000,00NTRF000007746639//180007
PAGO
:61:090121D000000000300,00NTRF000005762921//180007
PAGO
:61:090121D000000000700,00NTRF000045154301//180007
PAGO
:61:090121D000000000500,00NTRF000044042360//180007
PAGO
:61:090121D000000002000,00NTRF000043897823//180007
PAGO
:61:090121D000000001000,00NTRF000043856811//180007
PAGO
:61:090121D000000000400,00NTRF000041956815//180007
PAGO
:62M:D090121VEF000001579768,74
-}{5:{CHK:1143FB20924B}}{S:{COP:S}}${1:F21VZCRVECAAXXX5410610696}{4:{177:0404021720}{451:0}}{1:F01VZCRVECAAXXX5410610696}{2:09501717040402VZCRVECAAXXX40812675430404021720N}{3:{108:SCONNECT}}{4:
:20:MI090121
:25:1111111111
:28C:0545/088
:60M:D090121VEF000001579768,74
:61:090121D000000000435,00NTRF000040765058//180007
PAGO
:61:090121D000000000080,00NTRF000037475014//180007
PAGO
:61:090121D000000001500,00NTRF000037125621//180007
PAGO
:61:090121D000000000340,00NTRF000033754080//180007
PAGO
:61:090121D000000002769,61NTRF000089759923//180007
PAGO
:61:090121D000000027000,00NTRF000089597835//180007
PAGO
:61:090121D000000000240,00NTRF000089546957//180007
PAGO
:61:090121D000000001000,00NTRF000089519039//180007
PAGO
:61:090121D000000001087,28NTRF000089257628//180007
PAGO
:62M:D090121VEF000001614220,63
-}{5:{CHK:1143FB20924B}}{S:{COP:S}}${1:F21VZCRVECAAXXX5410610696}{4:{177:0404021720}{451:0}}{1:F01VZCRVECAAXXX5410610696}{2:09501717040402VZCRVECAAXXX40812675430404021720N}{3:{108:SCONNECT}}{4:
:20:MI090121
:25:1111111111
:28C:0545/089
:60M:D090121VEF000001614220,63
:61:090121D000000000275,00NTRF000088959111//180007
PAGO
:61:090121D000000000098,10NTRF000088918827//180007
PAGO
:61:090121D000000000250,50NTRF000088813258//180007
PAGO
:61:090121D000000001500,00NTRF000088485542//180007
PAGO
:61:090121D000000001100,00NTRF000067358487//180007
PAGO
:61:090121D000000001000,00NTRF000067345985//180007
PAGO
:61:090121D000000010000,00NTRF000067292834//180007
PAGO
:61:090121D000000004499,00NTRF000067196136//180007
PAGO
:61:090121D000000000080,00NTRF000066842481//180007
PAGO
:62M:D090121VEF000001633023,23
-}{5:{CHK:1143FB20924B}}{S:{COP:S}}${1:F21VZCRVECAAXXX5410610696}{4:{177:0404021720}{451:0}}{1:F01VZCRVECAAXXX5410610696}{2:09501717040402VZCRVECAAXXX40812675430404021720N}{3:{108:SCONNECT}}{4:
:20:MI090121
:25:1111111111
:28C:0545/090
:60M:D090121VEF000001633023,23
:61:090121D000000000100,00NTRF000066452469//180007
PAGO
:61:090121D000000001343,93NTRF000066149958//180007
PAGO
:61:090121D000000002000,00NTRF000066083290//180007
PAGO
:61:090121D000000001000,00NTRF000065724712//180007
PAGO
:61:090121D000000000415,00NTRF000040983602//180007
PAGO
:61:090121D000000000200,00NTRF000040437899//180007
PAGO
:61:090121D000000000600,00NTRF000040169876//180007
PAGO
:61:090121D000000000315,00NTRF000039801665//180007
PAGO
:61:090121D000000013091,92NTRF000039514646//180007
PAGO
:62M:D090121VEF000001652089,08
-}{5:{CHK:1143FB20924B}}{S:{COP:S}}${1:F21VZCRVECAAXXX5410610696}{4:{177:0404021720}{451:0}}{1:F01VZCRVECAAXXX5410610696}{2:09501717040402VZCRVECAAXXX40812675430404021720N}{3:{108:SCONNECT}}{4:
:20:MI090121
:25:1111111111
:28C:0545/091
:60M:D090121VEF000001652089,08
:61:090121D000000000090,00NTRF000039512716//180007
PAGO
:61:090121D000000000100,00NTRF000039230508//180007
PAGO
:61:090121D000000000300,00NTRF000038678450//180007
PAGO
:61:090121D000000001000,00NTRF000038435959//180007
PAGO
:61:090121D000000000100,00NTRF000017028359//180007
PAGO
:61:090121D000000000500,00NTRF000016541000//180007
PAGO
:61:090121D000000002100,00NTRF000016304047//180007
PAGO
:61:090121D000000000520,00NTRF000015698981//180007
PAGO
:61:090121D000000005000,00NTRF000015681143//180007
PAGO
:62M:D090121VEF000001661799,08
-}{5:{CHK:1143FB20924B}}{S:{COP:S}}${1:F21VZCRVECAAXXX5410610696}{4:{177:0404021720}{451:0}}{1:F01VZCRVECAAXXX5410610696}{2:09501717040402VZCRVECAAXXX40812675430404021720N}{3:{108:SCONNECT}}{4:
:20:MI090121
:25:1111111111
:28C:0545/092
:60M:D090121VEF000001661799,08
:61:090121D000000000600,00NTRF000015598255//180007
PAGO
:61:090121D000000001500,00NTRF000015465981//180007
PAGO
:61:090121D000000003000,00NTRF000015396151//180007
PAGO
:61:090121D000000000380,00NTRF000015073690//180007
PAGO
:61:090121D000000000200,00NTRF000091620618//180007
PAGO
:61:090121D000000000150,00NTRF000091616864//180007
PAGO
:61:090121D000000000610,00NTRF000091513048//180007
PAGO
:61:090121D000000000200,00NTRF000091271032//180007
PAGO
:61:090121D000000000300,00NTRF000091062665//180007
PAGO
:62M:D090121VEF000001668739,08
-}{5:{CHK:1143FB20924B}}{S:{COP:S}}${1:F21VZCRVECAAXXX5410610696}{4:{177:0404021720}{451:0}}{1:F01VZCRVECAAXXX5410610696}{2:09501717040402VZCRVECAAXXX40812675430404021720N}{3:{108:SCONNECT}}{4:
:20:MI090121
:25:1111111111
:28C:0545/093
:60M:D090121VEF000001668739,08
:61:090121D000000000245,59NTRF000090766205//180007
PAGO
:61:090121D000000000117,00NTRF000090716231//180007
PAGO
:61:090121D000000000017,00NTRF000090668301//180007
PAGO
:61:090121D000000000200,00NTRF000090599126//180007
PAGO
:61:090121D000000000530,00NTRF000064181321//180007
PAGO
:61:090121D000000000460,00NTRF000063866601//180007
PAGO
:61:090121D000000000600,00NTRF000063707694//180007
PAGO
:61:090121D000000000170,00NTRF000063022937//180007
PAGO
:61:090121D000000007082,00NTRF000063016224//180007
PAGO
:62M:D090121VEF000001678160,67
-}{5:{CHK:1143FB20924B}}{S:{COP:S}}${1:F21VZCRVECAAXXX5410610696}{4:{177:0404021720}{451:0}}{1:F01VZCRVECAAXXX5410610696}{2:09501717040402VZCRVECAAXXX40812675430404021720N}{3:{108:SCONNECT}}{4:
:20:MI090121
:25:1111111111
:28C:0545/094
:60M:D090121VEF000001678160,67
:61:090121D000000003592,22NTRF000062827391//180007
PAGO
:61:090121D000000002000,00NTRF000062728277//180007
PAGO
:61:090121D000000000350,00NTRF000062442710//180007
PAGO
:61:090121D000000000300,00NTRF000060451783//180007
PAGO
:61:090121D000000000060,00NTRF000037267142//180007
PAGO
:61:090121D000000000200,00NTRF000037251534//180007
PAGO
:61:090121D000000000100,00NTRF000036876253//180007
PAGO
:61:090121D000000000100,00NTRF000036783253//180007
PAGO
:61:090121D000000001737,38NTRF000036512227//180007
PAGO
:62M:D090121VEF000001686600,27
-}{5:{CHK:1143FB20924B}}{S:{COP:S}}${1:F21VZCRVECAAXXX5410610696}{4:{177:0404021720}{451:0}}{1:F01VZCRVECAAXXX5410610696}{2:09501717040402VZCRVECAAXXX40812675430404021720N}{3:{108:SCONNECT}}{4:
:20:MI090121
:25:1111111111
:28C:0545/095
:60M:D090121VEF000001686600,27
:61:090121D000000000800,00NTRF000036361605//180007
PAGO
:61:090121D000000000400,00NTRF000036253214//180007
PAGO
:61:090121D000000000100,00NTRF000036194492//180007
PAGO
:61:090121D000000001100,00NTRF000036001230//180007
PAGO
:61:090121D000000001100,00NTRF000007500978//180007
PAGO
:61:090121D000000000250,00NTRF000007477181//180007
PAGO
:61:090121D000000003000,00NTRF000007460235//180007
PAGO
:61:090121D000000002000,00NTRF000006433238//180007
PAGO
:61:090121D000000000500,00NTRF000006199724//180007
PAGO
:62M:D090121VEF000001695850,27
-}{5:{CHK:1143FB20924B}}{S:{COP:S}}${1:F21VZCRVECAAXXX5410610696}{4:{177:0404021720}{451:0}}{1:F01VZCRVECAAXXX5410610696}{2:09501717040402VZCRVECAAXXX40812675430404021720N}{3:{108:SCONNECT}}{4:
:20:MI090121
:25:1111111111
:28C:0545/096
:60M:D090121VEF000001695850,27
:61:090121D000000000220,00NTRF000006052804//180007
PAGO
:61:090121D000000001770,00NTRF000005914326//180007
PAGO
:61:090121D000000000080,00NTRF000005861834//180007
PAGO
:61:090121D000000000200,00NTRF000033645518//180007
PAGO
:61:090121D000000001000,00NTRF000033072015//180007
PAGO
:61:090121D000000000900,00NTRF000031363596//180007
PAGO
:61:090121D000000000493,00NTRF000029881808//180007
PAGO
:61:090121D000000000200,00NTRF000029356779//180007
PAGO
:61:090121D000000004265,00NTRF000028121203//180007
PAGO
:62M:D090121VEF000001704978,27
-}{5:{CHK:1143FB20924B}}{S:{COP:S}}${1:F21VZCRVECAAXXX5410610696}{4:{177:0404021720}{451:0}}{1:F01VZCRVECAAXXX5410610696}{2:09501717040402VZCRVECAAXXX40812675430404021720N}{3:{108:SCONNECT}}{4:
:20:MI090121
:25:1111111111
:28C:0545/097
:60M:D090121VEF000001704978,27
:61:090121D000000002000,00NTRF000026372962//180007
PAGO
:61:090121D000000000015,00NTRF000025773786//180007
PAGO
:61:090121D000000000170,00NTRF000024322673//180007
PAGO
:61:090121D000000000300,00NTRF000088210677//180007
PAGO
:61:090121D000000000150,00NTRF000088137174//180007
PAGO
:61:090121D000000001000,00NTRF000088055241//180007
PAGO
:61:090121D000000012000,00NTRF000087947106//180007
PAGO
:61:090121D000000000538,38NTRF000087800671//180007
PAGO
:61:090121D000000000250,00NTRF000087737664//180007
PAGO
:62M:D090121VEF000001721401,65
-}{5:{CHK:1143FB20924B}}{S:{COP:S}}${1:F21VZCRVECAAXXX5410610696}{4:{177:0404021720}{451:0}}{1:F01VZCRVECAAXXX5410610696}{2:09501717040402VZCRVECAAXXX40812675430404021720N}{3:{108:SCONNECT}}{4:
:20:MI090121
:25:1111111111
:28C:0545/098
:60M:D090121VEF000001721401,65
:61:090121D000000001200,00NTRF000087706321//180007
PAGO
:61:090121D000000000940,00NTRF000087595217//180007
PAGO
:61:090121D000000000260,74NTRF000087447851//180007
PAGO
:61:090121D000000002403,00NTRF000065714677//180007
PAGO
:61:090121D000000006500,00NTRF000065453642//180007
PAGO
:61:090121D000000000400,00NTRF000065029632//180007
PAGO
:61:090121D000000000241,00NTRF000065015943//180007
PAGO
:61:090121D000000000142,84NTRF000064457203//180007
PAGO
:61:090121D000000000080,00NTRF000063904921//180007
PAGO
:62M:D090121VEF000001733569,23
-}{5:{CHK:1143FB20924B}}{S:{COP:S}}${1:F21VZCRVECAAXXX5410610696}{4:{177:0404021720}{451:0}}{1:F01VZCRVECAAXXX5410610696}{2:09501717040402VZCRVECAAXXX40812675430404021720N}{3:{108:SCONNECT}}{4:
:20:MI090121
:25:1111111111
:28C:0545/099
:60M:D090121VEF000001733569,23
:61:090121D000000007275,00NTRF000063484624//180007
PAGO
:61:090121D000000000100,00NTRF000063077276//180007
PAGO
:61:090121D000000000050,00NTRF000062915256//180007
PAGO
:61:090121D000000002000,00NTRF000038332364//180007
PAGO
:61:090121D000000003000,00NTRF000038231124//180007
PAGO
:61:090121D000000000370,00NTRF000038088439//180007
PAGO
:61:090121D000000010000,00NTRF000037800077//180007
PAGO
:61:090121D000000000490,00NTRF000037719801//180007
PAGO
:61:090121D000000000050,00NTRF000037321658//180007
PAGO
:62M:D090121VEF000001756904,23
-}{5:{CHK:1143FB20924B}}{S:{COP:S}}${1:F21VZCRVECAAXXX5410610696}{4:{177:0404021720}{451:0}}{1:F01VZCRVECAAXXX5410610696}{2:09501717040402VZCRVECAAXXX40812675430404021720N}{3:{108:SCONNECT}}{4:
:20:MI090121
:25:1111111111
:28C:0545/100
:60M:D090121VEF000001756904,23
:61:090121D000000000210,00NTRF000037319443//180007
PAGO
:61:090121D000000000100,00NTRF000037022037//180007
PAGO
:61:090121D000000000400,00NTRF000036677969//180007
PAGO
:61:090121D000000005000,00NTRF000014948083//180007
PAGO
:61:090121D000000000500,00NTRF000014525262//180007
PAGO
:61:090121D000000000285,00NTRF000014498095//180007
PAGO
:61:090121D000000001050,00NTRF000014488011//180007
PAGO
:61:090121D000000000750,00NTRF000014359133//180007
PAGO
:61:090121D000000000260,00NTRF000014128504//180007
PAGO
:62M:D090121VEF000001765459,23
-}{5:{CHK:1143FB20924B}}{S:{COP:S}}${1:F21VZCRVECAAXXX5410610696}{4:{177:0404021720}{451:0}}{1:F01VZCRVECAAXXX5410610696}{2:09501717040402VZCRVECAAXXX40812675430404021720N}{3:{108:SCONNECT}}{4:
:20:MI090121
:25:1111111111
:28C:0545/101
:60M:D090121VEF000001765459,23
:61:090121D000000000083,00NTRF000013907620//180007
PAGO
:61:090121D000000000982,00NTRF000013793515//180007
PAGO
:61:090121D000000001389,00NTRF000013566550//180007
PAGO
:61:090121D000000000127,00NTRF000090471509//180007
PAGO
:61:090121D000000000476,22NTRF000090395928//180007
PAGO
:61:090121D000000000250,00NTRF000090380595//180007
PAGO
:61:090121D000000001850,00NTRF000089623957//180007
PAGO
:61:090121D000000001000,00NTRF000089579233//180007
PAGO
:61:090121D000000000210,00NTRF000089271662//180007
PAGO
:62M:D090121VEF000001771826,45
-}{5:{CHK:1143FB20924B}}{S:{COP:S}}${1:F21VZCRVECAAXXX5410610696}{4:{177:0404021720}{451:0}}{1:F01VZCRVECAAXXX5410610696}{2:09501717040402VZCRVECAAXXX40812675430404021720N}{3:{108:SCONNECT}}{4:
:20:MI090121
:25:1111111111
:28C:0545/102
:60M:D090121VEF000001771826,45
:61:090121D000000000061,00NTRF000089198813//180007
PAGO
:61:090121D000000000213,67NTRF000089129765//180007
PAGO
:61:090121D000000000800,00NTRF000088725257//180007
PAGO
:61:090121D000000000280,00NTRF000062165104//180007
PAGO
:61:090121D000000000100,00NTRF000061805470//180007
PAGO
:61:090121D000000001600,00NTRF000061795097//180007
PAGO
:61:090121D000000000500,00NTRF000061470836//180007
PAGO
:61:090121D000000000750,00NTRF000061192329//180007
PAGO
:61:090121D000000003200,00NTRF000061169381//180007
PAGO
:62M:D090121VEF000001779331,12
-}{5:{CHK:1143FB20924B}}{S:{COP:S}}${1:F21VZCRVECAAXXX5410610696}{4:{177:0404021720}{451:0}}{1:F01VZCRVECAAXXX5410610696}{2:09501717040402VZCRVECAAXXX40812675430404021720N}{3:{108:SCONNECT}}{4:
:20:MI090121
:25:1111111111
:28C:0545/103
:60M:D090121VEF000001779331,12
:61:090121D000000001000,00NTRF000060643057//180007
PAGO
:61:090121D000000001000,00NTRF000060610677//180007
PAGO
:61:090121D000000001000,00NTRF000060552677//180007
PAGO
:61:090121D000000000800,00NTRF000035975234//180007
PAGO
:61:090121D000000000150,00NTRF000035774685//180007
PAGO
:61:090121D000000000743,34NTRF000035733540//180007
PAGO
:61:090121D000000000800,00NTRF000035652234//180007
PAGO
:61:090121D000000000500,00NTRF000034892164//180007
PAGO
:61:090121D000000000650,00NTRF000034602670//180007
PAGO
:62M:D090121VEF000001785974,46
-}{5:{CHK:1143FB20924B}}{S:{COP:S}}${1:F21VZCRVECAAXXX5410610696}{4:{177:0404021720}{451:0}}{1:F01VZCRVECAAXXX5410610696}{2:09501717040402VZCRVECAAXXX40812675430404021720N}{3:{108:SCONNECT}}{4:
:20:MI090121
:25:1111111111
:28C:0545/104
:60M:D090121VEF000001785974,46
:61:090121D000000000150,00NTRF000034474447//180007
PAGO
:61:090121D000000000400,00NTRF000034337126//180007
PAGO
:61:090121D000000000150,00NTRF000034285524//180007
PAGO
:61:090121D000000000110,00NTRF000005438763//180007
PAGO
:61:090121D000000002000,00NTRF000005409979//180007
PAGO
:61:090121D000000000080,00NTRF000005379680//180007
PAGO
:61:090121D000000000200,00NTRF000005307478//180007
PAGO
:61:090121D000000000101,29NTRF000005169859//180007
PAGO
:61:090121D000000000110,00NTRF000004951763//180007
PAGO
:62M:D090121VEF000001789275,75
-}{5:{CHK:1143FB20924B}}{S:{COP:S}}${1:F21VZCRVECAAXXX5410610696}{4:{177:0404021720}{451:0}}{1:F01VZCRVECAAXXX5410610696}{2:09501717040402VZCRVECAAXXX40812675430404021720N}{3:{108:SCONNECT}}{4:
:20:MI090121
:25:1111111111
:28C:0545/105
:60M:D090121VEF000001789275,75
:61:090121D000000000030,00NTRF000004854840//180007
PAGO
:61:090121D000000002000,00NTRF000004311123//180007
PAGO
:61:090121D000000000200,00NTRF000002675246//180007
PAGO
:61:090121D000000000200,00NTRF000023779805//180007
PAGO
:61:090121D000000000500,00NTRF000022991522//180007
PAGO
:61:090121D000000000200,00NTRF000018605891//180007
PAGO
:61:090121D000000000115,00NTRF000017433529//180007
PAGO
:61:090121D000000000200,00NTRF000016683408//180007
PAGO
:61:090121D000000000700,00NTRF000015454485//180007
PAGO
:62M:D090121VEF000001793420,75
-}{5:{CHK:1143FB20924B}}{S:{COP:S}}${1:F21VZCRVECAAXXX5410610696}{4:{177:0404021720}{451:0}}{1:F01VZCRVECAAXXX5410610696}{2:09501717040402VZCRVECAAXXX40812675430404021720N}{3:{108:SCONNECT}}{4:
:20:MI090121
:25:1111111111
:28C:0545/106
:60M:D090121VEF000001793420,75
:61:090121D000000001000,00NTRF000010101774//180007
PAGO
:61:090121D000000000516,09NTRF000008496891//180007
PAGO
:61:090121D000000000150,00NTRF000008093373//180007
PAGO
:61:090121D000000000095,00NTRF000087283166//180007
PAGO
:61:090121D000000000450,00NTRF000087190386//180007
PAGO
:61:090121D000000000253,00NTRF000086984522//180007
PAGO
:61:090121D000000000800,00NTRF000086244976//180007
PAGO
:61:090121D000000000046,87NTRF000086198545//180007
PAGO
:61:090121D000000010000,00NTRF000086040559//180007
PAGO
:62M:D090121VEF000001806731,71
-}{5:{CHK:1143FB20924B}}{S:{COP:S}}${1:F21VZCRVECAAXXX5410610696}{4:{177:0404021720}{451:0}}{1:F01VZCRVECAAXXX5410610696}{2:09501717040402VZCRVECAAXXX40812675430404021720N}{3:{108:SCONNECT}}{4:
:20:MI090121
:25:1111111111
:28C:0545/107
:60M:D090121VEF000001806731,71
:61:090121D000000002000,00NTRF000085947390//180007
PAGO
:61:090121D000000000566,00NTRF000085908297//180007
PAGO
:61:090121D000000000100,00NTRF000085596731//180007
PAGO
:61:090121D000000000620,00NTRF000062691389//180007
PAGO
:61:090121D000000000600,00NTRF000062567011//180007
PAGO
:61:090121D000000000300,00NTRF000062528673//180007
PAGO
:61:090121D000000000150,00NTRF000062520557//180007
PAGO
:61:090121D000000000600,00NTRF000062466217//180007
PAGO
:61:090121D000000004000,00NTRF000062417232//180007
PAGO
:62M:D090121VEF000001815667,71
-}{5:{CHK:1143FB20924B}}{S:{COP:S}}${1:F21VZCRVECAAXXX5410610696}{4:{177:0404021720}{451:0}}{1:F01VZCRVECAAXXX5410610696}{2:09501717040402VZCRVECAAXXX40812675430404021720N}{3:{108:SCONNECT}}{4:
:20:MI090121
:25:1111111111
:28C:0545/108
:60M:D090121VEF000001815667,71
:61:090121D000000001100,00NTRF000062246234//180007
PAGO
:61:090121D000000000160,00NTRF000062163896//180007
PAGO
:61:090121D000000000932,19NTRF000061906016//180007
PAGO
:61:090121D000000000393,00NTRF000036476003//180007
PAGO
:61:090121D000000000175,00NTRF000036356481//180007
PAGO
:61:090121D000000000394,00NTRF000036201635//180007
PAGO
:61:090121D000000000800,00NTRF000036072092//180007
PAGO
:61:090121D000000000300,00NTRF000036066537//180007
PAGO
:61:090121D000000002250,00NTRF000035918693//180007
PAGO
:62M:D090121VEF000001822171,90
-}{5:{CHK:1143FB20924B}}{S:{COP:S}}${1:F21VZCRVECAAXXX5410610696}{4:{177:0404021720}{451:0}}{1:F01VZCRVECAAXXX5410610696}{2:09501717040402VZCRVECAAXXX40812675430404021720N}{3:{108:SCONNECT}}{4:
:20:MI090121
:25:1111111111
:28C:0545/109
:60M:D090121VEF000001822171,90
:61:090121D000000005300,00NTRF000035709036//180007
PAGO
:61:090121D000000000256,70NTRF000035667548//180007
PAGO
:61:090121D000000000490,55NTRF000035622317//180007
PAGO
:61:090121D000000000500,00NTRF000013551221//180007
PAGO
:61:090121D000000001018,00NTRF000013507168//180007
PAGO
:61:090121D000000000600,00NTRF000013454569//180007
PAGO
:61:090121D000000000500,00NTRF000013441405//180007
PAGO
:61:090121D000000000122,07NTRF000013412491//180007
PAGO
:61:090121D000000000130,00NTRF000013352229//180007
PAGO
:62M:D090121VEF000001831089,22
-}{5:{CHK:1143FB20924B}}{S:{COP:S}}${1:F21VZCRVECAAXXX5410610696}{4:{177:0404021720}{451:0}}{1:F01VZCRVECAAXXX5410610696}{2:09501717040402VZCRVECAAXXX40812675430404021720N}{3:{108:SCONNECT}}{4:
:20:MI090121
:25:1111111111
:28C:0545/110
:60M:D090121VEF000001831089,22
:61:090121D000000000100,00NTRF000013338906//180007
PAGO
:61:090121D000000000250,00NTRF000013251957//180007
PAGO
:61:090121D000000000328,00NTRF000013073514//180007
PAGO
:61:090121D000000000060,00NTRF000088642292//180007
PAGO
:61:090121D000000000600,00NTRF000088607283//180007
PAGO
:61:090121D000000000600,00NTRF000088581283//180007
PAGO
:61:090121D000000000250,00NTRF000088527267//180007
PAGO
:61:090121D000000001200,00NTRF000088508031//180007
PAGO
:61:090121D000000000250,00NTRF000088184956//180007
PAGO
:62M:D090121VEF000001834727,22
-}{5:{CHK:1143FB20924B}}{S:{COP:S}}${1:F21VZCRVECAAXXX5410610696}{4:{177:0404021720}{451:0}}{1:F01VZCRVECAAXXX5410610696}{2:09501717040402VZCRVECAAXXX40812675430404021720N}{3:{108:SCONNECT}}{4:
:20:MI090121
:25:1111111111
:28C:0545/111
:60M:D090121VEF000001834727,22
:61:090121D000000000060,00NTRF000088138814//180007
PAGO
:61:090121D000000000200,00NTRF000087914594//180007
PAGO
:61:090121D000000000220,00NTRF000087794276//180007
PAGO
:61:090121D000000000900,00NTRF000060193070//180007
PAGO
:61:090121D000000001500,00NTRF000060037125//180007
PAGO
:61:090121D000000000260,00NTRF000060030559//180007
PAGO
:61:090121D000000000350,00NTRF000059917604//180007
PAGO
:61:090121D000000000250,00NTRF000059826859//180007
PAGO
:61:090121D000000001329,06NTRF000059781015//180007
PAGO
:62M:D090121VEF000001839796,28
-}{5:{CHK:1143FB20924B}}{S:{COP:S}}${1:F21VZCRVECAAXXX5410610696}{4:{177:0404021720}{451:0}}{1:F01VZCRVECAAXXX5410610696}{2:09501717040402VZCRVECAAXXX40812675430404021720N}{3:{108:SCONNECT}}{4:
:20:MI090121
:25:1111111111
:28C:0545/112
:60M:D090121VEF000001839796,28
:61:090121D000000000300,00NTRF000058267246//180007
PAGO
:61:090121D000000000300,00NTRF000058114246//180007
PAGO
:61:090121D000000000325,00NTRF000056280123//180007
PAGO
:61:090121D000000000900,00NTRF000034237728//180007
PAGO
:61:090121D000000000108,00NTRF000034227129//180007
PAGO
:61:090121D000000000900,00NTRF000034118728//180007
PAGO
:61:090121D000000001000,00NTRF000034040812//180007
PAGO
:61:090121D000000000060,00NTRF000033981960//180007
PAGO
:61:090121D000000001000,00NTRF000033951812//180007
PAGO
:62M:D090121VEF000001844689,28
-}{5:{CHK:1143FB20924B}}{S:{COP:S}}${1:F21VZCRVECAAXXX5410610696}{4:{177:0404021720}{451:0}}{1:F01VZCRVECAAXXX5410610696}{2:09501717040402VZCRVECAAXXX40812675430404021720N}{3:{108:SCONNECT}}{4:
:20:MI090121
:25:1111111111
:28C:0545/113
:60M:D090121VEF000001844689,28
:61:090121D000000000150,00NTRF000033734142//180007
PAGO
:61:090121D000000001900,00NTRF000033715955//180007
PAGO
:61:090121D000000001000,00NTRF000033657457//180007
PAGO
:61:090121D000000000298,00NTRF000003979598//180007
PAGO
:61:090121D000000000305,00NTRF000003928754//180007
PAGO
:61:090121D000000000051,74NTRF000003789134//180007
PAGO
:61:090121D000000001000,00NTRF000003510168//180007
PAGO
:61:090121D000000003530,00NTRF000003456921//180007
PAGO
:61:090121D000000000900,00NTRF000003382550//180007
PAGO
:62M:D090121VEF000001853824,02
-}{5:{CHK:1143FB20924B}}{S:{COP:S}}${1:F21VZCRVECAAXXX5410610696}{4:{177:0404021720}{451:0}}{1:F01VZCRVECAAXXX5410610696}{2:09501717040402VZCRVECAAXXX40812675430404021720N}{3:{108:SCONNECT}}{4:
:20:MI090121
:25:1111111111
:28C:0545/114
:60M:D090121VEF000001853824,02
:61:090121D000000000490,00NTRF000003360247//180007
PAGO
:61:090121D000000000200,00NTRF000003163764//180007
PAGO
:61:090121D000000000200,00NTRF000002847786//180007
PAGO
:61:090121D000000001000,00NTRF000006590014//180007
PAGO
:61:090121D000000000300,00NTRF000002801747//180007
PAGO
:61:090121D000000000012,00NTRF000002775445//180007
PAGO
:61:090121D000000000890,00NTRF000002759458//180007
PAGO
:61:090121D000000000210,00NTRF000001747573//180007
PAGO
:61:090121D000000000300,00NTRF000000238619//180007
PAGO
:62M:D090121VEF000001857426,02
-}{5:{CHK:1143FB20924B}}{S:{COP:S}}${1:F21VZCRVECAAXXX5410610696}{4:{177:0404021720}{451:0}}{1:F01VZCRVECAAXXX5410610696}{2:09501717040402VZCRVECAAXXX40812675430404021720N}{3:{108:SCONNECT}}{4:
:20:MI090121
:25:1111111111
:28C:0545/115
:60M:D090121VEF000001857426,02
:61:090121D000000001000,00NTRF000099152322//180007
PAGO
:61:090121D000000000100,00NTRF000096000856//180007
PAGO
:61:090121D000000000100,00NTRF000093067360//180007
PAGO
:61:090121D000000001000,00NTRF000085307753//180007
PAGO
:61:090121D000000017850,00NTRF000085206525//180007
PAGO
:61:090121D000000000300,00NTRF000085031920//180007
PAGO
:61:090121D000000040000,00NTRF000084813664//180007
PAGO
:61:090121D000000001000,00NTRF000084775431//180007
PAGO
:61:090121D000000000600,00NTRF000084211183//180007
PAGO
:62M:D090121VEF000001919376,02
-}{5:{CHK:1143FB20924B}}{S:{COP:S}}${1:F21VZCRVECAAXXX5410610696}{4:{177:0404021720}{451:0}}{1:F01VZCRVECAAXXX5410610696}{2:09501717040402VZCRVECAAXXX40812675430404021720N}{3:{108:SCONNECT}}{4:
:20:MI090121
:25:1111111111
:28C:0545/116
:60M:D090121VEF000001919376,02
:61:090121D000000006500,00NTRF000084210138//180007
PAGO
:61:090121D000000000364,69NTRF000084153137//180007
PAGO
:61:090121D000000000460,08NTRF000084123158//180007
PAGO
:61:090121D000000000480,00NTRF000061895846//180007
PAGO
:61:090121D000000002000,00NTRF000061697010//180007
PAGO
:61:090121D000000000222,74NTRF000061623679//180007
PAGO
:61:090121D000000002505,99NTRF000061292890//180007
PAGO
:61:090121D000000000700,00NTRF000061153528//180007
PAGO
:61:090121D000000001000,00NTRF000061081705//180007
PAGO
:62M:D090121VEF000001933609,52
-}{5:{CHK:1143FB20924B}}{S:{COP:S}}${1:F21VZCRVECAAXXX5410610696}{4:{177:0404021720}{451:0}}{1:F01VZCRVECAAXXX5410610696}{2:09501717040402VZCRVECAAXXX40812675430404021720N}{3:{108:SCONNECT}}{4:
:20:MI090121
:25:1111111111
:28C:0545/117
:60M:D090121VEF000001933609,52
:61:090121D000000000211,00NTRF000061018152//180007
PAGO
:61:090121D000000000022,00NTRF000060841626//180007
PAGO
:61:090121D000000000600,00NTRF000060742407//180007
PAGO
:61:090121D000000000275,00NTRF000035523920//180007
PAGO
:61:090121D000000001500,00NTRF000035434101//180007
PAGO
:61:090121D000000000500,00NTRF000035267189//180007
PAGO
:61:090121D000000003000,00NTRF000035217105//180007
PAGO
:61:090121D000000000163,00NTRF000034973449//180007
PAGO
:61:090121D000000001745,00NTRF000034782245//180007
PAGO
:62M:D090121VEF000001941625,52
-}{5:{CHK:1143FB20924B}}{S:{COP:S}}${1:F21VZCRVECAAXXX5410610696}{4:{177:0404021720}{451:0}}{1:F01VZCRVECAAXXX5410610696}{2:09501717040402VZCRVECAAXXX40812675430404021720N}{3:{108:SCONNECT}}{4:
:20:MI090121
:25:1111111111
:28C:0545/118
:60M:D090121VEF000001941625,52
:61:090121D000000000100,00NTRF000034679944//180007
PAGO
:61:090121D000000000150,00NTRF000034497984//180007
PAGO
:61:090121D000000000350,00NTRF000034355693//180007
PAGO
:61:090121D000000000785,00NTRF000012961292//180007
PAGO
:61:090121D000000003000,00NTRF000012908032//180007
PAGO
:61:090121D000000001000,00NTRF000012888162//180007
PAGO
:61:090121D000000000100,00NTRF000012832721//180007
PAGO
:61:090121D000000000060,00NTRF000012724751//180007
PAGO
:61:090121D000000000400,00NTRF000012654065//180007
PAGO
:62M:D090121VEF000001947570,52
-}{5:{CHK:1143FB20924B}}{S:{COP:S}}${1:F21VZCRVECAAXXX5410610696}{4:{177:0404021720}{451:0}}{1:F01VZCRVECAAXXX5410610696}{2:09501717040402VZCRVECAAXXX40812675430404021720N}{3:{108:SCONNECT}}{4:
:20:MI090121
:25:1111111111
:28C:0545/119
:60M:D090121VEF000001947570,52
:61:090121D000000000900,00NTRF000012647987//180007
PAGO
:61:090121D000000001500,00NTRF000012419522//180007
PAGO
:61:090121D000000000300,00NTRF000011382351//180007
PAGO
:61:090121D000000000310,00NTRF000087076804//180007
PAGO
:61:090121D000000000500,00NTRF000086932058//180007
PAGO
:61:090121D000000000643,00NTRF000086331551//180007
PAGO
:61:090121D000000000260,00NTRF000086118940//180007
PAGO
:61:090121D000000000800,00NTRF000086055334//180007
PAGO
:61:090121D000000000800,00NTRF000085864484//180007
PAGO
:62M:D090121VEF000001953583,52
-}{5:{CHK:1143FB20924B}}{S:{COP:S}}${1:F21VZCRVECAAXXX5410610696}{4:{177:0404021720}{451:0}}{1:F01VZCRVECAAXXX5410610696}{2:09501717040402VZCRVECAAXXX40812675430404021720N}{3:{108:SCONNECT}}{4:
:20:MI090121
:25:1111111111
:28C:0545/120
:60M:D090121VEF000001953583,52
:61:090121D000000000524,00NTRF000085742743//180007
PAGO
:61:090121D000000000100,00NTRF000085708756//180007
PAGO
:61:090121D000000000500,00NTRF000085380455//180007
PAGO
:61:090121D000000000065,00NTRF000058020333//180007
PAGO
:61:090121D000000000300,00NTRF000057899246//180007
PAGO
:61:090121D000000002000,00NTRF000057581189//180007
PAGO
:61:090121D000000000253,00NTRF000057419548//180007
PAGO
:61:090121D000000000300,00NTRF000057225032//180007
PAGO
:61:090121D000000000300,00NTRF000057185032//180007
PAGO
:62M:D090121VEF000001957925,52
-}{5:{CHK:1143FB20924B}}{S:{COP:S}}${1:F21VZCRVECAAXXX5410610696}{4:{177:0404021720}{451:0}}{1:F01VZCRVECAAXXX5410610696}{2:09501717040402VZCRVECAAXXX40812675430404021720N}{3:{108:SCONNECT}}{4:
:20:MI090121
:25:1111111111
:28C:0545/121
:60M:D090121VEF000001957925,52
:61:090121D000000000600,00NTRF000056727591//180007
PAGO
:61:090121D000000000300,00NTRF000056637253//180007
PAGO
:61:090121D000000002520,00NTRF000056520164//180007
PAGO
:61:090121D000000000168,85NTRF000033494266//180007
PAGO
:61:090121D000000000200,00NTRF000032848715//180007
PAGO
:61:090121D000000002738,82NTRF000032720495//180007
PAGO
:61:090121D000000000100,00NTRF000032639345//180007
PAGO
:61:090121D000000000205,00NTRF000032067835//180007
PAGO
:61:090121D000000000250,00NTRF000031405828//180007
PAGO
:62M:D090121VEF000001965008,19
-}{5:{CHK:1143FB20924B}}{S:{COP:S}}${1:F21VZCRVECAAXXX5410610696}{4:{177:0404021720}{451:0}}{1:F01VZCRVECAAXXX5410610696}{2:09501717040402VZCRVECAAXXX40812675430404021720N}{3:{108:SCONNECT}}{4:
:20:MI090121
:25:1111111111
:28C:0545/122
:60M:D090121VEF000001965008,19
:61:090121D000000001500,00NTRF000031320899//180007
PAGO
:61:090121D000000000300,00NTRF000031215634//180007
PAGO
:61:090121D000000003163,42NTRF000031013944//180007
PAGO
:61:090121D000000002220,00NTRF000002598066//180007
PAGO
:61:090121D000000002431,00NTRF000002504288//180007
PAGO
:61:090121D000000000600,00NTRF000002463155//180007
PAGO
:61:090121D000000001000,00NTRF000002290198//180007
PAGO
:61:090121D000000000276,00NTRF000002280820//180007
PAGO
:61:090121D000000000500,00NTRF000002270348//180007
PAGO
:62M:D090121VEF000001976998,61
-}{5:{CHK:1143FB20924B}}{S:{COP:S}}${1:F21VZCRVECAAXXX5410610696}{4:{177:0404021720}{451:0}}{1:F01VZCRVECAAXXX5410610696}{2:09501717040402VZCRVECAAXXX40812675430404021720N}{3:{108:SCONNECT}}{4:
:20:MI090121
:25:1111111111
:28C:0545/123
:60M:D090121VEF000001976998,61
:61:090121D000000000140,00NTRF000002170223//180007
PAGO
:61:090121D000000000120,00NTRF000002055481//180007
PAGO
:61:090121D000000000500,00NTRF000000517362//180007
PAGO
:61:090121D000000000100,00NTRF000092114747//180007
PAGO
:61:090121D000000000300,00NTRF000090775036//180007
PAGO
:61:090121D000000000130,00NTRF000090774574//180007
PAGO
:61:090121D000000000300,00NTRF000090634036//180007
PAGO
:61:090121D000000000900,00NTRF000089315324//180007
PAGO
:61:090121D000000000070,00NTRF000086991624//180007
PAGO
:62M:D090121VEF000001979558,61
-}{5:{CHK:1143FB20924B}}{S:{COP:S}}${1:F21VZCRVECAAXXX5410610696}{4:{177:0404021720}{451:0}}{1:F01VZCRVECAAXXX5410610696}{2:09501717040402VZCRVECAAXXX40812675430404021720N}{3:{108:SCONNECT}}{4:
:20:MI090121
:25:1111111111
:28C:0545/124
:60M:D090121VEF000001979558,61
:61:090121D000000000200,00NTRF000085285927//180007
PAGO
:61:090121D000000000500,00NTRF000078514969//180007
PAGO
:61:090121D000000000400,00NTRF000072348599//180007
PAGO
:61:090121D000000000200,00NTRF000084027688//180007
PAGO
:61:090121D000000000250,00NTRF000083932190//180007
PAGO
:61:090121D000000000130,00NTRF000083833509//180007
PAGO
:61:090121D000000000675,00NTRF000083812230//180007
PAGO
:61:090121D000000000630,00NTRF000083762883//180007
PAGO
:61:090121D000000000034,80NTRF000083738133//180007
PAGO
:62M:D090121VEF000001982578,41
-}{5:{CHK:1143FB20924B}}{S:{COP:S}}${1:F21VZCRVECAAXXX5410610696}{4:{177:0404021720}{451:0}}{1:F01VZCRVECAAXXX5410610696}{2:09501717040402VZCRVECAAXXX40812675430404021720N}{3:{108:SCONNECT}}{4:
:20:MI090121
:25:1111111111
:28C:0545/125
:60M:D090121VEF000001982578,41
:61:090121D000000006807,30NTRF000083262122//180007
PAGO
:61:090121D000000000200,00NTRF000083219792//180007
PAGO
:61:090121D000000002000,00NTRF000082900067//180007
PAGO
:61:090121D000000000800,00NTRF000060696619//180007
PAGO
:61:090121D000000002300,00NTRF000060541505//180007
PAGO
:61:090121D000000000928,00NTRF000060405459//180007
PAGO
:61:090121D000000000220,00NTRF000060363426//180007
PAGO
:61:090121D000000000200,00NTRF000060349592//180007
PAGO
:61:090121D000000001294,87NTRF000060041805//180007
PAGO
:62M:D090121VEF000001997328,58
-}{5:{CHK:1143FB20924B}}{S:{COP:S}}${1:F21VZCRVECAAXXX5410610696}{4:{177:0404021720}{451:0}}{1:F01VZCRVECAAXXX5410610696}{2:09501717040402VZCRVECAAXXX40812675430404021720N}{3:{108:SCONNECT}}{4:
:20:MI090121
:25:1111111111
:28C:0545/126
:60M:D090121VEF000001997328,58
:61:090121D000000000250,00NTRF000059990499//180007
PAGO
:61:090121D000000000500,00NTRF000059669403//180007
PAGO
:61:090121D000000000500,00NTRF000059634951//180007
PAGO
:61:090121D000000005000,00NTRF000034320011//180007
PAGO
:61:090121D000000000367,20NTRF000033838509//180007
PAGO
:61:090121D000000000500,00NTRF000033619704//180007
PAGO
:61:090121D000000000400,00NTRF000033608373//180007
PAGO
:61:090121D000000012271,50NTRF000033362504//180007
PAGO
:61:090121D000000002000,00NTRF000033280172//180007
PAGO
:62M:D090121VEF000002019117,28
-}{5:{CHK:1143FB20924B}}{S:{COP:S}}${1:F21VZCRVECAAXXX5410610696}{4:{177:0404021720}{451:0}}{1:F01VZCRVECAAXXX5410610696}{2:09501717040402VZCRVECAAXXX40812675430404021720N}{3:{108:SCONNECT}}{4:
:20:MI090121
:25:1111111111
:28C:0545/127
:60M:D090121VEF000002019117,28
:61:090121D000000001500,00NTRF000033214732//180007
PAGO
:61:090121D000000000150,00NTRF000033035661//180007
PAGO
:61:090121D000000000300,00NTRF000032986882//180007
PAGO
:61:090121D000000000120,00NTRF000010994874//180007
PAGO
:61:090121D000000001035,00NTRF000010807982//180007
PAGO
:61:090121D000000000200,00NTRF000010495835//180007
PAGO
:61:090121D000000002000,00NTRF000010362587//180007
PAGO
:61:090121D000000000300,00NTRF000010189951//180007
PAGO
:61:090121D000000000181,00NTRF000009321436//180007
PAGO
:62M:D090121VEF000002024903,28
-}{5:{CHK:1143FB20924B}}{S:{COP:S}}${1:F21VZCRVECAAXXX5410610696}{4:{177:0404021720}{451:0}}{1:F01VZCRVECAAXXX5410610696}{2:09501717040402VZCRVECAAXXX40812675430404021720N}{3:{108:SCONNECT}}{4:
:20:MI090121
:25:1111111111
:28C:0545/128
:60M:D090121VEF000002024903,28
:61:090121D000000000200,00NTRF000009241335//180007
PAGO
:61:090121D000000000600,00NTRF000009216598//180007
PAGO
:61:090121D000000000240,00NTRF000009182195//180007
PAGO
:61:090121D000000001652,27NTRF000085359948//180007
PAGO
:61:090121D000000000500,00NTRF000085337455//180007
PAGO
:61:090121D000000000470,00NTRF000085277806//180007
PAGO
:61:090121D000000000500,00NTRF000085266455//180007
PAGO
:61:090121D000000000106,35NTRF000085034530//180007
PAGO
:61:090121D000000000500,00NTRF000084897599//180007
PAGO
:62M:D090121VEF000002029671,90
-}{5:{CHK:1143FB20924B}}{S:{COP:S}}${1:F21VZCRVECAAXXX5410610696}{4:{177:0404021720}{451:0}}{1:F01VZCRVECAAXXX5410610696}{2:09501717040402VZCRVECAAXXX40812675430404021720N}{3:{108:SCONNECT}}{4:
:20:MI090121
:25:1111111111
:28C:0545/129
:60M:D090121VEF000002029671,90
:61:090121D000000000455,00NTRF000084751349//180007
PAGO
:61:090121D000000000150,00NTRF000084655393//180007
PAGO
:61:090121D000000000034,00NTRF000083965545//180007
PAGO
:61:090121D000000001200,00NTRF000056140327//180007
PAGO
:61:090121D000000000200,00NTRF000056062067//180007
PAGO
:61:090121D000000000200,00NTRF000056013067//180007
PAGO
:61:090121D000000000200,00NTRF000055960067//180007
PAGO
:61:090121D000000000500,00NTRF000055924098//180007
PAGO
:61:090121D000000000500,00NTRF000055871098//180007
PAGO
:62M:D090121VEF000002033110,90
-}{5:{CHK:1143FB20924B}}{S:{COP:S}}${1:F21VZCRVECAAXXX5410610696}{4:{177:0404021720}{451:0}}{1:F01VZCRVECAAXXX5410610696}{2:09501717040402VZCRVECAAXXX40812675430404021720N}{3:{108:SCONNECT}}{4:
:20:MI090121
:25:1111111111
:28C:0545/130
:60M:D090121VEF000002033110,90
:61:090121D000000000500,00NTRF000055822098//180007
PAGO
:61:090121D000000000500,00NTRF000055628221//180007
PAGO
:61:090121D000000001000,00NTRF000054637126//180007
PAGO
:61:090121D000000002728,82NTRF000030943322//180007
PAGO
:61:090121D000000000200,00NTRF000030933517//180007
PAGO
:61:090121D000000001790,00NTRF000030826469//180007
PAGO
:61:090121D000000000530,00NTRF000030378306//180007
PAGO
:61:090121D000000000200,00NTRF000030180892//180007
PAGO
:61:090121D000000000100,00NTRF000030103370//180007
PAGO
:62M:D090121VEF000002040659,72
-}{5:{CHK:1143FB20924B}}{S:{COP:S}}${1:F21VZCRVECAAXXX5410610696}{4:{177:0404021720}{451:0}}{1:F01VZCRVECAAXXX5410610696}{2:09501717040402VZCRVECAAXXX40812675430404021720N}{3:{108:SCONNECT}}{4:
:20:MI090121
:25:1111111111
:28C:0545/131
:60M:D090121VEF000002040659,72
:61:090121D000000000300,00NTRF000029903899//180007
PAGO
:61:090121D000000000300,00NTRF000029692808//180007
PAGO
:61:090121D000000002000,00NTRF000029190756//180007
PAGO
:61:090121D000000002000,00NTRF000001953127//180007
PAGO
:61:090121D000000000160,00NTRF000001707522//180007
PAGO
:61:090121D000000000100,00NTRF000001461172//180007
PAGO
:61:090121D000000000200,00NTRF000001418606//180007
PAGO
:61:090121D000000000200,00NTRF000001361355//180007
PAGO
:61:090121D000000000400,00NTRF000001124485//180007
PAGO
:62M:D090121VEF000002046319,72
-}{5:{CHK:1143FB20924B}}{S:{COP:S}}${1:F21VZCRVECAAXXX5410610696}{4:{177:0404021720}{451:0}}{1:F01VZCRVECAAXXX5410610696}{2:09501717040402VZCRVECAAXXX40812675430404021720N}{3:{108:SCONNECT}}{4:
:20:MI090121
:25:1111111111
:28C:0545/132
:60M:D090121VEF000002046319,72
:61:090121D000000000075,00NTRF000000838176//180007
PAGO
:61:090121D000000006000,00NTRF000000799415//180007
PAGO
:61:090121D000000006000,00NTRF000000756415//180007
PAGO
:61:090121D000000001145,00NTRF000069744816//180007
PAGO
:61:090121D000000000450,00NTRF000068339315//180007
PAGO
:61:090121D000000000971,33NTRF000067578379//180007
PAGO
:61:090121D000000001500,00NTRF000065889127//180007
PAGO
:61:090121D000000000512,00NTRF000064848525//180007
PAGO
:61:090121D000000017300,00NTRF000063793648//180007
PAGO
:62M:D090121VEF000002080273,05
-}{5:{CHK:1143FB20924B}}{S:{COP:S}}${1:F21VZCRVECAAXXX5410610696}{4:{177:0404021720}{451:0}}{1:F01VZCRVECAAXXX5410610696}{2:09501717040402VZCRVECAAXXX40812675430404021720N}{3:{108:SCONNECT}}{4:
:20:MI090121
:25:1111111111
:28C:0545/133
:60M:D090121VEF000002080273,05
:61:090121D000000000273,00NTRF000062758685//180007
PAGO
:61:090121D000000000418,00NTRF000062101332//180007
PAGO
:61:090121D000000000368,00NTRF000061407828//180007
PAGO
:61:090121D000000000100,00NTRF000082705746//180007
PAGO
:61:090121D000000004000,00NTRF000082204584//180007
PAGO
:61:090121D000000000150,00NTRF000081567172//180007
PAGO
:61:090121D000000000085,50NTRF000081522616//180007
PAGO
:61:090121D000000029400,00NTRF000081410856//180007
PAGO
:61:090121D000000000500,00NTRF000081199215//180007
PAGO
:62M:D090121VEF000002115567,55
-}{5:{CHK:1143FB20924B}}{S:{COP:S}}${1:F21VZCRVECAAXXX5410610696}{4:{177:0404021720}{451:0}}{1:F01VZCRVECAAXXX5410610696}{2:09501717040402VZCRVECAAXXX40812675430404021720N}{3:{108:SCONNECT}}{4:
:20:MI090121
:25:1111111111
:28C:0545/134
:60M:D090121VEF000002115567,55
:61:090121D000000000400,00NTRF000081193569//180007
PAGO
:61:090121D000000001350,00NTRF000080874193//180007
PAGO
:61:090121D000000005000,00NTRF000080634115//180007
PAGO
:61:090121D000000000933,00NTRF000059507267//180007
PAGO
:61:090121D000000000300,00NTRF000059389653//180007
PAGO
:61:090121D000000000500,00NTRF000059367470//180007
PAGO
:61:090121D000000000150,00NTRF000059367208//180007
PAGO
:61:090121D000000002500,00NTRF000059257159//180007
PAGO
:61:090121D000000001590,00NTRF000059239551//180007
PAGO
:62M:D090121VEF000002128290,55
-}{5:{CHK:1143FB20924B}}{S:{COP:S}}${1:F21VZCRVECAAXXX5410610696}{4:{177:0404021720}{451:0}}{1:F01VZCRVECAAXXX5410610696}{2:09501717040402VZCRVECAAXXX40812675430404021720N}{3:{108:SCONNECT}}{4:
:20:MI090121
:25:1111111111
:28C:0545/135
:60M:D090121VEF000002128290,55
:61:090121D000000023339,00NTRF000058975218//180007
PAGO
:61:090121D000000000500,00NTRF000058400480//180007
PAGO
:61:090121D000000000205,00NTRF000058178858//180007
PAGO
:61:090121D000000000464,00NTRF000032965871//180007
PAGO
:61:090121D000000000370,00NTRF000032946362//180007
PAGO
:61:090121D000000000900,00NTRF000032893942//180007
PAGO
:61:090121D000000000400,00NTRF000032877283//180007
PAGO
:61:090121D000000000300,00NTRF000032835206//180007
PAGO
:61:090121D000000000444,19NTRF000032793896//180007
PAGO
:62M:D090121VEF000002155212,74
-}{5:{CHK:1143FB20924B}}{S:{COP:S}}${1:F21VZCRVECAAXXX5410610696}{4:{177:0404021720}{451:0}}{1:F01VZCRVECAAXXX5410610696}{2:09501717040402VZCRVECAAXXX40812675430404021720N}{3:{108:SCONNECT}}{4:
:20:MI090121
:25:1111111111
:28C:0545/136
:60M:D090121VEF000002155212,74
:61:090121D000000000600,00NTRF000032768217//180007
PAGO
:61:090121D000000001530,00NTRF000031429815//180007
PAGO
:61:090121D000000006760,00NTRF000030791833//180007
PAGO
:61:090121D000000000240,00NTRF000009062469//180007
PAGO
:61:090121D000000000240,00NTRF000008970555//180007
PAGO
:61:090121D000000000220,00NTRF000008891803//180007
PAGO
:61:090121D000000000120,00NTRF000008792950//180007
PAGO
:61:090121D000000040003,00NTRF000008690699//180007
PAGO
:61:090121D000000001100,00NTRF000008220262//180007
PAGO
:62M:D090121VEF000002206025,74
-}{5:{CHK:1143FB20924B}}{S:{COP:S}}${1:F21VZCRVECAAXXX5410610696}{4:{177:0404021720}{451:0}}{1:F01VZCRVECAAXXX5410610696}{2:09501717040402VZCRVECAAXXX40812675430404021720N}{3:{108:SCONNECT}}{4:
:20:MI090121
:25:1111111111
:28C:0545/137
:60M:D090121VEF000002206025,74
:61:090121D000000007000,00NTRF000008172557//180007
PAGO
:61:090121D000000006000,00NTRF000007925470//180007
PAGO
:61:090121D000000000700,00NTRF000007866977//180007
PAGO
:61:090121D000000002000,00NTRF000083782111//180007
PAGO
:61:090121D000000000379,62NTRF000083701701//180007
PAGO
:61:090121D000000000400,00NTRF000083682307//180007
PAGO
:61:090121D000000001253,81NTRF000083680264//180007
PAGO
:61:090121D000000001296,00NTRF000083637036//180007
PAGO
:61:090121D000000001000,00NTRF000083624074//180007
PAGO
:62M:D090121VEF000002226055,17
-}{5:{CHK:1143FB20924B}}{S:{COP:S}}${1:F21VZCRVECAAXXX5410610696}{4:{177:0404021720}{451:0}}{1:F01VZCRVECAAXXX5410610696}{2:09501717040402VZCRVECAAXXX40812675430404021720N}{3:{108:SCONNECT}}{4:
:20:MI090121
:25:1111111111
:28C:0545/138
:60M:D090121VEF000002226055,17
:61:090121D000000000400,00NTRF000083582307//180007
PAGO
:61:090121D000000002150,00NTRF000083553138//180007
PAGO
:61:090121D000000001744,47NTRF000083456825//180007
PAGO
:61:090121D000000000300,00NTRF000055528253//180007
PAGO
:61:090121D000000000100,00NTRF000055307748//180007
PAGO
:61:090121D000000000100,00NTRF000055219748//180007
PAGO
:61:090121D000000000100,00NTRF000055104748//180007
PAGO
:61:090121D000000000200,00NTRF000054881675//180007
PAGO
:61:090121D000000000105,00NTRF000054876136//180007
PAGO
:62M:D090121VEF000002231254,64
-}{5:{CHK:1143FB20924B}}{S:{COP:S}}${1:F21VZCRVECAAXXX5410610696}{4:{177:0404021720}{451:0}}{1:F01VZCRVECAAXXX5410610696}{2:09501717040402VZCRVECAAXXX40812675430404021720N}{3:{108:SCONNECT}}{4:
:20:MI090121
:25:1111111111
:28C:0545/139
:60M:D090121VEF000002231254,64
:61:090121D000000000020,00NTRF000054809720//180007
PAGO
:61:090121D000000000020,00NTRF000054765720//180007
PAGO
:61:090121D000000000150,00NTRF000054642257//180007
PAGO
:61:090121D000000000100,00NTRF000028964385//180007
PAGO
:61:090121D000000000271,65NTRF000028881469//180007
PAGO
:61:090121D000000000090,00NTRF000028752938//180007
PAGO
:61:090121D000000000252,00NTRF000028643015//180007
PAGO
:61:090121D000000000100,00NTRF000028151051//180007
PAGO
:61:090121D000000000053,00NTRF000027997933//180007
PAGO
:62M:D090121VEF000002232311,29
-}{5:{CHK:1143FB20924B}}{S:{COP:S}}${1:F21VZCRVECAAXXX5410610696}{4:{177:0404021720}{451:0}}{1:F01VZCRVECAAXXX5410610696}{2:09501717040402VZCRVECAAXXX40812675430404021720N}{3:{108:SCONNECT}}{4:
:20:MI090121
:25:1111111111
:28C:0545/140
:60M:D090121VEF000002232311,29
:61:090121D000000000300,00NTRF000027528032//180007
PAGO
:61:090121D000000000200,00NTRF000026642663//180007
PAGO
:61:090121D000000000200,00NTRF000023452485//180007
PAGO
:61:090121D000000000200,00NTRF000000424839//180007
PAGO
:61:090121D000000000649,73NTRF000000013914//180007
PAGO
:61:090121D000000012783,40NTRF000000006104//180007
PAGO
:61:090121D000000001992,62NTRF000000006103//180007
PAGO
:61:090121D000000006225,65NTRF000000006101//180007
PAGO
:61:090121D000000001337,50NTRF000020010382//180007
PAGO
:62M:D090121VEF000002256200,19
-}{5:{CHK:1143FB20924B}}{S:{COP:S}}${1:F21VZCRVECAAXXX5410610696}{4:{177:0404021720}{451:0}}{1:F01VZCRVECAAXXX5410610696}{2:09501717040402VZCRVECAAXXX40812675430404021720N}{3:{108:SCONNECT}}{4:
:20:MI090121
:25:1111111111
:28C:0545/141
:60M:D090121VEF000002256200,19
:61:090121D000000005864,50NTRF000020010381//180007
PAGO
:61:090121D000000002499,50NTRF000020010380//180007
PAGO
:61:090121D000000004999,50NTRF000020010379//180007
PAGO
:61:090121D000000000999,50NTRF000020010378//180007
PAGO
:61:090121D000000000299,50NTRF000020010377//180007
PAGO
:61:090121D000000000499,50NTRF000020010376//180007
PAGO
:61:090121D000000003399,50NTRF000020010375//180007
PAGO
:61:090121D000000002065,50NTRF000020010373//180007
PAGO
:61:090121D000000000512,10NTRF000090381660//180007
PAGO
:62M:D090121VEF000002277339,29
-}{5:{CHK:1143FB20924B}}{S:{COP:S}}${1:F21VZCRVECAAXXX5410610696}{4:{177:0404021720}{451:0}}{1:F01VZCRVECAAXXX5410610696}{2:09501717040402VZCRVECAAXXX40812675430404021720N}{3:{108:SCONNECT}}{4:
:20:MI090121
:25:1111111111
:28C:0545/142
:60M:D090121VEF000002277339,29
:61:090121D000000000265,00NTRF000060001417//180007
PAGO
:61:090121D000000000411,56NTRF000060001416//180007
PAGO
:61:090121D000000000614,64NTRF000060001415//180007
PAGO
:61:090121D000000000275,00NTRF000060001414//180007
PAGO
:61:090121D000000000171,71NTRF000060001413//180007
PAGO
:61:090121D000000000600,00NTRF000060001412//180007
PAGO
:61:090121D000000000161,56NTRF000060001411//180007
PAGO
:61:090121D000000001618,09NTRF000060001410//180007
PAGO
:61:090121D000000000500,00NTRF000096442612//180007
PAGO
:62M:D090121VEF000002281956,85
-}{5:{CHK:1143FB20924B}}{S:{COP:S}}${1:F21VZCRVECAAXXX5410610696}{4:{177:0404021720}{451:0}}{1:F01VZCRVECAAXXX5410610696}{2:09501717040402VZCRVECAAXXX40812675430404021720N}{3:{108:SCONNECT}}{4:
:20:MI090121
:25:1111111111
:28C:0545/143
:60M:D090121VEF000002281956,85
:61:090121D000000000200,00NTRF000096346455//180007
PAGO
:61:090121D000000019650,00NTRF000096305036//180007
PAGO
:61:090121D000000001000,00NTRF000096298450//180007
PAGO
:61:090121D000000000100,00NTRF000096231310//180007
PAGO
:61:090121D000000000250,00NTRF000096207518//180007
PAGO
:61:090121D000000003500,00NTRF000096137554//180007
PAGO
:61:090121D000000003200,00NTRF000096066812//180007
PAGO
:61:090121D000000041303,74NTRF000096045378//180007
PAGO
:61:090121D000000002342,00NTRF000086279587//180007
PAGO
:62M:D090121VEF000002353502,59
-}{5:{CHK:1143FB20924B}}{S:{COP:S}}${1:F21VZCRVECAAXXX5410610696}{4:{177:0404021720}{451:0}}{1:F01VZCRVECAAXXX5410610696}{2:09501717040402VZCRVECAAXXX40812675430404021720N}{3:{108:SCONNECT}}{4:
:20:MI090121
:25:1111111111
:28C:0545/144
:60M:D090121VEF000002353502,59
:61:090121D000000000770,00NTRF000086257647//180007
PAGO
:61:090121D000000000030,00NTRF000086214272//180007
PAGO
:61:090121D000000000250,00NTRF000086198389//180007
PAGO
:61:090121D000000001400,00NTRF000086185980//180007
PAGO
:61:090121D000000000300,00NTRF000085977792//180007
PAGO
:61:090121D000000000500,00NTRF000085952780//180007
PAGO
:61:090121D000000001130,00NTRF000085690734//180007
PAGO
:61:090121D000000000600,00NTRF000070623791//180007
PAGO
:61:090121D000000001200,00NTRF000070534952//180007
PAGO
:62M:D090121VEF000002359682,59
-}{5:{CHK:1143FB20924B}}{S:{COP:S}}${1:F21VZCRVECAAXXX5410610696}{4:{177:0404021720}{451:0}}{1:F01VZCRVECAAXXX5410610696}{2:09501717040402VZCRVECAAXXX40812675430404021720N}{3:{108:SCONNECT}}{4:
:20:MI090121
:25:1111111111
:28C:0545/145
:60M:D090121VEF000002359682,59
:61:090121D000000000374,22NTRF000070493380//180007
PAGO
:61:090121D000000002500,00NTRF000070371959//180007
PAGO
:61:090121D000000000180,45NTRF000070265902//180007
PAGO
:61:090121D000000002300,00NTRF000069991134//180007
PAGO
:61:090121D000000000500,00NTRF000069884814//180007
PAGO
:61:090121D000000001395,00NTRF000069805679//180007
PAGO
:61:090121D000000002090,00NTRF000069446570//180007
PAGO
:61:090121D000000002000,00NTRF000055762829//180007
PAGO
:61:090121D000000000650,00NTRF000055734360//180007
PAGO
:62M:D090121VEF000002371672,26
-}{5:{CHK:1143FB20924B}}{S:{COP:S}}${1:F21VZCRVECAAXXX5410610696}{4:{177:0404021720}{451:0}}{1:F01VZCRVECAAXXX5410610696}{2:09501717040402VZCRVECAAXXX40812675430404021720N}{3:{108:SCONNECT}}{4:
:20:MI090121
:25:1111111111
:28C:0545/146
:60M:D090121VEF000002371672,26
:61:090121D000000004627,00NTRF000055677022//180007
PAGO
:61:090121D000000003700,00NTRF000055631361//180007
PAGO
:61:090121D000000001391,82NTRF000055625008//180007
PAGO
:61:090121D000000001166,67NTRF000055504649//180007
PAGO
:61:090121D000000000030,00NTRF000055476053//180007
PAGO
:61:090121D000000000091,74NTRF000055279297//180007
PAGO
:61:090121D000000001300,00NTRF000055218246//180007
PAGO
:61:090121D000000000300,00NTRF000041121150//180007
PAGO
:61:090121D000000001600,00NTRF000040794228//180007
PAGO
:62M:D090121VEF000002385879,49
-}{5:{CHK:1143FB20924B}}{S:{COP:S}}${1:F21VZCRVECAAXXX5410610696}{4:{177:0404021720}{451:0}}{1:F01VZCRVECAAXXX5410610696}{2:09501717040402VZCRVECAAXXX40812675430404021720N}{3:{108:SCONNECT}}{4:
:20:MI090121
:25:1111111111
:28C:0545/147
:60M:D090121VEF000002385879,49
:61:090121D000000000290,00NTRF000040765700//180007
PAGO
:61:090121D000000000500,00NTRF000040598110//180007
PAGO
:61:090121D000000000040,00NTRF000040577183//180007
PAGO
:61:090121D000000000893,31NTRF000040277429//180007
PAGO
:61:090121D000000000070,00NTRF000040161090//180007
PAGO
:61:090121D000000000300,00NTRF000040118327//180007
PAGO
:61:090121D000000001000,00NTRF000039976058//180007
PAGO
:61:090121D000000002300,00NTRF000026957110//180007
PAGO
:61:090121D000000000230,00NTRF000026846782//180007
PAGO
:62M:D090121VEF000002391502,80
-}{5:{CHK:1143FB20924B}}{S:{COP:S}}${1:F21VZCRVECAAXXX5410610696}{4:{177:0404021720}{451:0}}{1:F01VZCRVECAAXXX5410610696}{2:09501717040402VZCRVECAAXXX40812675430404021720N}{3:{108:SCONNECT}}{4:
:20:MI090121
:25:1111111111
:28C:0545/148
:60M:D090121VEF000002391502,80
:61:090121D000000006646,00NTRF000026826505//180007
PAGO
:61:090121D000000000511,00NTRF000026609725//180007
PAGO
:61:090121D000000053504,00NTRF000026593655//180007
PAGO
:61:090121D000000005000,00NTRF000026548690//180007
PAGO
:61:090121D000000019600,00NTRF000025880588//180007
PAGO
:61:090121D000000000460,00NTRF000025690782//180007
PAGO
:61:090121D000000000620,00NTRF000025681231//180007
PAGO
:61:090121D000000001500,00NTRF000014155932//180007
PAGO
:61:090121D000000000300,00NTRF000013964443//180007
PAGO
:62M:D090121VEF000002479643,80
-}{5:{CHK:1143FB20924B}}{S:{COP:S}}${1:F21VZCRVECAAXXX5410610696}{4:{177:0404021720}{451:0}}{1:F01VZCRVECAAXXX5410610696}{2:09501717040402VZCRVECAAXXX40812675430404021720N}{3:{108:SCONNECT}}{4:
:20:MI090121
:25:1111111111
:28C:0545/149
:60M:D090121VEF000002479643,80
:61:090121D000000000200,00NTRF000013939813//180007
PAGO
:61:090121D000000000400,00NTRF000013892154//180007
PAGO
:61:090121D000000000500,00NTRF000013830658//180007
PAGO
:61:090121D000000000085,00NTRF000013778355//180007
PAGO
:61:090121D000000005000,00NTRF000013711626//180007
PAGO
:61:090121D000000000812,70NTRF000013680549//180007
PAGO
:61:090121D000000000577,97NTRF000013669913//180007
PAGO
:61:090121D000000000100,00NTRF000099310486//180007
PAGO
:61:090121D000000000400,00NTRF000098994521//180007
PAGO
:62M:D090121VEF000002487719,47
-}{5:{CHK:1143FB20924B}}{S:{COP:S}}${1:F21VZCRVECAAXXX5410610696}{4:{177:0404021720}{451:0}}{1:F01VZCRVECAAXXX5410610696}{2:09501717040402VZCRVECAAXXX40812675430404021720N}{3:{108:SCONNECT}}{4:
:20:MI090121
:25:1111111111
:28C:0545/150
:60M:D090121VEF000002487719,47
:61:090121D000000002000,00NTRF000098267538//180007
PAGO
:61:090121D000000000500,00NTRF000098190892//180007
PAGO
:61:090121D000000000260,00NTRF000098145824//180007
PAGO
:61:090121D000000000200,00NTRF000098134700//180007
PAGO
:61:090121D000000000250,00NTRF000098128715//180007
PAGO
:61:090121D000000000500,00NTRF000098071494//180007
PAGO
:61:090121D000000000300,00NTRF000098037775//180007
PAGO
:61:090121D000000000070,00NTRF000080734808//180007
PAGO
:61:090121D000000000100,00NTRF000080648884//180007
PAGO
:62M:D090121VEF000002491899,47
-}{5:{CHK:1143FB20924B}}{S:{COP:S}}${1:F21VZCRVECAAXXX5410610696}{4:{177:0404021720}{451:0}}{1:F01VZCRVECAAXXX5410610696}{2:09501717040402VZCRVECAAXXX40812675430404021720N}{3:{108:SCONNECT}}{4:
:20:MI090121
:25:1111111111
:28C:0545/151
:60M:D090121VEF000002491899,47
:61:090121D000000000100,00NTRF000080561947//180007
PAGO
:61:090121D000000000100,00NTRF000080218241//180007
PAGO
:61:090121D000000002000,00NTRF000079678732//180007
PAGO
:61:090121D000000000040,00NTRF000079356326//180007
PAGO
:61:090121D000000000267,00NTRF000079289522//180007
PAGO
:61:090121D000000002000,00NTRF000078747458//180007
PAGO
:61:090121D000000000199,13NTRF000078711769//180007
PAGO
:61:090121D000000000170,00NTRF000062201560//180007
PAGO
:61:090121D000000000370,00NTRF000062164811//180007
PAGO
:62M:D090121VEF000002497145,60
-}{5:{CHK:1143FB20924B}}{S:{COP:S}}${1:F21VZCRVECAAXXX5410610696}{4:{177:0404021720}{451:0}}{1:F01VZCRVECAAXXX5410610696}{2:09501717040402VZCRVECAAXXX40812675430404021720N}{3:{108:SCONNECT}}{4:
:20:MI090121
:25:1111111111
:28C:0545/152
:60M:D090121VEF000002497145,60
:61:090121D000000000500,00NTRF000062111205//180007
PAGO
:61:090121D000000000169,00NTRF000061633167//180007
PAGO
:61:090121D000000001133,00NTRF000061609042//180007
PAGO
:61:090121D000000001833,00NTRF000061502049//180007
PAGO
:61:090121D000000000150,00NTRF000061236685//180007
PAGO
:61:090121D000000002396,82NTRF000061169846//180007
PAGO
:61:090121D000000000150,00NTRF000061048023//180007
PAGO
:61:090121D000000000400,00NTRF000044015994//180007
PAGO
:61:090121D000000000060,00NTRF000043942499//180007
PAGO
:62M:D090121VEF000002503937,42
-}{5:{CHK:1143FB20924B}}{S:{COP:S}}${1:F21VZCRVECAAXXX5410610696}{4:{177:0404021720}{451:0}}{1:F01VZCRVECAAXXX5410610696}{2:09501717040402VZCRVECAAXXX40812675430404021720N}{3:{108:SCONNECT}}{4:
:20:MI090121
:25:1111111111
:28C:0545/153
:60M:D090121VEF000002503937,42
:61:090121D000000000420,00NTRF000043778808//180007
PAGO
:61:090121D000000000350,00NTRF000043676836//180007
PAGO
:61:090121D000000001200,00NTRF000043439573//180007
PAGO
:61:090121D000000001501,55NTRF000043161455//180007
PAGO
:61:090121D000000002239,39NTRF000043093758//180007
PAGO
:61:090121D000000000200,00NTRF000043015485//180007
PAGO
:61:090121D000000000045,50NTRF000042872262//180007
PAGO
:61:090121D000000000164,73NTRF000026412452//180007
PAGO
:61:090121D000000002000,00NTRF000026392742//180007
PAGO
:62M:D090121VEF000002512058,59
-}{5:{CHK:1143FB20924B}}{S:{COP:S}}${1:F21VZCRVECAAXXX5410610696}{4:{177:0404021720}{451:0}}{1:F01VZCRVECAAXXX5410610696}{2:09501717040402VZCRVECAAXXX40812675430404021720N}{3:{108:SCONNECT}}{4:
:20:MI090121
:25:1111111111
:28C:0545/154
:60M:D090121VEF000002512058,59
:61:090121D000000000050,00NTRF000026311340//180007
PAGO
:61:090121D000000000600,00NTRF000026113216//180007
PAGO
:61:090121D000000000200,00NTRF000026031256//180007
PAGO
:61:090121D000000008093,72NTRF000025770507//180007
PAGO
:61:090121D000000000050,00NTRF000025593179//180007
PAGO
:61:090121D000000000270,00NTRF000025235072//180007
PAGO
:61:090121D000000000319,39NTRF000025212185//180007
PAGO
:61:090121D000000000050,00NTRF000009978454//180007
PAGO
:61:090121D000000000955,00NTRF000009965141//180007
PAGO
:62M:D090121VEF000002522646,70
-}{5:{CHK:1143FB20924B}}{S:{COP:S}}${1:F21VZCRVECAAXXX5410610696}{4:{177:0404021720}{451:0}}{1:F01VZCRVECAAXXX5410610696}{2:09501717040402VZCRVECAAXXX40812675430404021720N}{3:{108:SCONNECT}}{4:
:20:MI090121
:25:1111111111
:28C:0545/155
:60M:D090121VEF000002522646,70
:61:090121D000000000350,00NTRF000009834986//180007
PAGO
:61:090121D000000000450,00NTRF000009691874//180007
PAGO
:61:090121D000000000050,00NTRF000009676328//180007
PAGO
:61:090121D000000000370,00NTRF000009511357//180007
PAGO
:61:090121D000000000150,00NTRF000009368346//180007
PAGO
:61:090121D000000000150,00NTRF000009253431//180007
PAGO
:61:090121D000000000150,00NTRF000009239631//180007
PAGO
:61:090121D000000000090,00NTRF000000698771//180007
PAGO
:61:090121D000000000581,85NTRF000000698770//180007
PAGO
:62M:D090121VEF000002524988,55
-}{5:{CHK:1143FB20924B}}{S:{COP:S}}${1:F21VZCRVECAAXXX5410610696}{4:{177:0404021720}{451:0}}{1:F01VZCRVECAAXXX5410610696}{2:09501717040402VZCRVECAAXXX40812675430404021720N}{3:{108:SCONNECT}}{4:
:20:MI090121
:25:1111111111
:28C:0545/156
:60M:D090121VEF000002524988,55
:61:090121D000000010772,84NTRF000000698769//180007
PAGO
:61:090121D000000012089,97NTRF000000698768//180007
PAGO
:61:090121D000000001187,85NTRF000000698767//180007
PAGO
:61:090121D000000009058,63NTRF000000698766//180007
PAGO
:61:090121D000000014749,82NTRF000000698765//180007
PAGO
:61:090121D000000138098,31NTRF000000698764//180007
PAGO
:61:090121D000000012157,50NTRF000000698763//180007
PAGO
:61:090121D000000004102,50NTRF000020010372//180007
PAGO
:61:090121D000000003039,50NTRF000020010371//180007
PAGO
:62M:D090121VEF000002730245,47
-}{5:{CHK:1143FB20924B}}{S:{COP:S}}${1:F21VZCRVECAAXXX5410610696}{4:{177:0404021720}{451:0}}{1:F01VZCRVECAAXXX5410610696}{2:09501717040402VZCRVECAAXXX40812675430404021720N}{3:{108:SCONNECT}}{4:
:20:MI090121
:25:1111111111
:28C:0545/157
:60M:D090121VEF000002730245,47
:61:090121D000000001699,50NTRF000020010370//180007
PAGO
:61:090121D000000002487,65NTRF000020010369//180007
PAGO
:61:090121D000000001530,50NTRF000020010368//180007
PAGO
:61:090121D000000000599,50NTRF000020010367//180007
PAGO
:61:090121D000000003804,80NTRF000020010366//180007
PAGO
:61:090121D000000001700,00NTRF000020010365//180007
PAGO
:61:090121D000000000499,50NTRF000020010364//180007
PAGO
:61:090121D000000001198,99NTRF000009031020//180007
PAGO
:61:090121D000000009088,00NTRF000002889828//180007
PAGO
:62M:D090121VEF000002752853,91
-}{5:{CHK:1143FB20924B}}{S:{COP:S}}${1:F21VZCRVECAAXXX5410610696}{4:{177:0404021720}{451:0}}{1:F01VZCRVECAAXXX5410610696}{2:09501717040402VZCRVECAAXXX40812675430404021720N}{3:{108:SCONNECT}}{4:
:20:MI090121
:25:1111111111
:28C:0545/158
:60M:D090121VEF000002752853,91
:61:090121D000000003010,00NTRF000002517301//180007
PAGO
:61:090121D000000001805,00NTRF000000130647//180007
PAGO
:61:090121D000000001426,34NTRF000000089678//180007
PAGO
:61:090121D000000000338,54NTRF000000088180//180007
PAGO
:61:090121D000000000955,74NTRF000000087421//180007
PAGO
:61:090121D000000002495,25NTRF000000033473//180007
PAGO
:61:090121D000000000538,60NTRF000000033472//180007
PAGO
:61:090121D000000002000,00NTRF000095639000//180007
PAGO
:61:090121D000000000794,25NTRF000095565590//180007
PAGO
:62M:D090121VEF000002766217,63
-}{5:{CHK:1143FB20924B}}{S:{COP:S}}${1:F21VZCRVECAAXXX5410610696}{4:{177:0404021720}{451:0}}{1:F01VZCRVECAAXXX5410610696}{2:09501717040402VZCRVECAAXXX40812675430404021720N}{3:{108:SCONNECT}}{4:
:20:MI090121
:25:1111111111
:28C:0545/159
:60M:D090121VEF000002766217,63
:61:090121D000000002700,00NTRF000095501381//180007
PAGO
:61:090121D000000000400,00NTRF000095486167//180007
PAGO
:61:090121D000000000500,00NTRF000095431702//180007
PAGO
:61:090121D000000000530,00NTRF000095349009//180007
PAGO
:61:090121D000000000500,00NTRF000095343705//180007
PAGO
:61:090121D000000013000,00NTRF000095229213//180007
PAGO
:61:090121D000000001000,00NTRF000095127296//180007
PAGO
:61:090121D000000000030,00NTRF000085587429//180007
PAGO
:61:090121D000000001000,00NTRF000085527252//180007
PAGO
:62M:D090121VEF000002785877,63
-}{5:{CHK:1143FB20924B}}{S:{COP:S}}${1:F21VZCRVECAAXXX5410610696}{4:{177:0404021720}{451:0}}{1:F01VZCRVECAAXXX5410610696}{2:09501717040402VZCRVECAAXXX40812675430404021720N}{3:{108:SCONNECT}}{4:
:20:MI090121
:25:1111111111
:28C:0545/160
:60M:D090121VEF000002785877,63
:61:090121D000000001266,00NTRF000085316114//180007
PAGO
:61:090121D000000000200,00NTRF000085119734//180007
PAGO
:61:090121D000000001600,00NTRF000085094868//180007
PAGO
:61:090121D000000002998,41NTRF000084875388//180007
PAGO
:61:090121D000000001020,00NTRF000084810660//180007
PAGO
:61:090121D000000000200,00NTRF000084781950//180007
PAGO
:61:090121D000000000160,00NTRF000084610360//180007
PAGO
:61:090121D000000000200,00NTRF000069320382//180007
PAGO
:61:090121D000000001050,00NTRF000069305071//180007
PAGO
:62M:D090121VEF000002794572,04
-}{5:{CHK:1143FB20924B}}{S:{COP:S}}${1:F21VZCRVECAAXXX5410610696}{4:{177:0404021720}{451:0}}{1:F01VZCRVECAAXXX5410610696}{2:09501717040402VZCRVECAAXXX40812675430404021720N}{3:{108:SCONNECT}}{4:
:20:MI090121
:25:1111111111
:28C:0545/161
:60M:D090121VEF000002794572,04
:61:090121D000000000804,54NTRF000069216860//180007
PAGO
:61:090121D000000000560,00NTRF000069149300//180007
PAGO
:61:090121D000000001435,00NTRF000069088581//180007
PAGO
:61:090121D000000000240,00NTRF000069045727//180007
PAGO
:61:090121D000000000233,10NTRF000068621815//180007
PAGO
:61:090121D000000001400,00NTRF000068526599//180007
PAGO
:61:090121D000000000400,00NTRF000068032527//180007
PAGO
:61:090121D000000001400,00NTRF000055148453//180007
PAGO
:61:090121D000000000900,00NTRF000054885375//180007
PAGO
:62M:D090121VEF000002801944,68
-}{5:{CHK:1143FB20924B}}{S:{COP:S}}${1:F21VZCRVECAAXXX5410610696}{4:{177:0404021720}{451:0}}{1:F01VZCRVECAAXXX5410610696}{2:09501717040402VZCRVECAAXXX40812675430404021720N}{3:{108:SCONNECT}}{4:
:20:MI090121
:25:1111111111
:28C:0545/162
:60M:D090121VEF000002801944,68
:61:090121D000000000180,00NTRF000054564671//180007
PAGO
:61:090121D000000044260,00NTRF000054461902//180007
PAGO
:61:090121D000000005000,00NTRF000054452803//180007
PAGO
:61:090121D000000001250,00NTRF000053917847//180007
PAGO
:61:090121D000000000250,00NTRF000053899562//180007
PAGO
:61:090121D000000000120,00NTRF000053793707//180007
PAGO
:61:090121D000000001600,00NTRF000053718950//180007
PAGO
:61:090121D000000002500,00NTRF000039898567//180007
PAGO
:61:090121D000000000500,00NTRF000039898167//180007
PAGO
:62M:D090121VEF000002857604,68
-}{5:{CHK:1143FB20924B}}{S:{COP:S}}${1:F21VZCRVECAAXXX5410610696}{4:{177:0404021720}{451:0}}{1:F01VZCRVECAAXXX5410610696}{2:09501717040402VZCRVECAAXXX40812675430404021720N}{3:{108:SCONNECT}}{4:
:20:MI090121
:25:1111111111
:28C:0545/163
:60M:D090121VEF000002857604,68
:61:090121D000000000278,00NTRF000039791301//180007
PAGO
:61:090121D000000001520,00NTRF000039662400//180007
PAGO
:61:090121D000000024568,20NTRF000039613747//180007
PAGO
:61:090121D000000006000,00NTRF000039525846//180007
PAGO
:61:090121D000000000150,00NTRF000039371720//180007
PAGO
:61:090121D000000014000,00NTRF000039183182//180007
PAGO
:61:090121D000000001500,00NTRF000039181664//180007
PAGO
:61:090121D000000000451,00NTRF000025512216//180007
PAGO
:61:090121D000000002866,00NTRF000025476548//180007
PAGO
:62M:D090121VEF000002908937,88
-}{5:{CHK:1143FB20924B}}{S:{COP:S}}${1:F21VZCRVECAAXXX5410610696}{4:{177:0404021720}{451:0}}{1:F01VZCRVECAAXXX5410610696}{2:09501717040402VZCRVECAAXXX40812675430404021720N}{3:{108:SCONNECT}}{4:
:20:MI090121
:25:1111111111
:28C:0545/164
:60M:D090121VEF000002908937,88
:61:090121D000000000300,00NTRF000025449368//180007
PAGO
:61:090121D000000000576,00NTRF000025405720//180007
PAGO
:61:090121D000000000600,00NTRF000025368369//180007
PAGO
:61:090121D000000001000,00NTRF000025301885//180007
PAGO
:61:090121D000000000310,00NTRF000025136139//180007
PAGO
:61:090121D000000002000,00NTRF000025132511//180007
PAGO
:61:090121D000000000871,54NTRF000025100342//180007
PAGO
:61:090121D000000005000,00NTRF000013316652//180007
PAGO
:61:090121D000000000800,00NTRF000013188543//180007
PAGO
:62M:D090121VEF000002920395,42
-}{5:{CHK:1143FB20924B}}{S:{COP:S}}${1:F21VZCRVECAAXXX5410610696}{4:{177:0404021720}{451:0}}{1:F01VZCRVECAAXXX5410610696}{2:09501717040402VZCRVECAAXXX40812675430404021720N}{3:{108:SCONNECT}}{4:
:20:MI090121
:25:1111111111
:28C:0545/165
:60M:D090121VEF000002920395,42
:61:090121D000000000300,00NTRF000013134091//180007
PAGO
:61:090121D000000000400,00NTRF000013061785//180007
PAGO
:61:090121D000000000570,00NTRF000012755459//180007
PAGO
:61:090121D000000000100,00NTRF000012658938//180007
PAGO
:61:090121D000000000270,00NTRF000012492229//180007
PAGO
:61:090121D000000001359,92NTRF000012475859//180007
PAGO
:61:090121D000000000100,00NTRF000012411806//180007
PAGO
:61:090121D000000003000,00NTRF000098008587//180007
PAGO
:61:090121D000000000100,00NTRF000097907150//180007
PAGO
:62M:D090121VEF000002926595,34
-}{5:{CHK:1143FB20924B}}{S:{COP:S}}${1:F21VZCRVECAAXXX5410610696}{4:{177:0404021720}{451:0}}{1:F01VZCRVECAAXXX5410610696}{2:09501717040402VZCRVECAAXXX40812675430404021720N}{3:{108:SCONNECT}}{4:
:20:MI090121
:25:1111111111
:28C:0545/166
:60M:D090121VEF000002926595,34
:61:090121D000000000510,00NTRF000097812043//180007
PAGO
:61:090121D000000001000,00NTRF000097490059//180007
PAGO
:61:090121D000000000930,00NTRF000097340505//180007
PAGO
:61:090121D000000000020,00NTRF000097167483//180007
PAGO
:61:090121D000000000300,00NTRF000097098344//180007
PAGO
:61:090121D000000000215,00NTRF000097064775//180007
PAGO
:61:090121D000000000300,00NTRF000097014344//180007
PAGO
:61:090121D000000000362,62NTRF000078529248//180007
PAGO
:61:090121D000000005200,00NTRF000078518778//180007
PAGO
:62M:D090121VEF000002935432,96
-}{5:{CHK:1143FB20924B}}{S:{COP:S}}${1:F21VZCRVECAAXXX5410610696}{4:{177:0404021720}{451:0}}{1:F01VZCRVECAAXXX5410610696}{2:09501717040402VZCRVECAAXXX40812675430404021720N}{3:{108:SCONNECT}}{4:
:20:MI090121
:25:1111111111
:28C:0545/167
:60M:D090121VEF000002935432,96
:61:090121D000000000541,25NTRF000078492370//180007
PAGO
:61:090121D000000000115,00NTRF000078476679//180007
PAGO
:61:090121D000000003633,00NTRF000077904741//180007
PAGO
:61:090121D000000000400,00NTRF000077486383//180007
PAGO
:61:090121D000000000500,00NTRF000077044560//180007
PAGO
:61:090121D000000000020,00NTRF000077031317//180007
PAGO
:61:090121D000000000020,00NTRF000077001317//180007
PAGO
:61:090121D000000000000,90NTRF000060925673//180007
PAGO
:61:090121D000000004421,03NTRF000060844774//180007
PAGO
:62M:D090121VEF000002945084,14
-}{5:{CHK:1143FB20924B}}{S:{COP:S}}${1:F21VZCRVECAAXXX5410610696}{4:{177:0404021720}{451:0}}{1:F01VZCRVECAAXXX5410610696}{2:09501717040402VZCRVECAAXXX40812675430404021720N}{3:{108:SCONNECT}}{4:
:20:MI090121
:25:1111111111
:28C:0545/168
:60M:D090121VEF000002945084,14
:61:090121D000000001500,00NTRF000060834494//180007
PAGO
:61:090121D000000000200,00NTRF000060700607//180007
PAGO
:61:090121D000000001000,00NTRF000060651561//180007
PAGO
:61:090121D000000001037,00NTRF000060620632//180007
PAGO
:61:090121D000000000289,12NTRF000060618615//180007
PAGO
:61:090121D000000000050,00NTRF000060618170//180007
PAGO
:61:090121D000000001500,00NTRF000060609494//180007
PAGO
:61:090121D000000000018,00NTRF000042739066//180007
PAGO
:61:090121D000000000300,00NTRF000042674934//180007
PAGO
:62M:D090121VEF000002950978,26
-}{5:{CHK:1143FB20924B}}{S:{COP:S}}${1:F21VZCRVECAAXXX5410610696}{4:{177:0404021720}{451:0}}{1:F01VZCRVECAAXXX5410610696}{2:09501717040402VZCRVECAAXXX40812675430404021720N}{3:{108:SCONNECT}}{4:
:20:MI090121
:25:1111111111
:28C:0545/169
:60M:D090121VEF000002950978,26
:61:090121D000000000200,00NTRF000042618485//180007
PAGO
:61:090121D000000000400,00NTRF000042178983//180007
PAGO
:61:090121D000000004171,41NTRF000042177918//180007
PAGO
:61:090121D000000000100,00NTRF000041943821//180007
PAGO
:61:090121D000000000100,00NTRF000041876821//180007
PAGO
:61:090121D000000000100,00NTRF000041813821//180007
PAGO
:61:090121D000000002000,00NTRF000041636607//180007
PAGO
:61:090121D000000000812,00NTRF000025051353//180007
PAGO
:61:090121D000000001000,00NTRF000025009486//180007
PAGO
:62M:D090121VEF000002959861,67
-}{5:{CHK:1143FB20924B}}{S:{COP:S}}${1:F21VZCRVECAAXXX5410610696}{4:{177:0404021720}{451:0}}{1:F01VZCRVECAAXXX5410610696}{2:09501717040402VZCRVECAAXXX40812675430404021720N}{3:{108:SCONNECT}}{4:
:20:MI090121
:25:1111111111
:28C:0545/170
:60M:D090121VEF000002959861,67
:61:090121D000000001500,00NTRF000024937453//180007
PAGO
:61:090121D000000000300,00NTRF000024871423//180007
PAGO
:61:090121D000000000300,00NTRF000024862498//180007
PAGO
:61:090121D000000018000,00NTRF000024804291//180007
PAGO
:61:090121D000000000220,00NTRF000024733493//180007
PAGO
:61:090121D000000000350,00NTRF000024683745//180007
PAGO
:61:090121D000000000767,00NTRF000024621541//180007
PAGO
:61:090121D000000000021,40NTRF000009126976//180007
PAGO
:61:090121D000000002711,06NTRF000009033790//180007
PAGO
:62M:D090121VEF000002984031,13
-}{5:{CHK:1143FB20924B}}{S:{COP:S}}${1:F21VZCRVECAAXXX5410610696}{4:{177:0404021720}{451:0}}{1:F01VZCRVECAAXXX5410610696}{2:09501717040402VZCRVECAAXXX40812675430404021720N}{3:{108:SCONNECT}}{4:
:20:MI090121
:25:1111111111
:28C:0545/171
:60M:D090121VEF000002984031,13
:61:090121D000000000200,00NTRF000008990306//180007
PAGO
:61:090121D000000000290,00NTRF000008462554//180007
PAGO
:61:090121D000000000350,00NTRF000008402883//180007
PAGO
:61:090121D000000000120,00NTRF000008381251//180007
PAGO
:61:090121D000000002000,00NTRF000007898140//180007
PAGO
:61:090121D000000000033,76NTRF000007887223//180007
PAGO
:61:090121D000000000380,00NTRF000007846667//180007
PAGO
:61:090121D000000011556,65NTRF000000698762//180007
PAGO
:61:090121D000000000737,13NTRF000000698761//180007
PAGO
:62M:D090121VEF000002999698,67
-}{5:{CHK:1143FB20924B}}{S:{COP:S}}${1:F21VZCRVECAAXXX5410610696}{4:{177:0404021720}{451:0}}{1:F01VZCRVECAAXXX5410610696}{2:09501717040402VZCRVECAAXXX40812675430404021720N}{3:{108:SCONNECT}}{4:
:20:MI090121
:25:1111111111
:28C:0545/172
:60M:D090121VEF000002999698,67
:61:090121D000000000047,95NTRF000000698760//180007
PAGO
:61:090121D000000000495,43NTRF000000698759//180007
PAGO
:61:090121D000000042044,48NTRF000000698758//180007
PAGO
:61:090121D000000023547,44NTRF000000698757//180007
PAGO
:61:090121D000000051667,26NTRF000000698756//180007
PAGO
:61:090121D000000002689,08NTRF000000698755//180007
PAGO
:61:090121D000000010396,49NTRF000000698754//180007
PAGO
:61:090121D000000003999,50NTRF000020010363//180007
PAGO
:61:090121D000000002499,50NTRF000020010362//180007
PAGO
:62M:D090121VEF000003137085,80
-}{5:{CHK:1143FB20924B}}{S:{COP:S}}${1:F21VZCRVECAAXXX5410610696}{4:{177:0404021720}{451:0}}{1:F01VZCRVECAAXXX5410610696}{2:09501717040402VZCRVECAAXXX40812675430404021720N}{3:{108:SCONNECT}}{4:
:20:MI090121
:25:1111111111
:28C:0545/173
:60M:D090121VEF000003137085,80
:61:090121D000000004599,50NTRF000020010361//180007
PAGO
:61:090121D000000007999,50NTRF000020010360//180007
PAGO
:61:090121D000000003999,50NTRF000020010359//180007
PAGO
:61:090121D000000030959,50NTRF000020010358//180007
PAGO
:61:090121D000000001551,40NTRF000020010357//180007
PAGO
:61:090121D000000002651,97NTRF000020010356//180007
PAGO
:61:090121D000000003825,97NTRF000020010355//180007
PAGO
:61:090121D000000007183,14NTRF000000032995//180007
PAGO
:61:090121D000000000987,16NTRF000000026082//180007
PAGO
:62M:D090121VEF000003200843,44
-}{5:{CHK:1143FB20924B}}{S:{COP:S}}${1:F21VZCRVECAAXXX5410610696}{4:{177:0404021720}{451:0}}{1:F01VZCRVECAAXXX5410610696}{2:09501717040402VZCRVECAAXXX40812675430404021720N}{3:{108:SCONNECT}}{4:
:20:MI090121
:25:1111111111
:28C:0545/174
:60M:D090121VEF000003200843,44
:61:090121D000000004381,00NTRF000000026081//180007
PAGO
:61:090121D000000000599,86NTRF000000026080//180007
PAGO
:61:090121D000000000179,85NTRF000000026079//180007
PAGO
:61:090121D000000000290,00NTRF000000026077//180007
PAGO
:61:090121D000000000572,00NTRF000000026076//180007
PAGO
:61:090121D000000002346,25NTRF000000026075//180007
PAGO
:61:090121D000000000107,50NTRF000000026073//180007
PAGO
:61:090121D000000010000,00NTRF000095108857//180007
PAGO
:61:090121D000000000800,00NTRF000095078782//180007
PAGO
:62M:D090121VEF000003220119,90
-}{5:{CHK:1143FB20924B}}{S:{COP:S}}${1:F21VZCRVECAAXXX5410610696}{4:{177:0404021720}{451:0}}{1:F01VZCRVECAAXXX5410610696}{2:09501717040402VZCRVECAAXXX40812675430404021720N}{3:{108:SCONNECT}}{4:
:20:MI090121
:25:1111111111
:28C:0545/175
:60M:D090121VEF000003220119,90
:61:090121D000000000973,00NTRF000094718769//180007
PAGO
:61:090121D000000000350,00NTRF000094524526//180007
PAGO
:61:090121D000000001000,00NTRF000094520437//180007
PAGO
:61:090121D000000000560,88NTRF000094479360//180007
PAGO
:61:090121D000000000615,00NTRF000094412777//180007
PAGO
:61:090121D000000000763,00NTRF000094188718//180007
PAGO
:61:090121D000000003500,00NTRF000094076518//180007
PAGO
:61:090121D000000000150,00NTRF000084506733//180007
PAGO
:61:090121D000000006000,00NTRF000084416005//180007
PAGO
:62M:D090121VEF000003234031,78
-}{5:{CHK:1143FB20924B}}{S:{COP:S}}${1:F21VZCRVECAAXXX5410610696}{4:{177:0404021720}{451:0}}{1:F01VZCRVECAAXXX5410610696}{2:09501717040402VZCRVECAAXXX40812675430404021720N}{3:{108:SCONNECT}}{4:
:20:MI090121
:25:1111111111
:28C:0545/176
:60M:D090121VEF000003234031,78
:61:090121D000000000506,00NTRF000084322099//180007
PAGO
:61:090121D000000000400,00NTRF000084275818//180007
PAGO
:61:090121D000000002600,00NTRF000084132860//180007
PAGO
:61:090121D000000003800,00NTRF000083971676//180007
PAGO
:61:090121D000000007000,00NTRF000083833597//180007
PAGO
:61:090121D000000000400,00NTRF000083775493//180007
PAGO
:61:090121D000000000300,00NTRF000083590432//180007
PAGO
:61:090121D000000000115,00NTRF000067974689//180007
PAGO
:61:090121D000000014205,00NTRF000067933195//180007
PAGO
:62M:D090121VEF000003263357,78
-}{5:{CHK:1143FB20924B}}{S:{COP:S}}${1:F21VZCRVECAAXXX5410610696}{4:{177:0404021720}{451:0}}{1:F01VZCRVECAAXXX5410610696}{2:09501717040402VZCRVECAAXXX40812675430404021720N}{3:{108:SCONNECT}}{4:
:20:MI090121
:25:1111111111
:28C:0545/177
:60M:D090121VEF000003263357,78
:61:090121D000000001000,00NTRF000067915624//180007
PAGO
:61:090121D000000000600,00NTRF000067742761//180007
PAGO
:61:090121D000000000115,00NTRF000067624085//180007
PAGO
:61:090121D000000000100,00NTRF000067556672//180007
PAGO
:61:090121D000000000360,00NTRF000067390605//180007
PAGO
:61:090121D000000013338,51NTRF000067258762//180007
PAGO
:61:090121D000000000750,00NTRF000067243742//180007
PAGO
:61:090121D000000008235,00NTRF000053703898//180007
PAGO
:61:090121D000000001405,00NTRF000053682055//180007
PAGO
:62M:D090121VEF000003289261,29
-}{5:{CHK:1143FB20924B}}{S:{COP:S}}${1:F21VZCRVECAAXXX5410610696}{4:{177:0404021720}{451:0}}{1:F01VZCRVECAAXXX5410610696}{2:09501717040402VZCRVECAAXXX40812675430404021720N}{3:{108:SCONNECT}}{4:
:20:MI090121
:25:1111111111
:28C:0545/178
:60M:D090121VEF000003289261,29
:61:090121D000000000030,00NTRF000053515620//180007
PAGO
:61:090121D000000002686,00NTRF000053509366//180007
PAGO
:61:090121D000000000600,00NTRF000053499277//180007
PAGO
:61:090121D000000000013,00NTRF000053462277//180007
PAGO
:61:090121D000000000800,00NTRF000053388389//180007
PAGO
:61:090121D000000000243,95NTRF000053308283//180007
PAGO
:61:090121D000000000050,00NTRF000053274219//180007
PAGO
:61:090121D000000000100,00NTRF000039045562//180007
PAGO
:61:090121D000000000496,57NTRF000038991153//180007
PAGO
:62M:D090121VEF000003294280,81
-}{5:{CHK:1143FB20924B}}{S:{COP:S}}${1:F21VZCRVECAAXXX5410610696}{4:{177:0404021720}{451:0}}{1:F01VZCRVECAAXXX5410610696}{2:09501717040402VZCRVECAAXXX40812675430404021720N}{3:{108:SCONNECT}}{4:
:20:MI090121
:25:1111111111
:28C:0545/179
:60M:D090121VEF000003294280,81
:61:090121D000000000500,00NTRF000038942945//180007
PAGO
:61:090121D000000000475,00NTRF000038631000//180007
PAGO
:61:090121D000000000371,17NTRF000038580329//180007
PAGO
:61:090121D000000015807,28NTRF000038471388//180007
PAGO
:61:090121D000000015064,14NTRF000038406741//180007
PAGO
:61:090121D000000000270,00NTRF000038149184//180007
PAGO
:61:090121D000000001500,00NTRF000038108384//180007
PAGO
:61:090121D000000000800,00NTRF000024984684//180007
PAGO
:61:090121D000000000525,96NTRF000024896423//180007
PAGO
:62M:D090121VEF000003329594,36
-}{5:{CHK:1143FB20924B}}{S:{COP:S}}${1:F21VZCRVECAAXXX5410610696}{4:{177:0404021720}{451:0}}{1:F01VZCRVECAAXXX5410610696}{2:09501717040402VZCRVECAAXXX40812675430404021720N}{3:{108:SCONNECT}}{4:
:20:MI090121
:25:1111111111
:28C:0545/180
:60M:D090121VEF000003329594,36
:61:090121D000000000465,81NTRF000024872916//180007
PAGO
:61:090121D000000000700,00NTRF000024851794//180007
PAGO
:61:090121D000000000068,00NTRF000024780653//180007
PAGO
:61:090121D000000000150,00NTRF000024731517//180007
PAGO
:61:090121D000000000500,00NTRF000024713443//180007
PAGO
:61:090121D000000001026,00NTRF000024699024//180007
PAGO
:61:090121D000000000241,00NTRF000024623592//180007
PAGO
:61:090121D000000001715,00NTRF000012139667//180007
PAGO
:61:090121D000000001500,00NTRF000012071297//180007
PAGO
:62M:D090121VEF000003335960,17
-}{5:{CHK:1143FB20924B}}{S:{COP:S}}${1:F21VZCRVECAAXXX5410610696}{4:{177:0404021720}{451:0}}{1:F01VZCRVECAAXXX5410610696}{2:09501717040402VZCRVECAAXXX40812675430404021720N}{3:{108:SCONNECT}}{4:
:20:MI090121
:25:1111111111
:28C:0545/181
:60M:D090121VEF000003335960,17
:61:090121D000000002000,00NTRF000012043086//180007
PAGO
:61:090121D000000000495,00NTRF000011982509//180007
PAGO
:61:090121D000000000240,00NTRF000011884257//180007
PAGO
:61:090121D000000000172,00NTRF000011773958//180007
PAGO
:61:090121D000000000315,00NTRF000011713516//180007
PAGO
:61:090121D000000006000,00NTRF000011709737//180007
PAGO
:61:090121D000000001400,00NTRF000011682016//180007
PAGO
:61:090121D000000000215,00NTRF000096991775//180007
PAGO
:61:090121D000000000100,00NTRF000096948569//180007
PAGO
:62M:D090121VEF000003346897,17
-}{5:{CHK:1143FB20924B}}{S:{COP:S}}${1:F21VZCRVECAAXXX5410610696}{4:{177:0404021720}{451:0}}{1:F01VZCRVECAAXXX5410610696}{2:09501717040402VZCRVECAAXXX40812675430404021720N}{3:{108:SCONNECT}}{4:
:20:MI090121
:25:1111111111
:28C:0545/182
:60M:D090121VEF000003346897,17
:61:090121D000000000390,00NTRF000096533531//180007
PAGO
:61:090121D000000000120,00NTRF000096519044//180007
PAGO
:61:090121D000000000100,00NTRF000096462548//180007
PAGO
:61:090121D000000005000,00NTRF000096441558//180007
PAGO
:61:090121D000000002000,00NTRF000096404280//180007
PAGO
:61:090121D000000005000,00NTRF000096385558//180007
PAGO
:61:090121D000000000269,00NTRF000096343452//180007
PAGO
:61:090121D000000000045,00NTRF000076831113//180007
PAGO
:61:090121D000000000200,00NTRF000076495175//180007
PAGO
:62M:D090121VEF000003360021,17
-}{5:{CHK:1143FB20924B}}{S:{COP:S}}${1:F21VZCRVECAAXXX5410610696}{4:{177:0404021720}{451:0}}{1:F01VZCRVECAAXXX5410610696}{2:09501717040402VZCRVECAAXXX40812675430404021720N}{3:{108:SCONNECT}}{4:
:20:MI090121
:25:1111111111
:28C:0545/183
:60M:D090121VEF000003360021,17
:61:090121D000000000200,00NTRF000076467175//180007
PAGO
:61:090121D000000000200,00NTRF000076431175//180007
PAGO
:61:090121D000000000200,00NTRF000076404175//180007
PAGO
:61:090121D000000002000,00NTRF000076389917//180007
PAGO
:61:090121D000000000200,00NTRF000076374175//180007
PAGO
:61:090121D000000002000,00NTRF000076326917//180007
PAGO
:61:090121D000000000200,00NTRF000076325175//180007
PAGO
:61:090121D000000000100,00NTRF000060523788//180007
PAGO
:61:090121D000000001200,00NTRF000060454775//180007
PAGO
:62M:D090121VEF000003366321,17
-}{5:{CHK:1143FB20924B}}{S:{COP:S}}${1:F21VZCRVECAAXXX5410610696}{4:{177:0404021720}{451:0}}{1:F01VZCRVECAAXXX5410610696}{2:09501717040402VZCRVECAAXXX40812675430404021720N}{3:{108:SCONNECT}}{4:
:20:MI090121
:25:1111111111
:28C:0545/184
:60M:D090121VEF000003366321,17
:61:090121D000000000300,00NTRF000060367793//180007
PAGO
:61:090121D000000000150,00NTRF000060282231//180007
PAGO
:61:090121D000000000050,00NTRF000060275170//180007
PAGO
:61:090121D000000001400,00NTRF000060180614//180007
PAGO
:61:090121D000000000200,00NTRF000060155607//180007
PAGO
:61:090121D000000000300,00NTRF000059823055//180007
PAGO
:61:090121D000000000050,00NTRF000059634754//180007
PAGO
:61:090121D000000000250,00NTRF000041502545//180007
PAGO
:61:090121D000000000250,00NTRF000041486833//180007
PAGO
:62M:D090121VEF000003369271,17
-}{5:{CHK:1143FB20924B}}{S:{COP:S}}${1:F21VZCRVECAAXXX5410610696}{4:{177:0404021720}{451:0}}{1:F01VZCRVECAAXXX5410610696}{2:09501717040402VZCRVECAAXXX40812675430404021720N}{3:{108:SCONNECT}}{4:
:20:MI090121
:25:1111111111
:28C:0545/185
:60M:D090121VEF000003369271,17
:61:090121D000000002505,00NTRF000041351711//180007
PAGO
:61:090121D000000000300,00NTRF000041271105//180007
PAGO
:61:090121D000000000500,00NTRF000041216230//180007
PAGO
:61:090121D000000000250,00NTRF000041093868//180007
PAGO
:61:090121D000000001200,00NTRF000040852420//180007
PAGO
:61:090121D000000000050,00NTRF000040604101//180007
PAGO
:61:090121D000000017865,87NTRF000024618176//180007
PAGO
:61:090121D000000000500,00NTRF000024276194//180007
PAGO
:61:090121D000000000092,00NTRF000024115003//180007
PAGO
:62M:D090121VEF000003392534,04
-}{5:{CHK:1143FB20924B}}{S:{COP:S}}${1:F21VZCRVECAAXXX5410610696}{4:{177:0404021720}{451:0}}{1:F01VZCRVECAAXXX5410610696}{2:09501717040402VZCRVECAAXXX40812675430404021720N}{3:{108:SCONNECT}}{4:
:20:MI090121
:25:1111111111
:28C:0545/186
:60M:D090121VEF000003392534,04
:61:090121D000000000300,00NTRF000023858439//180007
PAGO
:61:090121D000000000171,00NTRF000023742296//180007
PAGO
:61:090121D000000002500,00NTRF000023732005//180007
PAGO
:61:090121D000000000300,00NTRF000023678464//180007
PAGO
:61:090121D000000000100,00NTRF000023593644//180007
PAGO
:61:090121D000000000080,00NTRF000023395059//180007
PAGO
:61:090121D000000000102,35NTRF000007814021//180007
PAGO
:61:090121D000000000500,00NTRF000007809968//180007
PAGO
:61:090121D000000000362,13NTRF000007472327//180007
PAGO
:62M:D090121VEF000003396949,52
-}{5:{CHK:1143FB20924B}}{S:{COP:S}}${1:F21VZCRVECAAXXX5410610696}{4:{177:0404021720}{451:0}}{1:F01VZCRVECAAXXX5410610696}{2:09501717040402VZCRVECAAXXX40812675430404021720N}{3:{108:SCONNECT}}{4:
:20:MI090121
:25:1111111111
:28C:0545/187
:60M:D090121VEF000003396949,52
:61:090121D000000000555,00NTRF000007375267//180007
PAGO
:61:090121D000000000208,13NTRF000007260064//180007
PAGO
:61:090121D000000000200,00NTRF000007070561//180007
PAGO
:61:090121D000000000200,00NTRF000007032561//180007
PAGO
:61:090121D000000000475,00NTRF000006952802//180007
PAGO
:61:090121D000000000410,00NTRF000006839301//180007
PAGO
:61:090121D000000012773,97NTRF000000698752//180007
PAGO
:61:090121D000000011004,35NTRF000000698751//180007
PAGO
:61:090121D000000000355,00NTRF000000698750//180007
PAGO
:62M:D090121VEF000003423130,97
-}{5:{CHK:1143FB20924B}}{S:{COP:S}}${1:F21VZCRVECAAXXX5410610696}{4:{177:0404021720}{451:0}}{1:F01VZCRVECAAXXX5410610696}{2:09501717040402VZCRVECAAXXX40812675430404021720N}{3:{108:SCONNECT}}{4:
:20:MI090121
:25:1111111111
:28C:0545/188
:60M:D090121VEF000003423130,97
:61:090121D000000002184,90NTRF000000698749//180007
PAGO
:61:090121D000000000225,00NTRF000000698748//180007
PAGO
:61:090121D000000000266,64NTRF000000698747//180007
PAGO
:61:090121D000000000464,26NTRF000000698746//180007
PAGO
:61:090121D000000000436,93NTRF000000698745//180007
PAGO
:61:090121D000000000604,09NTRF000000698744//180007
PAGO
:61:090121D000000002315,51NTRF000020010354//180007
PAGO
:61:090121D000000001584,83NTRF000020010353//180007
PAGO
:61:090121D000000001223,23NTRF000020010352//180007
PAGO
:62M:D090121VEF000003432436,36
-}{5:{CHK:1143FB20924B}}{S:{COP:S}}${1:F21VZCRVECAAXXX5410610696}{4:{177:0404021720}{451:0}}{1:F01VZCRVECAAXXX5410610696}{2:09501717040402VZCRVECAAXXX40812675430404021720N}{3:{108:SCONNECT}}{4:
:20:MI090121
:25:1111111111
:28C:0545/189
:60M:D090121VEF000003432436,36
:61:090121D000000003874,46NTRF000020010351//180007
PAGO
:61:090121D000000001648,14NTRF000020010350//180007
PAGO
:61:090121D000000000999,50NTRF000020010349//180007
PAGO
:61:090121D000000004399,50NTRF000020010348//180007
PAGO
:61:090121D000000001999,50NTRF000020010347//180007
PAGO
:61:090121D000000034999,50NTRF000020010346//180007
PAGO
:61:090121D000000004377,03NTRF000000026072//180007
PAGO
:61:090121D000000032766,00NTRF000000026071//180007
PAGO
:61:090121D000000000282,17NTRF000000026070//180007
PAGO
:62M:D090121VEF000003517782,16
-}{5:{CHK:1143FB20924B}}{S:{COP:S}}${1:F21VZCRVECAAXXX5410610696}{4:{177:0404021720}{451:0}}{1:F01VZCRVECAAXXX5410610696}{2:09501717040402VZCRVECAAXXX40812675430404021720N}{3:{108:SCONNECT}}{4:
:20:MI090121
:25:1111111111
:28C:0545/190
:60M:D090121VEF000003517782,16
:61:090121D000000001253,73NTRF000000026069//180007
PAGO
:61:090121D000000000244,15NTRF000000026067//180007
PAGO
:61:090121D000000001279,12NTRF000000026066//180007
PAGO
:61:090121D000000000656,46NTRF000000026064//180007
PAGO
:61:090121D000000002432,53NTRF000000026063//180007
PAGO
:61:090121D000000000368,10NTRF000000026062//180007
PAGO
:61:090121D000000000101,60NTRF000093989353//180007
PAGO
:61:090121D000000001274,98NTRF000093912327//180007
PAGO
:61:090121D000000001336,50NTRF000093792659//180007
PAGO
:62M:D090121VEF000003526729,33
-}{5:{CHK:1143FB20924B}}{S:{COP:S}}${1:F21VZCRVECAAXXX5410610696}{4:{177:0404021720}{451:0}}{1:F01VZCRVECAAXXX5410610696}{2:09501717040402VZCRVECAAXXX40812675430404021720N}{3:{108:SCONNECT}}{4:
:20:MI090121
:25:1111111111
:28C:0545/191
:60M:D090121VEF000003526729,33
:61:090121D000000020000,00NTRF000093646607//180007
PAGO
:61:090121D000000000540,00NTRF000093609055//180007
PAGO
:61:090121D000000000600,00NTRF000093573264//180007
PAGO
:61:090121D000000007000,00NTRF000093461067//180007
PAGO
:61:090121D000000001065,00NTRF000093401644//180007
PAGO
:61:090121D000000001738,60NTRF000093334976//180007
PAGO
:61:090121D000000000410,00NTRF000083383790//180007
PAGO
:61:090121D000000000124,00NTRF000083265218//180007
PAGO
:61:090121D000000000160,00NTRF000083176850//180007
PAGO
:62M:D090121VEF000003558366,93
-}{5:{CHK:1143FB20924B}}{S:{COP:S}}${1:F21VZCRVECAAXXX5410610696}{4:{177:0404021720}{451:0}}{1:F01VZCRVECAAXXX5410610696}{2:09501717040402VZCRVECAAXXX40812675430404021720N}{3:{108:SCONNECT}}{4:
:20:MI090121
:25:1111111111
:28C:0545/192
:60M:D090121VEF000003558366,93
:61:090121D000000002935,00NTRF000083034858//180007
PAGO
:61:090121D000000000500,00NTRF000082995403//180007
PAGO
:61:090121D000000001500,00NTRF000082942436//180007
PAGO
:61:090121D000000000501,10NTRF000082938421//180007
PAGO
:61:090121D000000003000,00NTRF000082827194//180007
PAGO
:61:090121D000000000460,00NTRF000082784487//180007
PAGO
:61:090121D000000000200,00NTRF000066662654//180007
PAGO
:61:090121D000000000400,00NTRF000066584201//180007
PAGO
:61:090121D000000000410,00NTRF000066548373//180007
PAGO
:62M:D090121VEF000003568273,03
-}{5:{CHK:1143FB20924B}}{S:{COP:S}}${1:F21VZCRVECAAXXX5410610696}{4:{177:0404021720}{451:0}}{1:F01VZCRVECAAXXX5410610696}{2:09501717040402VZCRVECAAXXX40812675430404021720N}{3:{108:SCONNECT}}{4:
:20:MI090121
:25:1111111111
:28C:0545/193
:60M:D090121VEF000003568273,03
:61:090121D000000010000,00NTRF000066434762//180007
PAGO
:61:090121D000000000850,00NTRF000066419751//180007
PAGO
:61:090121D000000001000,00NTRF000066281714//180007
PAGO
:61:090121D000000000490,00NTRF000066123144//180007
PAGO
:61:090121D000000000229,19NTRF000065914622//180007
PAGO
:61:090121D000000000200,00NTRF000065881189//180007
PAGO
:61:090121D000000001512,50NTRF000053078016//180007
PAGO
:61:090121D000000000380,00NTRF000053074663//180007
PAGO
:61:090121D000000010000,00NTRF000052788714//180007
PAGO
:62M:D090121VEF000003592934,72
-}{5:{CHK:1143FB20924B}}{S:{COP:S}}${1:F21VZCRVECAAXXX5410610696}{4:{177:0404021720}{451:0}}{1:F01VZCRVECAAXXX5410610696}{2:09501717040402VZCRVECAAXXX40812675430404021720N}{3:{108:SCONNECT}}{4:
:20:MI090121
:25:1111111111
:28C:0545/194
:60M:D090121VEF000003592934,72
:61:090121D000000002500,00NTRF000052640310//180007
PAGO
:61:090121D000000001700,00NTRF000052489461//180007
PAGO
:61:090121D000000000200,00NTRF000052453306//180007
PAGO
:61:090121D000000000350,00NTRF000052430556//180007
PAGO
:61:090121D000000001300,00NTRF000052325921//180007
PAGO
:61:090121D000000000178,00NTRF000052286815//180007
PAGO
:61:090121D000000001720,00NTRF000038088790//180007
PAGO
:61:090121D000000001000,00NTRF000038007361//180007
PAGO
:61:090121D000000000150,00NTRF000037825136//180007
PAGO
:62M:D090121VEF000003602032,72
-}{5:{CHK:1143FB20924B}}{S:{COP:S}}${1:F21VZCRVECAAXXX5410610696}{4:{177:0404021720}{451:0}}{1:F01VZCRVECAAXXX5410610696}{2:09501717040402VZCRVECAAXXX40812675430404021720N}{3:{108:SCONNECT}}{4:
:20:MI090121
:25:1111111111
:28C:0545/195
:60M:D090121VEF000003602032,72
:61:090121D000000000350,00NTRF000037759752//180007
PAGO
:61:090121D000000000200,00NTRF000037673931//180007
PAGO
:61:090121D000000000560,00NTRF000037628939//180007
PAGO
:61:090121D000000000500,00NTRF000037307897//180007
PAGO
:61:090121D000000000140,00NTRF000037289242//180007
PAGO
:61:090121D000000000500,00NTRF000037253916//180007
PAGO
:61:090121D000000000290,00NTRF000024615209//180007
PAGO
:61:090121D000000003000,00NTRF000024567162//180007
PAGO
:61:090121D000000000890,00NTRF000024534903//180007
PAGO
:62M:D090121VEF000003608462,72
-}{5:{CHK:1143FB20924B}}{S:{COP:S}}${1:F21VZCRVECAAXXX5410610696}{4:{177:0404021720}{451:0}}{1:F01VZCRVECAAXXX5410610696}{2:09501717040402VZCRVECAAXXX40812675430404021720N}{3:{108:SCONNECT}}{4:
:20:MI090121
:25:1111111111
:28C:0545/196
:60M:D090121VEF000003608462,72
:61:090121D000000000400,00NTRF000024531776//180007
PAGO
:61:090121D000000003300,00NTRF000024379697//180007
PAGO
:61:090121D000000000400,00NTRF000024325801//180007
PAGO
:61:090121D000000000400,00NTRF000024133230//180007
PAGO
:61:090121D000000002269,95NTRF000024115616//180007
PAGO
:61:090121D000000000500,00NTRF000023983553//180007
PAGO
:61:090121D000000008000,00NTRF000011510154//180007
PAGO
:61:090121D000000000366,00NTRF000011395166//180007
PAGO
:61:090121D000000000342,47NTRF000011323096//180007
PAGO
:62M:D090121VEF000003624441,14
-}{5:{CHK:1143FB20924B}}{S:{COP:S}}${1:F21VZCRVECAAXXX5410610696}{4:{177:0404021720}{451:0}}{1:F01VZCRVECAAXXX5410610696}{2:09501717040402VZCRVECAAXXX40812675430404021720N}{3:{108:SCONNECT}}{4:
:20:MI090121
:25:1111111111
:28C:0545/197
:60M:D090121VEF000003624441,14
:61:090121D000000000899,62NTRF000011012576//180007
PAGO
:61:090121D000000000210,00NTRF000011007526//180007
PAGO
:61:090121D000000002000,00NTRF000010930051//180007
PAGO
:61:090121D000000000155,94NTRF000010848307//180007
PAGO
:61:090121D000000001132,00NTRF000010711617//180007
PAGO
:61:090121D000000000487,00NTRF000010278276//180007
PAGO
:61:090121D000000000250,00NTRF000096335737//180007
PAGO
:61:090121D000000000500,00NTRF000096308584//180007
PAGO
:61:090121D000000000300,00NTRF000096119670//180007
PAGO
:62M:D090121VEF000003630375,70
-}{5:{CHK:1143FB20924B}}{S:{COP:S}}${1:F21VZCRVECAAXXX5410610696}{4:{177:0404021720}{451:0}}{1:F01VZCRVECAAXXX5410610696}{2:09501717040402VZCRVECAAXXX40812675430404021720N}{3:{108:SCONNECT}}{4:
:20:MI090121
:25:1111111111
:28C:0545/198
:60M:D090121VEF000003630375,70
:61:090121D000000000300,00NTRF000096067670//180007
PAGO
:61:090121D000000000323,00NTRF000095596538//180007
PAGO
:61:090121D000000001500,00NTRF000095477748//180007
PAGO
:61:090121D000000000220,00NTRF000095292502//180007
PAGO
:61:090121D000000000067,00NTRF000095253492//180007
PAGO
:61:090121D000000000688,40NTRF000095043104//180007
PAGO
:61:090121D000000001000,00NTRF000076073670//180007
PAGO
:61:090121D000000000500,00NTRF000075978368//180007
PAGO
:61:090121D000000000450,00NTRF000075962239//180007
PAGO
:62M:D090121VEF000003635424,10
-}{5:{CHK:1143FB20924B}}{S:{COP:S}}${1:F21VZCRVECAAXXX5410610696}{4:{177:0404021720}{451:0}}{1:F01VZCRVECAAXXX5410610696}{2:09501717040402VZCRVECAAXXX40812675430404021720N}{3:{108:SCONNECT}}{4:
:20:MI090121
:25:1111111111
:28C:0545/199
:60M:D090121VEF000003635424,10
:61:090121D000000000050,00NTRF000075951553//180007
PAGO
:61:090121D000000000600,00NTRF000075484614//180007
PAGO
:61:090121D000000000360,00NTRF000075328598//180007
PAGO
:61:090121D000000002000,00NTRF000075267201//180007
PAGO
:61:090121D000000000200,00NTRF000075080856//180007
PAGO
:61:090121D000000000122,00NTRF000075032054//180007
PAGO
:61:090121D000000000150,00NTRF000059561099//180007
PAGO
:61:090121D000000000050,00NTRF000059539882//180007
PAGO
:61:090121D000000000050,00NTRF000059537882//180007
PAGO
:62M:D090121VEF000003639006,10
-}{5:{CHK:1143FB20924B}}{S:{COP:S}}${1:F21VZCRVECAAXXX5410610696}{4:{177:0404021720}{451:0}}{1:F01VZCRVECAAXXX5410610696}{2:09501717040402VZCRVECAAXXX40812675430404021720N}{3:{108:SCONNECT}}{4:
:20:MI090121
:25:1111111111
:28C:0545/200
:60M:D090121VEF000003639006,10
:61:090121D000000000050,00NTRF000059528882//180007
PAGO
:61:090121D000000001019,31NTRF000059508082//180007
PAGO
:61:090121D000000000358,00NTRF000059258258//180007
PAGO
:61:090121D000000001000,00NTRF000059072526//180007
PAGO
:61:090121D000000000400,00NTRF000058324202//180007
PAGO
:61:090121D000000000029,00NTRF000058186702//180007
PAGO
:61:090121D000000000200,00NTRF000040576974//180007
PAGO
:61:090121D000000000600,00NTRF000040471400//180007
PAGO
:61:090121D000000000500,00NTRF000040253512//180007
PAGO
:62M:D090121VEF000003643162,41
-}{5:{CHK:1143FB20924B}}{S:{COP:S}}${1:F21VZCRVECAAXXX5410610696}{4:{177:0404021720}{451:0}}{1:F01VZCRVECAAXXX5410610696}{2:09501717040402VZCRVECAAXXX40812675430404021720N}{3:{108:SCONNECT}}{4:
:20:MI090121
:25:1111111111
:28C:0545/201
:60M:D090121VEF000003643162,41
:61:090121D000000000350,00NTRF000040230894//180007
PAGO
:61:090121D000000000300,00NTRF000040067090//180007
PAGO
:61:090121D000000000170,00NTRF000040051171//180007
PAGO
:61:090121D000000000500,00NTRF000039959345//180007
PAGO
:61:090121D000000000400,00NTRF000039860425//180007
PAGO
:61:090121D000000000244,10NTRF000039847447//180007
PAGO
:61:090121D000000000254,93NTRF000023275183//180007
PAGO
:61:090121D000000000600,00NTRF000022972301//180007
PAGO
:61:090121D000000000100,00NTRF000022891481//180007
PAGO
:62M:D090121VEF000003646081,44
-}{5:{CHK:1143FB20924B}}{S:{COP:S}}${1:F21VZCRVECAAXXX5410610696}{4:{177:0404021720}{451:0}}{1:F01VZCRVECAAXXX5410610696}{2:09501717040402VZCRVECAAXXX40812675430404021720N}{3:{108:SCONNECT}}{4:
:20:MI090121
:25:1111111111
:28C:0545/202
:60M:D090121VEF000003646081,44
:61:090121D000000000100,00NTRF000022839481//180007
PAGO
:61:090121D000000000300,00NTRF000022642932//180007
PAGO
:61:090121D000000000300,00NTRF000022633925//180007
PAGO
:61:090121D000000001000,00NTRF000022519840//180007
PAGO
:61:090121D000000000652,05NTRF000022476055//180007
PAGO
:61:090121D000000000500,00NTRF000022371809//180007
PAGO
:61:090121D000000001939,00NTRF000006825146//180007
PAGO
:61:090121D000000000600,00NTRF000006650751//180007
PAGO
:61:090121D000000000147,00NTRF000006491685//180007
PAGO
:62M:D090121VEF000003651619,49
-}{5:{CHK:1143FB20924B}}{S:{COP:S}}${1:F21VZCRVECAAXXX5410610696}{4:{177:0404021720}{451:0}}{1:F01VZCRVECAAXXX5410610696}{2:09501717040402VZCRVECAAXXX40812675430404021720N}{3:{108:SCONNECT}}{4:
:20:MI090121
:25:1111111111
:28C:0545/203
:60M:D090121VEF000003651619,49
:61:090121D000000000350,00NTRF000006486960//180007
PAGO
:61:090121D000000000200,00NTRF000006300925//180007
PAGO
:61:090121D000000000147,00NTRF000006284685//180007
PAGO
:61:090121D000000000200,00NTRF000006002395//180007
PAGO
:61:090121D000000000100,00NTRF000005801340//180007
PAGO
:61:090121D000000000200,00NTRF000005798340//180007
PAGO
:61:090121D000000000194,50NTRF000000698743//180007
PAGO
:61:090121D000000000156,70NTRF000000698741//180007
PAGO
:61:090121D000000001336,44NTRF000000698740//180007
PAGO
:62M:D090121VEF000003654504,13
-}{5:{CHK:1143FB20924B}}{S:{COP:S}}${1:F21VZCRVECAAXXX5410610696}{4:{177:0404021720}{451:0}}{1:F01VZCRVECAAXXX5410610696}{2:09501717040402VZCRVECAAXXX40812675430404021720N}{3:{108:SCONNECT}}{4:
:20:MI090121
:25:1111111111
:28C:0545/204
:60M:D090121VEF000003654504,13
:61:090121D000000000733,40NTRF000000698738//180007
PAGO
:61:090121D000000000738,90NTRF000000698737//180007
PAGO
:61:090121D000000000721,98NTRF000000698736//180007
PAGO
:61:090121D000000000060,00NTRF000000698735//180007
PAGO
:61:090121D000000000417,22NTRF000000698734//180007
PAGO
:61:090121D000000004283,04NTRF000000698732//180007
PAGO
:61:090121D000000002299,50NTRF000020010345//180007
PAGO
:61:090121D000000000999,50NTRF000020010344//180007
PAGO
:61:090121D000000002599,50NTRF000020010343//180007
PAGO
:62M:D090121VEF000003667357,17
-}{5:{CHK:1143FB20924B}}{S:{COP:S}}${1:F21VZCRVECAAXXX5410610696}{4:{177:0404021720}{451:0}}{1:F01VZCRVECAAXXX5410610696}{2:09501717040402VZCRVECAAXXX40812675430404021720N}{3:{108:SCONNECT}}{4:
:20:MI090121
:25:1111111111
:28C:0545/205
:60M:D090121VEF000003667357,17
:61:090121D000000001699,50NTRF000020010342//180007
PAGO
:61:090121D000000001999,50NTRF000020010341//180007
PAGO
:61:090121D000000000669,59NTRF000020010340//180007
PAGO
:61:090121D000000004439,76NTRF000020010339//180007
PAGO
:61:090121D000000003553,58NTRF000020010338//180007
PAGO
:61:090121D000000003227,66NTRF000020010337//180007
PAGO
:61:090121D000000001619,28NTRF000000026061//180007
PAGO
:61:090121D000000001799,60NTRF000000026060//180007
PAGO
:61:090121D000000001261,76NTRF000000026059//180007
PAGO
:62M:D090121VEF000003687627,40
-}{5:{CHK:1143FB20924B}}{S:{COP:S}}${1:F21VZCRVECAAXXX5410610696}{4:{177:0404021720}{451:0}}{1:F01VZCRVECAAXXX5410610696}{2:09501717040402VZCRVECAAXXX40812675430404021720N}{3:{108:SCONNECT}}{4:
:20:MI090121
:25:1111111111
:28C:0545/206
:60M:D090121VEF000003687627,40
:61:090121D000000003602,72NTRF000000026058//180007
PAGO
:61:090121D000000001950,00NTRF000000026057//180007
PAGO
:61:090121D000000000410,00NTRF000000026056//180007
PAGO
:61:090121D000000000662,57NTRF000000026055//180007
PAGO
:61:090121D000000000771,92NTRF000000026054//180007
PAGO
:61:090121D000000012022,35NTRF000000026053//180007
PAGO
:61:090121D000000000150,00NTRF000093310511//180007
PAGO
:61:090121D000000000230,00NTRF000093234157//180007
PAGO
:61:090121D000000000612,50NTRF000093152529//180007
PAGO
:62M:D090121VEF000003708039,46
-}{5:{CHK:1143FB20924B}}{S:{COP:S}}${1:F21VZCRVECAAXXX5410610696}{4:{177:0404021720}{451:0}}{1:F01VZCRVECAAXXX5410610696}{2:09501717040402VZCRVECAAXXX40812675430404021720N}{3:{108:SCONNECT}}{4:
:20:MI090121
:25:1111111111
:28C:0545/207
:60M:D090121VEF000003708039,46
:61:090121D000000000320,81NTRF000092913239//180007
PAGO
:61:090121D000000000500,00NTRF000092805219//180007
PAGO
:61:090121D000000000195,58NTRF000092755782//180007
PAGO
:61:090121D000000001738,60NTRF000092641146//180007
PAGO
:61:090121D000000003250,00NTRF000092618652//180007
PAGO
:61:090121D000000003000,00NTRF000082644908//180007
PAGO
:61:090121D000000000066,00NTRF000082546460//180007
PAGO
:61:090121D000000000800,00NTRF000082545809//180007
PAGO
:61:090121D000000000200,00NTRF000082450650//180007
PAGO
:62M:D090121VEF000003718110,45
-}{5:{CHK:1143FB20924B}}{S:{COP:S}}${1:F21VZCRVECAAXXX5410610696}{4:{177:0404021720}{451:0}}{1:F01VZCRVECAAXXX5410610696}{2:09501717040402VZCRVECAAXXX40812675430404021720N}{3:{108:SCONNECT}}{4:
:20:MI090121
:25:1111111111
:28C:0545/208
:60M:D090121VEF000003718110,45
:61:090121D000000004000,00NTRF000082329498//180007
PAGO
:61:090121D000000004000,00NTRF000082219632//180007
PAGO
:61:090121D000000000550,00NTRF000082122927//180007
PAGO
:61:090121D000000000762,00NTRF000081885531//180007
PAGO
:61:090121D000000000150,00NTRF000081870742//180007
PAGO
:61:090121D000000000400,00NTRF000065784667//180007
PAGO
:61:090121D000000000700,00NTRF000065775442//180007
PAGO
:61:090121D000000000928,65NTRF000065540052//180007
PAGO
:61:090121D000000000300,53NTRF000065275501//180007
PAGO
:62M:D090121VEF000003729901,63
-}{5:{CHK:1143FB20924B}}{S:{COP:S}}${1:F21VZCRVECAAXXX5410610696}{4:{177:0404021720}{451:0}}{1:F01VZCRVECAAXXX5410610696}{2:09501717040402VZCRVECAAXXX40812675430404021720N}{3:{108:SCONNECT}}{4:
:20:MI090121
:25:1111111111
:28C:0545/209
:60M:D090121VEF000003729901,63
:61:090121D000000000450,00NTRF000065239541//180007
PAGO
:61:090121D000000000600,00NTRF000065183236//180007
PAGO
:61:090121D000000000793,64NTRF000064887319//180007
PAGO
:61:090121D000000002000,00NTRF000064732174//180007
PAGO
:61:090121D000000000100,00NTRF000064705716//180007
PAGO
:61:090121D000000000500,00NTRF000052196991//180007
PAGO
:61:090121D000000004000,00NTRF000052140423//180007
PAGO
:61:090121D000000000580,00NTRF000052027086//180007
PAGO
:61:090121D000000003500,00NTRF000051912554//180007
PAGO
:62M:D090121VEF000003742425,27
-}{5:{CHK:1143FB20924B}}{S:{COP:S}}${1:F21VZCRVECAAXXX5410610696}{4:{177:0404021720}{451:0}}{1:F01VZCRVECAAXXX5410610696}{2:09501717040402VZCRVECAAXXX40812675430404021720N}{3:{108:SCONNECT}}{4:
:20:MI090121
:25:1111111111
:28C:0545/210
:60M:D090121VEF000003742425,27
:61:090121D000000004440,00NTRF000051839995//180007
PAGO
:61:090121D000000001500,00NTRF000051790755//180007
PAGO
:61:090121D000000001190,00NTRF000051591176//180007
PAGO
:61:090121D000000000120,00NTRF000051547648//180007
PAGO
:61:090121D000000000068,00NTRF000051502705//180007
PAGO
:61:090121D000000001000,00NTRF000037072871//180007
PAGO
:61:090121D000000000560,00NTRF000036997046//180007
PAGO
:61:090121D000000000070,00NTRF000036953238//180007
PAGO
:61:090121D000000001000,00NTRF000036938232//180007
PAGO
:62M:D090121VEF000003752373,27
-}{5:{CHK:1143FB20924B}}{S:{COP:S}}${1:F21VZCRVECAAXXX5410610696}{4:{177:0404021720}{451:0}}{1:F01VZCRVECAAXXX5410610696}{2:09501717040402VZCRVECAAXXX40812675430404021720N}{3:{108:SCONNECT}}{4:
:20:MI090121
:25:1111111111
:28C:0545/211
:60M:D090121VEF000003752373,27
:61:090121D000000000200,00NTRF000036858723//180007
PAGO
:61:090121D000000000390,00NTRF000036773154//180007
PAGO
:61:090121D000000000003,53NTRF000036684710//180007
PAGO
:61:090121D000000000250,00NTRF000036652148//180007
PAGO
:61:090121D000000000350,00NTRF000036632531//180007
PAGO
:61:090121D000000000800,00NTRF000023787492//180007
PAGO
:61:090121D000000004000,00NTRF000023461732//180007
PAGO
:61:090121D000000000100,00NTRF000023408791//180007
PAGO
:61:090121D000000000600,00NTRF000023398126//180007
PAGO
:62M:D090121VEF000003759066,80
-}{5:{CHK:1143FB20924B}}{S:{COP:S}}${1:F21VZCRVECAAXXX5410610696}{4:{177:0404021720}{451:0}}{1:F01VZCRVECAAXXX5410610696}{2:09501717040402VZCRVECAAXXX40812675430404021720N}{3:{108:SCONNECT}}{4:
:20:MI090121
:25:1111111111
:28C:0545/212
:60M:D090121VEF000003759066,80
:61:090121D000000034814,16NTRF000023253461//180007
PAGO
:61:090121D000000000296,00NTRF000023219571//180007
PAGO
:61:090121D000000000820,00NTRF000023003344//180007
PAGO
:61:090121D000000000500,00NTRF000022985492//180007
PAGO
:61:090121D000000000065,00NTRF000022798823//180007
PAGO
:61:090121D000000045000,00NTRF000010081935//180007
PAGO
:61:090121D000000000494,00NTRF000009984872//180007
PAGO
:61:090121D000000016570,46NTRF000009717323//180007
PAGO
:61:090121D000000000188,57NTRF000009674981//180007
PAGO
:62M:D090121VEF000003857814,99
-}{5:{CHK:1143FB20924B}}{S:{COP:S}}${1:F21VZCRVECAAXXX5410610696}{4:{177:0404021720}{451:0}}{1:F01VZCRVECAAXXX5410610696}{2:09501717040402VZCRVECAAXXX40812675430404021720N}{3:{108:SCONNECT}}{4:
:20:MI090121
:25:1111111111
:28C:0545/213
:60M:D090121VEF000003857814,99
:61:090121D000000040000,00NTRF000009543440//180007
PAGO
:61:090121D000000000300,00NTRF000009486551//180007
PAGO
:61:090121D000000001220,00NTRF000009247016//180007
PAGO
:61:090121D000000000500,00NTRF000009103182//180007
PAGO
:61:090121D000000005300,00NTRF000009093054//180007
PAGO
:61:090121D000000000074,00NTRF000094892965//180007
PAGO
:61:090121D000000000200,00NTRF000094732301//180007
PAGO
:61:090121D000000000300,00NTRF000094347616//180007
PAGO
:61:090121D000000011200,00NTRF000094207771//180007
PAGO
:62M:D090121VEF000003916908,99
-}{5:{CHK:1143FB20924B}}{S:{COP:S}}${1:F21VZCRVECAAXXX5410610696}{4:{177:0404021720}{451:0}}{1:F01VZCRVECAAXXX5410610696}{2:09501717040402VZCRVECAAXXX40812675430404021720N}{3:{108:SCONNECT}}{4:
:20:MI090121
:25:1111111111
:28C:0545/214
:60M:D090121VEF000003916908,99
:61:090121D000000000166,98NTRF000094102708//180007
PAGO
:61:090121D000000002300,00NTRF000093987139//180007
PAGO
:61:090121D000000000350,20NTRF000093871134//180007
PAGO
:61:090121D000000001832,43NTRF000093853923//180007
PAGO
:61:090121D000000000600,00NTRF000093754570//180007
PAGO
:61:090121D000000000215,00NTRF000074915762//180007
PAGO
:61:090121D000000002350,00NTRF000074827458//180007
PAGO
:61:090121D000000001300,00NTRF000074729559//180007
PAGO
:61:090121D000000000176,50NTRF000074551302//180007
PAGO
:62M:D090121VEF000003926200,10
-}{5:{CHK:1143FB20924B}}{S:{COP:S}}${1:F21VZCRVECAAXXX5410610696}{4:{177:0404021720}{451:0}}{1:F01VZCRVECAAXXX5410610696}{2:09501717040402VZCRVECAAXXX40812675430404021720N}{3:{108:SCONNECT}}{4:
:20:MI090121
:25:1111111111
:28C:0545/215
:60M:D090121VEF000003926200,10
:61:090121D000000000120,00NTRF000074545167//180007
PAGO
:61:090121D000000000350,00NTRF000074205185//180007
PAGO
:61:090121D000000000300,00NTRF000073612178//180007
PAGO
:61:090121D000000000190,00NTRF000073459195//180007
PAGO
:61:090121D000000000129,21NTRF000073253292//180007
PAGO
:61:090121D000000000150,00NTRF000058162043//180007
PAGO
:61:090121D000000000021,50NTRF000057648985//180007
PAGO
:61:090121D000000001021,07NTRF000057603644//180007
PAGO
:61:090121D000000000650,00NTRF000057496052//180007
PAGO
:62M:D090121VEF000003929131,88
-}{5:{CHK:1143FB20924B}}{S:{COP:S}}${1:F21VZCRVECAAXXX5410610696}{4:{177:0404021720}{451:0}}{1:F01VZCRVECAAXXX5410610696}{2:09501717040402VZCRVECAAXXX40812675430404021720N}{3:{108:SCONNECT}}{4:
:20:MI090121
:25:1111111111
:28C:0545/216
:60M:D090121VEF000003929131,88
:61:090121D000000000434,85NTRF000057207330//180007
PAGO
:61:090121D000000007600,00NTRF000056928930//180007
PAGO
:61:090121D000000000087,00NTRF000056707991//180007
PAGO
:61:090121D000000001077,15NTRF000056465317//180007
PAGO
:61:090121D000000000500,00NTRF000056163419//180007
PAGO
:61:090121D000000000100,00NTRF000039822939//180007
PAGO
:61:090121D000000002500,00NTRF000039699109//180007
PAGO
:61:090121D000000000100,00NTRF000039294553//180007
PAGO
:61:090121D000000000102,35NTRF000038988941//180007
PAGO
:62M:D090121VEF000003941633,23
-}{5:{CHK:1143FB20924B}}{S:{COP:S}}${1:F21VZCRVECAAXXX5410610696}{4:{177:0404021720}{451:0}}{1:F01VZCRVECAAXXX5410610696}{2:09501717040402VZCRVECAAXXX40812675430404021720N}{3:{108:SCONNECT}}{4:
:20:MI090121
:25:1111111111
:28C:0545/217
:60M:D090121VEF000003941633,23
:61:090121D000000000100,00NTRF000038970951//180007
PAGO
:61:090121D000000000100,00NTRF000038902951//180007
PAGO
:61:090121D000000000120,00NTRF000038876978//180007
PAGO
:61:090121D000000000200,00NTRF000038710514//180007
PAGO
:61:090121D000000000200,00NTRF000038583514//180007
PAGO
:61:090121D000000000500,00NTRF000022361194//180007
PAGO
:61:090121D000000000100,00NTRF000022333746//180007
PAGO
:61:090121D000000000250,00NTRF000022301866//180007
PAGO
:61:090121D000000000550,00NTRF000022075276//180007
PAGO
:62M:D090121VEF000003943753,23
-}{5:{CHK:1143FB20924B}}{S:{COP:S}}${1:F21VZCRVECAAXXX5410610696}{4:{177:0404021720}{451:0}}{1:F01VZCRVECAAXXX5410610696}{2:09501717040402VZCRVECAAXXX40812675430404021720N}{3:{108:SCONNECT}}{4:
:20:MI090121
:25:1111111111
:28C:0545/218
:60M:D090121VEF000003943753,23
:61:090121D000000000500,00NTRF000021696779//180007
PAGO
:61:090121D000000000500,00NTRF000021653779//180007
PAGO
:61:090121D000000000600,00NTRF000021364968//180007
PAGO
:61:090121D000000001650,00NTRF000021008490//180007
PAGO
:61:090121D000000000300,00NTRF000020906062//180007
PAGO
:61:090121D000000000100,00NTRF000005745134//180007
PAGO
:61:090121D000000003390,00NTRF000005561372//180007
PAGO
:61:090121D000000000300,00NTRF000005556547//180007
PAGO
:61:090121D000000000300,00NTRF000005547430//180007
PAGO
:62M:D090121VEF000003951393,23
-}{5:{CHK:1143FB20924B}}{S:{COP:S}}${1:F21VZCRVECAAXXX5410610696}{4:{177:0404021720}{451:0}}{1:F01VZCRVECAAXXX5410610696}{2:09501717040402VZCRVECAAXXX40812675430404021720N}{3:{108:SCONNECT}}{4:
:20:MI090121
:25:1111111111
:28C:0545/219
:60M:D090121VEF000003951393,23
:61:090121D000000000250,00NTRF000005545711//180007
PAGO
:61:090121D000000000300,00NTRF000005456547//180007
PAGO
:61:090121D000000000015,00NTRF000005327942//180007
PAGO
:61:090121D000000000048,00NTRF000005215719//180007
PAGO
:61:090121D000000001000,00NTRF000005065358//180007
PAGO
:61:090121D000000000150,00NTRF000000698731//180007
PAGO
:61:090121D000000000098,70NTRF000000698730//180007
PAGO
:61:090121D000000000439,13NTRF000000698729//180007
PAGO
:61:090121D000000000372,50NTRF000000698726//180007
PAGO
:62M:D090121VEF000003954066,56
-}{5:{CHK:1143FB20924B}}{S:{COP:S}}${1:F21VZCRVECAAXXX5410610696}{4:{177:0404021720}{451:0}}{1:F01VZCRVECAAXXX5410610696}{2:09501717040402VZCRVECAAXXX40812675430404021720N}{3:{108:SCONNECT}}{4:
:20:MI090121
:25:1111111111
:28C:0545/220
:60M:D090121VEF000003954066,56
:61:090121D000000000108,00NTRF000000698724//180007
PAGO
:61:090121D000000000230,00NTRF000000698723//180007
PAGO
:61:090121D000000000070,70NTRF000000698722//180007
PAGO
:61:090121D000000000042,20NTRF000000698721//180007
PAGO
:61:090121D000000002871,36NTRF000000698720//180007
PAGO
:61:090121D000000001141,44NTRF000020010336//180007
PAGO
:61:090121D000000002582,21NTRF000020010335//180007
PAGO
:61:090121D000000001223,82NTRF000020010334//180007
PAGO
:61:090121D000000003333,47NTRF000020010333//180007
PAGO
:62M:D090121VEF000003965669,76
-}{5:{CHK:1143FB20924B}}{S:{COP:S}}${1:F21VZCRVECAAXXX5410610696}{4:{177:0404021720}{451:0}}{1:F01VZCRVECAAXXX5410610696}{2:09501717040402VZCRVECAAXXX40812675430404021720N}{3:{108:SCONNECT}}{4:
:20:MI090121
:25:1111111111
:28C:0545/221
:60M:D090121VEF000003965669,76
:61:090121D000000003130,72NTRF000020010332//180007
PAGO
:61:090121D000000001999,50NTRF000020010331//180007
PAGO
:61:090121D000000008554,50NTRF000020010330//180007
PAGO
:61:090121D000000000649,50NTRF000020010329//180007
PAGO
:61:090121D000000011999,50NTRF000020010328//180007
PAGO
:61:090121D000000002594,08NTRF000000026052//180007
PAGO
:61:090121D000000005833,49NTRF000000026051//180007
PAGO
:61:090121D000000011730,17NTRF000000026048//180007
PAGO
:61:090121D000000031967,14NTRF000000026047//180007
PAGO
:62M:D090121VEF000004044128,36
-}{5:{CHK:1143FB20924B}}{S:{COP:S}}${1:F21VZCRVECAAXXX5410610696}{4:{177:0404021720}{451:0}}{1:F01VZCRVECAAXXX5410610696}{2:09501717040402VZCRVECAAXXX40812675430404021720N}{3:{108:SCONNECT}}{4:
:20:MI090121
:25:1111111111
:28C:0545/222
:60M:D090121VEF000004044128,36
:61:090121D000000047546,25NTRF000000026045//180007
PAGO
:61:090121D000000054417,45NTRF000000026044//180007
PAGO
:61:090121D000000077688,73NTRF000000026043//180007
PAGO
:61:090121D000000039931,49NTRF000000026042//180007
PAGO
:61:090121D000000018881,74NTRF000000026041//180007
PAGO
:61:090121D000000000675,00NTRF000092514425//180007
PAGO
:61:090121D000000001000,00NTRF000092477136//180007
PAGO
:61:090121D000000000600,00NTRF000092309188//180007
PAGO
:61:090121D000000000400,00NTRF000092302975//180007
PAGO
:62M:D090121VEF000004285269,02
-}{5:{CHK:1143FB20924B}}{S:{COP:S}}${1:F21VZCRVECAAXXX5410610696}{4:{177:0404021720}{451:0}}{1:F01VZCRVECAAXXX5410610696}{2:09501717040402VZCRVECAAXXX40812675430404021720N}{3:{108:SCONNECT}}{4:
:20:MI090121
:25:1111111111
:28C:0545/223
:60M:D090121VEF000004285269,02
:61:090121D000000002000,00NTRF000092294378//180007
PAGO
:61:090121D000000002215,13NTRF000092081606//180007
PAGO
:61:090121D000000000350,00NTRF000091954830//180007
PAGO
:61:090121D000000000200,00NTRF000091873140//180007
PAGO
:61:090121D000000002000,00NTRF000091790202//180007
PAGO
:61:090121D000000000300,00NTRF000081503007//180007
PAGO
:61:090121D000000001000,00NTRF000081493841//180007
PAGO
:61:090121D000000003800,00NTRF000081308204//180007
PAGO
:61:090121D000000000200,00NTRF000081030278//180007
PAGO
:62M:D090121VEF000004297334,15
-}{5:{CHK:1143FB20924B}}{S:{COP:S}}${1:F21VZCRVECAAXXX5410610696}{4:{177:0404021720}{451:0}}{1:F01VZCRVECAAXXX5410610696}{2:09501717040402VZCRVECAAXXX40812675430404021720N}{3:{108:SCONNECT}}{4:
:20:MI090121
:25:1111111111
:28C:0545/224
:60M:D090121VEF000004297334,15
:61:090121D000000001000,00NTRF000080883879//180007
PAGO
:61:090121D000000000900,00NTRF000080770249//180007
PAGO
:61:090121D000000050000,00NTRF000080709632//180007
PAGO
:61:090121D000000000200,00NTRF000080683836//180007
PAGO
:61:090121D000000000500,00NTRF000080625732//180007
PAGO
:61:090121D000000000675,00NTRF000064666986//180007
PAGO
:61:090121D000000000106,00NTRF000064561750//180007
PAGO
:61:090121D000000006000,00NTRF000064548563//180007
PAGO
:61:090121D000000000640,00NTRF000064348349//180007
PAGO
:62M:D090121VEF000004357355,15
-}{5:{CHK:1143FB20924B}}{S:{COP:S}}${1:F21VZCRVECAAXXX5410610696}{4:{177:0404021720}{451:0}}{1:F01VZCRVECAAXXX5410610696}{2:09501717040402VZCRVECAAXXX40812675430404021720N}{3:{108:SCONNECT}}{4:
:20:MI090121
:25:1111111111
:28C:0545/225
:60M:D090121VEF000004357355,15
:61:090121D000000097000,00NTRF000064193005//180007
PAGO
:61:090121D000000000107,00NTRF000064130095//180007
PAGO
:61:090121D000000001900,00NTRF000064033002//180007
PAGO
:61:090121D000000001000,00NTRF000063976543//180007
PAGO
:61:090121D000000000250,00NTRF000063975915//180007
PAGO
:61:090121D000000000500,00NTRF000051201241//180007
PAGO
:61:090121D000000005201,75NTRF000051098093//180007
PAGO
:61:090121D000000000564,98NTRF000051074616//180007
PAGO
:61:090121D000000000300,00NTRF000051071485//180007
PAGO
:62M:D090121VEF000004464178,88
-}{5:{CHK:1143FB20924B}}{S:{COP:S}}${1:F21VZCRVECAAXXX5410610696}{4:{177:0404021720}{451:0}}{1:F01VZCRVECAAXXX5410610696}{2:09501717040402VZCRVECAAXXX40812675430404021720N}{3:{108:SCONNECT}}{4:
:20:MI090121
:25:1111111111
:28C:0545/226
:60M:D090121VEF000004464178,88
:61:090121D000000000030,00NTRF000050885220//180007
PAGO
:61:090121D000000001000,00NTRF000050779521//180007
PAGO
:61:090121D000000010000,00NTRF000050744090//180007
PAGO
:61:090121D000000000600,00NTRF000050431994//180007
PAGO
:61:090121D000000003400,00NTRF000050082965//180007
PAGO
:61:090121D000000003424,00NTRF000036512522//180007
PAGO
:61:090121D000000007627,27NTRF000036413612//180007
PAGO
:61:090121D000000000150,00NTRF000036235964//180007
PAGO
:61:090121D000000002900,00NTRF000036113387//180007
PAGO
:62M:D090121VEF000004493310,15
-}{5:{CHK:1143FB20924B}}{S:{COP:S}}${1:F21VZCRVECAAXXX5410610696}{4:{177:0404021720}{451:0}}{1:F01VZCRVECAAXXX5410610696}{2:09501717040402VZCRVECAAXXX40812675430404021720N}{3:{108:SCONNECT}}{4:
:20:MI090121
:25:1111111111
:28C:0545/227
:60M:D090121VEF000004493310,15
:61:090121D000000000050,00NTRF000036077054//180007
PAGO
:61:090121D000000001500,00NTRF000036040591//180007
PAGO
:61:090121D000000000259,00NTRF000035872890//180007
PAGO
:61:090121D000000000050,00NTRF000035732333//180007
PAGO
:61:090121D000000000444,00NTRF000035700980//180007
PAGO
:61:090121D000000000910,00NTRF000022652849//180007
PAGO
:61:090121D000000003900,00NTRF000022497003//180007
PAGO
:61:090121D000000000717,60NTRF000022491210//180007
PAGO
:61:090121D000000000500,00NTRF000022388005//180007
PAGO
:62M:D090121VEF000004501640,75
-}{5:{CHK:1143FB20924B}}{S:{COP:S}}${1:F21VZCRVECAAXXX5410610696}{4:{177:0404021720}{451:0}}{1:F01VZCRVECAAXXX5410610696}{2:09501717040402VZCRVECAAXXX40812675430404021720N}{3:{108:SCONNECT}}{4:
:20:MI090121
:25:1111111111
:28C:0545/228
:60M:D090121VEF000004501640,75
:61:090121D000000001550,00NTRF000022350608//180007
PAGO
:61:090121D000000000065,00NTRF000022257998//180007
PAGO
:61:090121D000000000200,00NTRF000022184725//180007
PAGO
:61:090121D000000000455,18NTRF000022084517//180007
PAGO
:61:090121D000000000162,00NTRF000022013411//180007
PAGO
:61:090121D000000000132,50NTRF000008751925//180007
PAGO
:61:090121D000000003000,00NTRF000008719600//180007
PAGO
:61:090121D000000000060,00NTRF000008694997//180007
PAGO
:61:090121D000000000250,00NTRF000008675300//180007
PAGO
:62M:D090121VEF000004507515,43
-}{5:{CHK:1143FB20924B}}{S:{COP:S}}${1:F21VZCRVECAAXXX5410610696}{4:{177:0404021720}{451:0}}{1:F01VZCRVECAAXXX5410610696}{2:09501717040402VZCRVECAAXXX40812675430404021720N}{3:{108:SCONNECT}}{4:
:20:MI090121
:25:1111111111
:28C:0545/229
:60M:D090121VEF000004507515,43
:61:090121D000000000500,00NTRF000008617120//180007
PAGO
:61:090121D000000000877,50NTRF000008509527//180007
PAGO
:61:090121D000000000580,00NTRF000008433268//180007
PAGO
:61:090121D000000001700,00NTRF000008265879//180007
PAGO
:61:090121D000000000140,00NTRF000008177604//180007
PAGO
:61:090121D000000000051,00NTRF000093645591//180007
PAGO
:61:090121D000000000030,00NTRF000093623577//180007
PAGO
:61:090121D000000005377,38NTRF000093449456//180007
PAGO
:61:090121D000000000080,00NTRF000093261285//180007
PAGO
:62M:D090121VEF000004516851,31
-}{5:{CHK:1143FB20924B}}{S:{COP:S}}${1:F21VZCRVECAAXXX5410610696}{4:{177:0404021720}{451:0}}{1:F01VZCRVECAAXXX5410610696}{2:09501717040402VZCRVECAAXXX40812675430404021720N}{3:{108:SCONNECT}}{4:
:20:MI090121
:25:1111111111
:28C:0545/230
:60M:D090121VEF000004516851,31
:61:090121D000000000965,00NTRF000093193076//180007
PAGO
:61:090121D000000001085,00NTRF000092909823//180007
PAGO
:61:090121D000000000495,00NTRF000092897916//180007
PAGO
:61:090121D000000001000,00NTRF000092883743//180007
PAGO
:61:090121D000000000300,00NTRF000073127830//180007
PAGO
:61:090121D000000000050,00NTRF000072633616//180007
PAGO
:61:090121D000000000098,00NTRF000072578308//180007
PAGO
:61:090121D000000000765,45NTRF000072246993//180007
PAGO
:61:090121D000000000500,00NTRF000072102252//180007
PAGO
:62M:D090121VEF000004522109,76
-}{5:{CHK:1143FB20924B}}{S:{COP:S}}${1:F21VZCRVECAAXXX5410610696}{4:{177:0404021720}{451:0}}{1:F01VZCRVECAAXXX5410610696}{2:09501717040402VZCRVECAAXXX40812675430404021720N}{3:{108:SCONNECT}}{4:
:20:MI090121
:25:1111111111
:28C:0545/231
:60M:D090121VEF000004522109,76
:61:090121D000000000400,00NTRF000072063236//180007
PAGO
:61:090121D000000000100,00NTRF000071958667//180007
PAGO
:61:090121D000000000100,00NTRF000071855777//180007
PAGO
:61:090121D000000000290,00NTRF000071842878//180007
PAGO
:61:090121D000000005000,00NTRF000056020803//180007
PAGO
:61:090121D000000000220,00NTRF000055796764//180007
PAGO
:61:090121D000000000720,00NTRF000055796316//180007
PAGO
:61:090121D000000000400,00NTRF000055795381//180007
PAGO
:61:090121D000000000200,00NTRF000055790209//180007
PAGO
:62M:D090121VEF000004529539,76
-}{5:{CHK:1143FB20924B}}{S:{COP:S}}${1:F21VZCRVECAAXXX5410610696}{4:{177:0404021720}{451:0}}{1:F01VZCRVECAAXXX5410610696}{2:09501717040402VZCRVECAAXXX40812675430404021720N}{3:{108:SCONNECT}}{4:
:20:MI090121
:25:1111111111
:28C:0545/232
:60M:D090121VEF000004529539,76
:61:090121D000000003800,00NTRF000055767933//180007
PAGO
:61:090121D000000000685,00NTRF000055709585//180007
PAGO
:61:090121D000000001000,00NTRF000055497386//180007
PAGO
:61:090121D000000000300,00NTRF000055431962//180007
PAGO
:61:090121D000000000361,00NTRF000038426300//180007
PAGO
:61:090121D000000000300,00NTRF000038376228//180007
PAGO
:61:090121D000000000300,00NTRF000038301095//180007
PAGO
:61:090121D000000000150,00NTRF000038165183//180007
PAGO
:61:090121D000000001156,07NTRF000037745553//180007
PAGO
:62M:D090121VEF000004537591,83
-}{5:{CHK:1143FB20924B}}{S:{COP:S}}${1:F21VZCRVECAAXXX5410610696}{4:{177:0404021720}{451:0}}{1:F01VZCRVECAAXXX5410610696}{2:09501717040402VZCRVECAAXXX40812675430404021720N}{3:{108:SCONNECT}}{4:
:20:MI090121
:25:1111111111
:28C:0545/233
:60M:D090121VEF000004537591,83
:61:090121D000000000800,00NTRF000037654369//180007
PAGO
:61:090121D000000000800,00NTRF000037453369//180007
PAGO
:61:090121D000000000329,00NTRF000037206794//180007
PAGO
:61:090121D000000000150,00NTRF000036987417//180007
PAGO
:61:090121D000000000690,00NTRF000020869897//180007
PAGO
:61:090121D000000000500,00NTRF000020498368//180007
PAGO
:61:090121D000000000567,00NTRF000020448570//180007
PAGO
:61:090121D000000000500,00NTRF000020147835//180007
PAGO
:61:090121D000000000300,00NTRF000020142903//180007
PAGO
:62M:D090121VEF000004542227,83
-}{5:{CHK:1143FB20924B}}{S:{COP:S}}${1:F21VZCRVECAAXXX5410610696}{4:{177:0404021720}{451:0}}{1:F01VZCRVECAAXXX5410610696}{2:09501717040402VZCRVECAAXXX40812675430404021720N}{3:{108:SCONNECT}}{4:
:20:MI090121
:25:1111111111
:28C:0545/234
:60M:D090121VEF000004542227,83
:61:090121D000000000400,00NTRF000019973316//180007
PAGO
:61:090121D000000005605,62NTRF000019865185//180007
PAGO
:61:090121D000000000330,15NTRF000019829061//180007
PAGO
:61:090121D000000000200,00NTRF000004797791//180007
PAGO
:61:090121D000000001000,00NTRF000004718583//180007
PAGO
:61:090121D000000000500,00NTRF000004339048//180007
PAGO
:61:090121D000000000566,00NTRF000004271811//180007
PAGO
:61:090121D000000005567,64NTRF000004147929//180007
PAGO
:61:090121D000000000200,00NTRF000004029255//180007
PAGO
:62M:D090121VEF000004556597,24
-}{5:{CHK:1143FB20924B}}{S:{COP:S}}${1:F21VZCRVECAAXXX5410610696}{4:{177:0404021720}{451:0}}{1:F01VZCRVECAAXXX5410610696}{2:09501717040402VZCRVECAAXXX40812675430404021720N}{3:{108:SCONNECT}}{4:
:20:MI090121
:25:1111111111
:28C:0545/235
:60M:D090121VEF000004556597,24
:61:090121D000000000200,00NTRF000003915449//180007
PAGO
:61:090121D000000000320,00NTRF000003909936//180007
PAGO
:61:090121D000000000100,00NTRF000003883523//180007
PAGO
:61:090121D000000026079,68NTRF000000698719//180007
PAGO
:61:090121D000000000906,20NTRF000000698718//180007
PAGO
:61:090121D000000000080,00NTRF000000698717//180007
PAGO
:61:090121D000000000774,86NTRF000000698716//180007
PAGO
:61:090121D000000000400,00NTRF000000698715//180007
PAGO
:61:090121D000000005484,07NTRF000000698714//180007
PAGO
:62M:D090121VEF000004590942,05
-}{5:{CHK:1143FB20924B}}{S:{COP:S}}${1:F21VZCRVECAAXXX5410610696}{4:{177:0404021720}{451:0}}{1:F01VZCRVECAAXXX5410610696}{2:09501717040402VZCRVECAAXXX40812675430404021720N}{3:{108:SCONNECT}}{4:
:20:MI090121
:25:1111111111
:28C:0545/236
:60M:D090121VEF000004590942,05
:61:090121D000000002103,00NTRF000000698713//180007
PAGO
:61:090121D000000000892,80NTRF000000698712//180007
PAGO
:61:090121D000000000201,88NTRF000000698711//180007
PAGO
:61:090121D000000001299,50NTRF000020010327//180007
PAGO
:61:090121D000000000615,28NTRF000020010326//180007
PAGO
:61:090121D000000002574,96NTRF000020010325//180007
PAGO
:61:090121D000000000883,50NTRF000020010324//180007
PAGO
:61:090121D000000003850,50NTRF000020010323//180007
PAGO
:61:090121D000000001780,50NTRF000020010322//180007
PAGO
:62M:D090121VEF000004605143,97
-}{5:{CHK:1143FB20924B}}{S:{COP:S}}${1:F21VZCRVECAAXXX5410610696}{4:{177:0404021720}{451:0}}{1:F01VZCRVECAAXXX5410610696}{2:09501717040402VZCRVECAAXXX40812675430404021720N}{3:{108:SCONNECT}}{4:
:20:MI090121
:25:1111111111
:28C:0545/237
:60M:D090121VEF000004605143,97
:61:090121D000000006999,50NTRF000020010321//180007
PAGO
:61:090121D000000050377,50NTRF000020010320//180007
PAGO
:61:090121D000000006799,50NTRF000020010319//180007
PAGO
:61:090121D000000029877,45NTRF000000026040//180007
PAGO
:61:090121D000000297018,10NTRF000000026039//180007
PAGO
:61:090121D000000106265,55NTRF000000026037//180007
PAGO
:61:090121D000000103745,96NTRF000000026035//180007
PAGO
:61:090121D000000009540,95NTRF000000023297//180007
PAGO
:61:090121D000000013963,11NTRF000000023296//180007
PAGO
:62M:D090121VEF000005229731,59
-}{5:{CHK:1143FB20924B}}{S:{COP:S}}${1:F21VZCRVECAAXXX5410610696}{4:{177:0404021720}{451:0}}{1:F01VZCRVECAAXXX5410610696}{2:09501717040402VZCRVECAAXXX40812675430404021720N}{3:{108:SCONNECT}}{4:
:20:MI090121
:25:1111111111
:28C:0545/238
:60M:D090121VEF000005229731,59
:61:090121D000000056624,08NTRF000000023293//180007
PAGO
:61:090121D000000036517,67NTRF000000023282//180007
PAGO
:61:090121D000000073917,96NTRF000000018753//180007
PAGO
:61:090121D000000000073,75NTRF000091781717//180007
PAGO
:61:090121D000000000225,00NTRF000091621283//180007
PAGO
:61:090121D000000000675,00NTRF000091599324//180007
PAGO
:61:090121D000000002400,00NTRF000091476111//180007
PAGO
:61:090121D000000001115,00NTRF000091355346//180007
PAGO
:61:090121D000000004580,00NTRF000091346118//180007
PAGO
:62M:D090121VEF000005405860,05
-}{5:{CHK:1143FB20924B}}{S:{COP:S}}${1:F21VZCRVECAAXXX5410610696}{4:{177:0404021720}{451:0}}{1:F01VZCRVECAAXXX5410610696}{2:09501717040402VZCRVECAAXXX40812675430404021720N}{3:{108:SCONNECT}}{4:
:20:MI090121
:25:1111111111
:28C:0545/239
:60M:D090121VEF000005405860,05
:61:090121D000000000200,00NTRF000091263827//180007
PAGO
:61:090121D000000002000,00NTRF000091142801//180007
PAGO
:61:090121D000000000873,94NTRF000091063330//180007
PAGO
:61:090121D000000000350,00NTRF000080620808//180007
PAGO
:61:090121D000000000300,00NTRF000080573793//180007
PAGO
:61:090121D000000000400,00NTRF000080453426//180007
PAGO
:61:090121D000000000900,00NTRF000080353353//180007
PAGO
:61:090121D000000000100,00NTRF000080260402//180007
PAGO
:61:090121D000000000100,00NTRF000080182646//180007
PAGO
:62M:D090121VEF000005411083,99
-}{5:{CHK:1143FB20924B}}{S:{COP:S}}${1:F21VZCRVECAAXXX5410610696}{4:{177:0404021720}{451:0}}{1:F01VZCRVECAAXXX5410610696}{2:09501717040402VZCRVECAAXXX40812675430404021720N}{3:{108:SCONNECT}}{4:
:20:MI090121
:25:1111111111
:28C:0545/240
:60M:D090121VEF000005411083,99
:61:090121D000000003000,00NTRF000079992360//180007
PAGO
:61:090121D000000000800,00NTRF000079794369//180007
PAGO
:61:090121D000000000700,00NTRF000079674462//180007
PAGO
:61:090121D000000000248,10NTRF000063969592//180007
PAGO
:61:090121D000000000719,90NTRF000063866699//180007
PAGO
:61:090121D000000003894,57NTRF000063840750//180007
PAGO
:61:090121D000000000495,86NTRF000063681199//180007
PAGO
:61:090121D000000001000,00NTRF000063635356//180007
PAGO
:61:090121D000000006263,48NTRF000063407814//180007
PAGO
:62M:D090121VEF000005428205,90
-}{5:{CHK:1143FB20924B}}{S:{COP:S}}${1:F21VZCRVECAAXXX5410610696}{4:{177:0404021720}{451:0}}{1:F01VZCRVECAAXXX5410610696}{2:09501717040402VZCRVECAAXXX40812675430404021720N}{3:{108:SCONNECT}}{4:
:20:MI090121
:25:1111111111
:28C:0545/241
:60M:D090121VEF000005428205,90
:61:090121D000000000415,00NTRF000063397888//180007
PAGO
:61:090121D000000000900,00NTRF000063327734//180007
PAGO
:61:090121D000000000140,00NTRF000063308794//180007
PAGO
:61:090121D000000000727,50NTRF000049974011//180007
PAGO
:61:090121D000000000403,00NTRF000049718420//180007
PAGO
:61:090121D000000000500,00NTRF000049703597//180007
PAGO
:61:090121D000000001000,00NTRF000049584878//180007
PAGO
:61:090121D000000003000,00NTRF000049435846//180007
PAGO
:61:090121D000000000100,00NTRF000049382663//180007
PAGO
:62M:D090121VEF000005435391,40
-}{5:{CHK:1143FB20924B}}{S:{COP:S}}${1:F21VZCRVECAAXXX5410610696}{4:{177:0404021720}{451:0}}{1:F01VZCRVECAAXXX5410610696}{2:09501717040402VZCRVECAAXXX40812675430404021720N}{3:{108:SCONNECT}}{4:
:20:MI090121
:25:1111111111
:28C:0545/242
:60M:D090121VEF000005435391,40
:61:090121D000000000075,00NTRF000049336832//180007
PAGO
:61:090121D000000000075,00NTRF000049316077//180007
PAGO
:61:090121D000000000500,00NTRF000049313301//180007
PAGO
:61:090121D000000000189,23NTRF000035687637//180007
PAGO
:61:090121D000000000115,00NTRF000035680664//180007
PAGO
:61:090121D000000000031,00NTRF000035669653//180007
PAGO
:61:090121D000000001400,00NTRF000035589918//180007
PAGO
:61:090121D000000001000,00NTRF000035320827//180007
PAGO
:61:090121D000000001000,00NTRF000035218623//180007
PAGO
:62M:D090121VEF000005439776,63
-}{5:{CHK:1143FB20924B}}{S:{COP:S}}${1:F21VZCRVECAAXXX5410610696}{4:{177:0404021720}{451:0}}{1:F01VZCRVECAAXXX5410610696}{2:09501717040402VZCRVECAAXXX40812675430404021720N}{3:{108:SCONNECT}}{4:
:20:MI090121
:25:1111111111
:28C:0545/243
:60M:D090121VEF000005439776,63
:61:090121D000000000100,00NTRF000035145989//180007
PAGO
:61:090121D000000003000,00NTRF000035089059//180007
PAGO
:61:090121D000000000400,00NTRF000035052568//180007
PAGO
:61:090121D000000000450,00NTRF000021907683//180007
PAGO
:61:090121D000000005300,00NTRF000021784980//180007
PAGO
:61:090121D000000001247,40NTRF000021655632//180007
PAGO
:61:090121D000000000570,00NTRF000021630183//180007
PAGO
:61:090121D000000016200,00NTRF000021478676//180007
PAGO
:61:090121D000000020000,00NTRF000021386233//180007
PAGO
:62M:D090121VEF000005487044,03
-}{5:{CHK:1143FB20924B}}{S:{COP:S}}${1:F21VZCRVECAAXXX5410610696}{4:{177:0404021720}{451:0}}{1:F01VZCRVECAAXXX5410610696}{2:09501717040402VZCRVECAAXXX40812675430404021720N}{3:{108:SCONNECT}}{4:
:20:MI090121
:25:1111111111
:28C:0545/244
:60M:D090121VEF000005487044,03
:61:090121D000000000200,00NTRF000021336877//180007
PAGO
:61:090121D000000000200,00NTRF000021310564//180007
PAGO
:61:090121D000000000050,00NTRF000021298908//180007
PAGO
:61:090121D000000000400,00NTRF000008173052//180007
PAGO
:61:090121D000000015000,00NTRF000008087672//180007
PAGO
:61:090121D000000000300,00NTRF000008040253//180007
PAGO
:61:090121D000000001500,00NTRF000007912711//180007
PAGO
:61:090121D000000001000,00NTRF000007840269//180007
PAGO
:61:090121D000000000300,00NTRF000007634571//180007
PAGO
:62M:D090121VEF000005505994,03
-}{5:{CHK:1143FB20924B}}{S:{COP:S}}${1:F21VZCRVECAAXXX5410610696}{4:{177:0404021720}{451:0}}{1:F01VZCRVECAAXXX5410610696}{2:09501717040402VZCRVECAAXXX40812675430404021720N}{3:{108:SCONNECT}}{4:
:20:MI090121
:25:1111111111
:28C:0545/245
:60M:D090121VEF000005505994,03
:61:090121D000000030000,00NTRF000007585119//180007
PAGO
:61:090121D000000000280,00NTRF000007578086//180007
PAGO
:61:090121D000000000319,99NTRF000007448760//180007
PAGO
:61:090121D000000000100,00NTRF000092758015//180007
PAGO
:61:090121D000000000100,00NTRF000092659281//180007
PAGO
:61:090121D000000000705,06NTRF000092441516//180007
PAGO
:61:090121D000000002000,00NTRF000092327844//180007
PAGO
:61:090121D000000000100,00NTRF000092139610//180007
PAGO
:61:090121D000000003680,00NTRF000091870082//180007
PAGO
:62M:D090121VEF000005543279,08
-}{5:{CHK:1143FB20924B}}{S:{COP:S}}${1:F21VZCRVECAAXXX5410610696}{4:{177:0404021720}{451:0}}{1:F01VZCRVECAAXXX5410610696}{2:09501717040402VZCRVECAAXXX40812675430404021720N}{3:{108:SCONNECT}}{4:
:20:MI090121
:25:1111111111
:28C:0545/246
:60M:D090121VEF000005543279,08
:61:090121D000000001512,00NTRF000091668671//180007
PAGO
:61:090121D000000003680,00NTRF000091609082//180007
PAGO
:61:090121D000000001500,00NTRF000091558295//180007
PAGO
:61:090121D000000000100,00NTRF000071394154//180007
PAGO
:61:090121D000000000100,00NTRF000071354154//180007
PAGO
:61:090121D000000000511,29NTRF000071200555//180007
PAGO
:61:090121D000000000141,28NTRF000071112701//180007
PAGO
:61:090121D000000000300,00NTRF000071079906//180007
PAGO
:61:090121D000000000008,00NTRF000071030709//180007
PAGO
:62M:D090121VEF000005551131,65
-}{5:{CHK:1143FB20924B}}{S:{COP:S}}${1:F21VZCRVECAAXXX5410610696}{4:{177:0404021720}{451:0}}{1:F01VZCRVECAAXXX5410610696}{2:09501717040402VZCRVECAAXXX40812675430404021720N}{3:{108:SCONNECT}}{4:
:20:MI090121
:25:1111111111
:28C:0545/247
:60M:D090121VEF000005551131,65
:61:090121D000000000300,00NTRF000071025906//180007
PAGO
:61:090121D000000000300,00NTRF000070999054//180007
PAGO
:61:090121D000000007994,04NTRF000070741842//180007
PAGO
:61:090121D000000010400,00NTRF000055410306//180007
PAGO
:61:090121D000000001045,00NTRF000055373899//180007
PAGO
:61:090121D000000000101,00NTRF000055250714//180007
PAGO
:61:090121D000000000180,00NTRF000055187069//180007
PAGO
:61:090121D000000000250,00NTRF000054977352//180007
PAGO
:61:090121D000000000101,72NTRF000054917559//180007
PAGO
:62M:D090121VEF000005571803,41
-}{5:{CHK:1143FB20924B}}{S:{COP:S}}${1:F21VZCRVECAAXXX5410610696}{4:{177:0404021720}{451:0}}{1:F01VZCRVECAAXXX5410610696}{2:09501717040402VZCRVECAAXXX40812675430404021720N}{3:{108:SCONNECT}}{4:
:20:MI090121
:25:1111111111
:28C:0545/248
:60M:D090121VEF000005571803,41
:61:090121D000000000300,00NTRF000054670077//180007
PAGO
:61:090121D000000000200,00NTRF000054441020//180007
PAGO
:61:090121D000000005700,00NTRF000054209128//180007
PAGO
:61:090121D000000002000,00NTRF000036916971//180007
PAGO
:61:090121D000000009282,47NTRF000036165903//180007
PAGO
:61:090121D000000000400,00NTRF000036122665//180007
PAGO
:61:090121D000000000950,00NTRF000036084943//180007
PAGO
:61:090121D000000000020,00NTRF000036064745//180007
PAGO
:61:090121D000000001400,00NTRF000036024535//180007
PAGO
:62M:D090121VEF000005592055,88
-}{5:{CHK:1143FB20924B}}{S:{COP:S}}${1:F21VZCRVECAAXXX5410610696}{4:{177:0404021720}{451:0}}{1:F01VZCRVECAAXXX5410610696}{2:09501717040402VZCRVECAAXXX40812675430404021720N}{3:{108:SCONNECT}}{4:
:20:MI090121
:25:1111111111
:28C:0545/249
:60M:D090121VEF000005592055,88
:61:090121D000000000070,00NTRF000035955403//180007
PAGO
:61:090121D000000000250,00NTRF000035873624//180007
PAGO
:61:090121D000000002000,00NTRF000035790180//180007
PAGO
:61:090121D000000000340,00NTRF000019720759//180007
PAGO
:61:090121D000000000100,00NTRF000019667448//180007
PAGO
:61:090121D000000000700,00NTRF000019485727//180007
PAGO
:61:090121D000000000080,00NTRF000019404827//180007
PAGO
:61:090121D000000001000,00NTRF000019247060//180007
PAGO
:61:090121D000000000350,00NTRF000019195640//180007
PAGO
:62M:D090121VEF000005596945,88
-}{5:{CHK:1143FB20924B}}{S:{COP:S}}${1:F21VZCRVECAAXXX5410610696}{4:{177:0404021720}{451:0}}{1:F01VZCRVECAAXXX5410610696}{2:09501717040402VZCRVECAAXXX40812675430404021720N}{3:{108:SCONNECT}}{4:
:20:MI090121
:25:1111111111
:28C:0545/250
:60M:D090121VEF000005596945,88
:61:090121D000000000100,00NTRF000019066668//180007
PAGO
:61:090121D000000000100,00NTRF000019010668//180007
PAGO
:61:090121D000000000105,00NTRF000018896205//180007
PAGO
:61:090121D000000000100,00NTRF000003873506//180007
PAGO
:61:090121D000000000100,00NTRF000003834523//180007
PAGO
:61:090121D000000000061,32NTRF000003775093//180007
PAGO
:61:090121D000000000050,00NTRF000003648442//180007
PAGO
:61:090121D000000000097,00NTRF000003601490//180007
PAGO
:61:090121D000000001675,00NTRF000003563711//180007
PAGO
:62M:D090121VEF000005599334,20
-}{5:{CHK:1143FB20924B}}{S:{COP:S}}${1:F21VZCRVECAAXXX5410610696}{4:{177:0404021720}{451:0}}{1:F01VZCRVECAAXXX5410610696}{2:09501717040402VZCRVECAAXXX40812675430404021720N}{3:{108:SCONNECT}}{4:
:20:MI090121
:25:1111111111
:28C:0545/251
:60M:D090121VEF000005599334,20
:61:090121D000000001000,00NTRF000003318100//180007
PAGO
:61:090121D000000000300,00NTRF000003246035//180007
PAGO
:61:090121D000000001000,00NTRF000003210100//180007
PAGO
:61:090121D000000002924,46NTRF000000698710//180007
PAGO
:61:090121D000000036577,43NTRF000000698709//180007
PAGO
:61:090121D000000060686,97NTRF000000698708//180007
PAGO
:61:090121D000000000204,05NTRF000000698707//180007
PAGO
:61:090121D000000008192,18NTRF000000698706//180007
PAGO
:61:090121D000000004504,37NTRF000000698705//180007
PAGO
:62M:D090121VEF000005714723,66
-}{5:{CHK:1143FB20924B}}{S:{COP:S}}${1:F21VZCRVECAAXXX5410610696}{4:{177:0404021720}{451:0}}{1:F01VZCRVECAAXXX5410610696}{2:09501717040402VZCRVECAAXXX40812675430404021720N}{3:{108:SCONNECT}}{4:
:20:MI090121
:25:1111111111
:28C:0545/252
:60M:D090121VEF000005714723,66
:61:090121D000000001417,35NTRF000000698704//180007
PAGO
:61:090121D000000000494,85NTRF000000698703//180007
PAGO
:61:090121D000000000174,50NTRF000000698702//180007
PAGO
:61:090121D000000000504,50NTRF000020010318//180007
PAGO
:61:090121D000000017899,50NTRF000020010317//180007
PAGO
:61:090121D000000001799,50NTRF000020010316//180007
PAGO
:61:090121D000000003599,50NTRF000020010315//180007
PAGO
:61:090121D000000435787,70NTRF000000026083//180007
PAGO
:61:090121D000000199249,75NTRF000000003868//180007
PAGO
:62M:D090121VEF000006375650,81
-}{5:{CHK:1143FB20924B}}{S:{COP:S}}${1:F21VZCRVECAAXXX5410610696}{4:{177:0404021720}{451:0}}{1:F01VZCRVECAAXXX5410610696}{2:09501717040402VZCRVECAAXXX40812675430404021720N}{3:{108:SCONNECT}}{4:
:20:MI090121
:25:1111111111
:28C:0545/253
:60M:D090121VEF000006375650,81
:61:090121D000000011150,31NTRF000000003867//180007
PAGO
:61:090121D000000000960,00NTRF000000003866//180007
PAGO
:61:090121D000000037720,45NTRF000000003865//180007
PAGO
:61:090121D000000001103,91NTRF000000009526//180007
PAGO
:61:090121D000000001313,63NTRF000000008436//180007
PAGO
:61:090121D000000001537,00NTRF000000008435//180007
PAGO
:61:090121D000000003598,83NTRF000000008434//180007
PAGO
:61:090121D000000001080,30NTRF000000008428//180007
PAGO
:61:090121D000000004774,01NTRF000000008426//180007
PAGO
:62M:D090121VEF000006438889,25
-}{5:{CHK:1143FB20924B}}{S:{COP:S}}${1:F21VZCRVECAAXXX5410610696}{4:{177:0404021720}{451:0}}{1:F01VZCRVECAAXXX5410610696}{2:09501717040402VZCRVECAAXXX40812675430404021720N}{3:{108:SCONNECT}}{4:
:20:MI090121
:25:1111111111
:28C:0545/254
:60M:D090121VEF000006438889,25
:61:090121D000000002929,92NTRF000000008422//180007
PAGO
:61:090121D000000001904,75NTRF000000006524//180007
PAGO
:61:090121D000000000993,21NTRF000000006484//180007
PAGO
:61:090121D000000000073,00NTRF000090846430//180007
PAGO
:61:090121D000000000300,00NTRF000090702036//180007
PAGO
:61:090121D000000000500,00NTRF000090460372//180007
PAGO
:61:090121D000000000300,00NTRF000090410099//180007
PAGO
:61:090121D000000013158,00NTRF000090343124//180007
PAGO
:61:090121D000000000090,00NTRF000090233412//180007
PAGO
:62M:D090121VEF000006459138,13
-}{5:{CHK:1143FB20924B}}{S:{COP:S}}${1:F21VZCRVECAAXXX5410610696}{4:{177:0404021720}{451:0}}{1:F01VZCRVECAAXXX5410610696}{2:09501717040402VZCRVECAAXXX40812675430404021720N}{3:{108:SCONNECT}}{4:
:20:MI090121
:25:1111111111
:28C:0545/255
:60M:D090121VEF000006459138,13
:61:090121D000000000270,00NTRF000090192884//180007
PAGO
:61:090121D000000002100,00NTRF000090137323//180007
PAGO
:61:090121D000000000300,00NTRF000090030382//180007
PAGO
:61:090121D000000001000,00NTRF000079414835//180007
PAGO
:61:090121D000000000417,92NTRF000079312546//180007
PAGO
:61:090121D000000000500,00NTRF000079157724//180007
PAGO
:61:090121D000000000100,00NTRF000079146923//180007
PAGO
:61:090121D000000000260,00NTRF000078818089//180007
PAGO
:61:090121D000000000440,00NTRF000078720551//180007
PAGO
:62M:D090121VEF000006464526,05
-}{5:{CHK:1143FB20924B}}{S:{COP:S}}${1:F21VZCRVECAAXXX5410610696}{4:{177:0404021720}{451:0}}{1:F01VZCRVECAAXXX5410610696}{2:09501717040402VZCRVECAAXXX40812675430404021720N}{3:{108:SCONNECT}}{4:
:20:MI090121
:25:1111111111
:28C:0545/256
:60M:D090121VEF000006464526,05
:61:090121D000000000250,00NTRF000078239363//180007
PAGO
:61:090121D000000011768,54NTRF000078079972//180007
PAGO
:61:090121D000000016013,19NTRF000063300049//180007
PAGO
:61:090121D000000000690,00NTRF000063262182//180007
PAGO
:61:090121D000000000008,50NTRF000063246192//180007
PAGO
:61:090121D000000000581,71NTRF000062821927//180007
PAGO
:61:090121D000000000450,00NTRF000062701880//180007
PAGO
:61:090121D000000000400,00NTRF000062445970//180007
PAGO
:61:090121D000000000260,00NTRF000062394688//180007
PAGO
:62M:D090121VEF000006494947,99
-}{5:{CHK:1143FB20924B}}{S:{COP:S}}${1:F21VZCRVECAAXXX5410610696}{4:{177:0404021720}{451:0}}{1:F01VZCRVECAAXXX5410610696}{2:09501717040402VZCRVECAAXXX40812675430404021720N}{3:{108:SCONNECT}}{4:
:20:MI090121
:25:1111111111
:28C:0545/257
:60M:D090121VEF000006494947,99
:61:090121D000000000055,00NTRF000062290308//180007
PAGO
:61:090121D000000000090,00NTRF000062287102//180007
PAGO
:61:090121D000000000030,00NTRF000049303388//180007
PAGO
:61:090121D000000000350,00NTRF000049294644//180007
PAGO
:61:090121D000000001000,00NTRF000049278998//180007
PAGO
:61:090121D000000000075,00NTRF000049217344//180007
PAGO
:61:090121D000000000760,00NTRF000049204496//180007
PAGO
:61:090121D000000001000,00NTRF000049172075//180007
PAGO
:61:090121D000000000090,00NTRF000048938465//180007
PAGO
:62M:D090121VEF000006498397,99
-}{5:{CHK:1143FB20924B}}{S:{COP:S}}${1:F21VZCRVECAAXXX5410610696}{4:{177:0404021720}{451:0}}{1:F01VZCRVECAAXXX5410610696}{2:09501717040402VZCRVECAAXXX40812675430404021720N}{3:{108:SCONNECT}}{4:
:20:MI090121
:25:1111111111
:28C:0545/258
:60M:D090121VEF000006498397,99
:61:090121D000000000182,85NTRF000048919761//180007
PAGO
:61:090121D000000000323,30NTRF000048904993//180007
PAGO
:61:090121D000000008407,50NTRF000034869986//180007
PAGO
:61:090121D000000001000,00NTRF000034850315//180007
PAGO
:61:090121D000000001600,00NTRF000034757597//180007
PAGO
:61:090121D000000001100,00NTRF000034747840//180007
PAGO
:61:090121D000000000100,00NTRF000034563379//180007
PAGO
:61:090121D000000000850,00NTRF000034531910//180007
PAGO
:61:090121D000000000500,00NTRF000034215234//180007
PAGO
:62M:D090121VEF000006512461,64
-}{5:{CHK:1143FB20924B}}{S:{COP:S}}${1:F21VZCRVECAAXXX5410610696}{4:{177:0404021720}{451:0}}{1:F01VZCRVECAAXXX5410610696}{2:09501717040402VZCRVECAAXXX40812675430404021720N}{3:{108:SCONNECT}}{4:
:20:MI090121
:25:1111111111
:28C:0545/259
:60M:D090121VEF000006512461,64
:61:090121D000000000500,00NTRF000034200566//180007
PAGO
:61:090121D000000000550,00NTRF000034165839//180007
PAGO
:61:090121D000000000780,50NTRF000021282052//180007
PAGO
:61:090121D000000000500,00NTRF000021257157//180007
PAGO
:61:090121D000000000500,00NTRF000021219732//180007
PAGO
:61:090121D000000000800,00NTRF000021188067//180007
PAGO
:61:090121D000000002000,00NTRF000021187455//180007
PAGO
:61:090121D000000000300,00NTRF000021183419//180007
PAGO
:61:090121D000000000350,00NTRF000021069896//180007
PAGO
:62M:D090121VEF000006518742,14
-}{5:{CHK:1143FB20924B}}{S:{COP:S}}${1:F21VZCRVECAAXXX5410610696}{4:{177:0404021720}{451:0}}{1:F01VZCRVECAAXXX5410610696}{2:09501717040402VZCRVECAAXXX40812675430404021720N}{3:{108:SCONNECT}}{4:
:20:MI090121
:25:1111111111
:28C:0545/260
:60M:D090121VEF000006518742,14
:61:090121D000000000700,00NTRF000020939348//180007
PAGO
:61:090121D000000000300,00NTRF000020904409//180007
PAGO
:61:090121D000000000300,00NTRF000007441559//180007
PAGO
:61:090121D000000000464,13NTRF000007441425//180007
PAGO
:61:090121D000000006000,00NTRF000007032812//180007
PAGO
:61:090121D000000000700,00NTRF000006979600//180007
PAGO
:61:090121D000000000360,00NTRF000006801379//180007
PAGO
:61:090121D000000004000,00NTRF000006681180//180007
PAGO
:61:090121D000000000620,00NTRF000006654772//180007
PAGO
:62M:D090121VEF000006532186,27
-}{5:{CHK:1143FB20924B}}{S:{COP:S}}${1:F21VZCRVECAAXXX5410610696}{4:{177:0404021720}{451:0}}{1:F01VZCRVECAAXXX5410610696}{2:09501717040402VZCRVECAAXXX40812675430404021720N}{3:{108:SCONNECT}}{4:
:20:MI090121
:25:1111111111
:28C:0545/261
:60M:D090121VEF000006532186,27
:61:090121D000000065293,29NTRF000006523669//180007
PAGO
:61:090121D000000001465,23NTRF000006458000//180007
PAGO
:61:090121D000000000220,00NTRF000091368688//180007
PAGO
:61:090121D000000000040,00NTRF000091362843//180007
PAGO
:61:090121D000000000039,00NTRF000091249158//180007
PAGO
:61:090121D000000000150,00NTRF000091239231//180007
PAGO
:61:090121D000000000200,00NTRF000091170330//180007
PAGO
:61:090121D000000000290,00NTRF000090749777//180007
PAGO
:61:090121D000000000058,50NTRF000090373974//180007
PAGO
:62M:D090121VEF000006599942,29
-}{5:{CHK:1143FB20924B}}{S:{COP:S}}${1:F21VZCRVECAAXXX5410610696}{4:{177:0404021720}{451:0}}{1:F01VZCRVECAAXXX5410610696}{2:09501717040402VZCRVECAAXXX40812675430404021720N}{3:{108:SCONNECT}}{4:
:20:MI090121
:25:1111111111
:28C:0545/262
:60M:D090121VEF000006599942,29
:61:090121D000000000100,00NTRF000090299016//180007
PAGO
:61:090121D000000000500,00NTRF000090191997//180007
PAGO
:61:090121D000000000100,00NTRF000070717373//180007
PAGO
:61:090121D000000000100,00NTRF000070599373//180007
PAGO
:61:090121D000000000100,00NTRF000070555863//180007
PAGO
:61:090121D000000000500,00NTRF000070325625//180007
PAGO
:61:090121D000000000400,00NTRF000070288506//180007
PAGO
:61:090121D000000000122,00NTRF000070278701//180007
PAGO
:61:090121D000000000160,00NTRF000070117685//180007
PAGO
:62M:D090121VEF000006602024,29
-}{5:{CHK:1143FB20924B}}{S:{COP:S}}${1:F21VZCRVECAAXXX5410610696}{4:{177:0404021720}{451:0}}{1:F01VZCRVECAAXXX5410610696}{2:09501717040402VZCRVECAAXXX40812675430404021720N}{3:{108:SCONNECT}}{4:
:20:MI090121
:25:1111111111
:28C:0545/263
:60M:D090121VEF000006602024,29
:61:090121D000000000100,00NTRF000070020752//180007
PAGO
:61:090121D000000000010,00NTRF000069764078//180007
PAGO
:61:090121D000000000100,00NTRF000053927451//180007
PAGO
:61:090121D000000000171,00NTRF000053840005//180007
PAGO
:61:090121D000000000100,00NTRF000053698517//180007
PAGO
:61:090121D000000006200,00NTRF000053454974//180007
PAGO
:61:090121D000000000100,00NTRF000053318419//180007
PAGO
:61:090121D000000001980,37NTRF000053130800//180007
PAGO
:61:090121D000000000600,00NTRF000052971309//180007
PAGO
:62M:D090121VEF000006611385,66
-}{5:{CHK:1143FB20924B}}{S:{COP:S}}${1:F21VZCRVECAAXXX5410610696}{4:{177:0404021720}{451:0}}{1:F01VZCRVECAAXXX5410610696}{2:09501717040402VZCRVECAAXXX40812675430404021720N}{3:{108:SCONNECT}}{4:
:20:MI090121
:25:1111111111
:28C:0545/264
:60M:D090121VEF000006611385,66
:61:090121D000000000300,00NTRF000052933739//180007
PAGO
:61:090121D000000000350,00NTRF000052891578//180007
PAGO
:61:090121D000000000300,00NTRF000035726040//180007
PAGO
:61:090121D000000000060,00NTRF000035719574//180007
PAGO
:61:090121D000000000500,00NTRF000035656965//180007
PAGO
:61:090121D000000000226,00NTRF000035477030//180007
PAGO
:61:090121D000000000224,87NTRF000035069407//180007
PAGO
:61:090121D000000000500,00NTRF000034854814//180007
PAGO
:61:090121D000000000400,00NTRF000034678010//180007
PAGO
:62M:D090121VEF000006614246,53
-}{5:{CHK:1143FB20924B}}{S:{COP:S}}${1:F21VZCRVECAAXXX5410610696}{4:{177:0404021720}{451:0}}{1:F01VZCRVECAAXXX5410610696}{2:09501717040402VZCRVECAAXXX40812675430404021720N}{3:{108:SCONNECT}}{4:
:20:MI090121
:25:1111111111
:28C:0545/265
:60M:D090121VEF000006614246,53
:61:090121D000000000500,00NTRF000034518147//180007
PAGO
:61:090121D000000000100,00NTRF000034480267//180007
PAGO
:61:090121D000000000200,00NTRF000018879127//180007
PAGO
:61:090121D000000001100,00NTRF000018770557//180007
PAGO
:61:090121D000000000300,00NTRF000018550964//180007
PAGO
:61:090121D000000000200,00NTRF000018453993//180007
PAGO
:61:090121D000000000250,00NTRF000018357222//180007
PAGO
:61:090121D000000001000,00NTRF000018144544//180007
PAGO
:61:090121D000000000147,00NTRF000018073099//180007
PAGO
:62M:D090121VEF000006618043,53
-}{5:{CHK:1143FB20924B}}{S:{COP:S}}${1:F21VZCRVECAAXXX5410610696}{4:{177:0404021720}{451:0}}{1:F01VZCRVECAAXXX5410610696}{2:09501717040402VZCRVECAAXXX40812675430404021720N}{3:{108:SCONNECT}}{4:
:20:MI090121
:25:1111111111
:28C:0545/266
:60M:D090121VEF000006618043,53
:61:090121D000000000700,00NTRF000017913816//180007
PAGO
:61:090121D000000000996,80NTRF000017843723//180007
PAGO
:61:090121D000000000600,00NTRF000003098870//180007
PAGO
:61:090121D000000000486,00NTRF000002672416//180007
PAGO
:61:090121D000000002958,53NTRF000002609656//180007
PAGO
:61:090121D000000000082,00NTRF000002362256//180007
PAGO
:61:090121D000000000153,00NTRF000002310326//180007
PAGO
:61:090121D000000000080,78NTRF000002265475//180007
PAGO
:61:090121D000000000368,00NTRF000002235291//180007
PAGO
:62M:D090121VEF000006624468,64
-}{5:{CHK:1143FB20924B}}{S:{COP:S}}${1:F21VZCRVECAAXXX5410610696}{4:{177:0404021720}{451:0}}{1:F01VZCRVECAAXXX5410610696}{2:09501717040402VZCRVECAAXXX40812675430404021720N}{3:{108:SCONNECT}}{4:
:20:MI090121
:25:1111111111
:28C:0545/267
:60M:D090121VEF000006624468,64
:61:090121D000000005000,00NTRF000002141257//180007
PAGO
:61:090121D000000000700,00NTRF000002011774//180007
PAGO
:61:090121D000000000061,20NTRF000000698701//180007
PAGO
:61:090121D000000008533,48NTRF000000698700//180007
PAGO
:61:090121D000000003824,67NTRF000000698699//180007
PAGO
:61:090121D000000030388,75NTRF000000698698//180007
PAGO
:61:090121D000000000176,34NTRF000000698697//180007
PAGO
:61:090121D000000006006,51NTRF000000698696//180007
PAGO
:61:090121D000000007289,96NTRF000000698695//180007
PAGO
:62M:D090121VEF000006686449,55
-}{5:{CHK:1143FB20924B}}{S:{COP:S}}${1:F21VZCRVECAAXXX5410610696}{4:{177:0404021720}{451:0}}{1:F01VZCRVECAAXXX5410610696}{2:09501717040402VZCRVECAAXXX40812675430404021720N}{3:{108:SCONNECT}}{4:
:20:MI090121
:25:1111111111
:28C:0545/268
:60M:D090121VEF000006686449,55
:61:090121D000000000064,84NTRF000000698694//180007
PAGO
:61:090121D000000000164,59NTRF000000698693//180007
PAGO
:61:090121D000000038665,72NTRF000000003864//180007
PAGO
:61:090121D000000002532,94NTRF000000003863//180007
PAGO
:61:090121D000000000775,56NTRF000000003862//180007
PAGO
:61:090121D000000016258,13NTRF000000003861//180007
PAGO
:61:090121D000000023375,68NTRF000000003860//180007
PAGO
:61:090121D000000009858,32NTRF000000003859//180007
PAGO
:61:090121D000000011338,27NTRF000000003858//180007
PAGO
:62M:D090121VEF000006789483,60
-}{5:{CHK:1143FB20924B}}{S:{COP:S}}${1:F21VZCRVECAAXXX5410610696}{4:{177:0404021720}{451:0}}{1:F01VZCRVECAAXXX5410610696}{2:09501717040402VZCRVECAAXXX40812675430404021720N}{3:{108:SCONNECT}}{4:
:20:MI090121
:25:1111111111
:28C:0545/269
:60M:D090121VEF000006789483,60
:61:090121D000000009198,83NTRF000000003857//180007
PAGO
:61:090121D000000179526,66NTRF000000003856//180007
PAGO
:61:090121D000000001592,00NTRF000000006453//180007
PAGO
:61:090121D000000000994,51NTRF000000006452//180007
PAGO
:61:090121D000000005706,25NTRF000000006444//180007
PAGO
:61:090121D000000001902,75NTRF000000006433//180007
PAGO
:61:090121D000000012555,28NTRF000000004036//180007
PAGO
:61:090121D000000005010,49NTRF000000004023//180007
PAGO
:61:090121D000000000533,00NTRF000000001071//180007
PAGO
:62M:D090121VEF000007006503,37
-}{5:{CHK:1143FB20924B}}{S:{COP:S}}${1:F21VZCRVECAAXXX5410610696}{4:{177:0404021720}{451:0}}{1:F01VZCRVECAAXXX5410610696}{2:09501717040402VZCRVECAAXXX40812675430404021720N}{3:{108:SCONNECT}}{4:
:20:MI090121
:25:1111111111
:28C:0545/270
:60M:D090121VEF000007006503,37
:61:090121D000000007030,50NTRF000000001070//180007
PAGO
:61:090121D000000002400,00NTRF000000001067//180007
PAGO
:61:090121D000000000800,00NTRF000090024003//180007
PAGO
:61:090121D000000000450,00NTRF000089919655//180007
PAGO
:61:090121D000000000191,00NTRF000089774293//180007
PAGO
:61:090121D000000000144,18NTRF000089488980//180007
PAGO
:61:090121D000000000650,00NTRF000089455173//180007
PAGO
:61:090121D000000000500,00NTRF000089447857//180007
PAGO
:61:090121D000000000320,00NTRF000089415855//180007
PAGO
:62M:D090121VEF000007018989,05
-}{5:{CHK:1143FB20924B}}{S:{COP:S}}${1:F21VZCRVECAAXXX5410610696}{4:{177:0404021720}{451:0}}{1:F01VZCRVECAAXXX5410610696}{2:09501717040402VZCRVECAAXXX40812675430404021720N}{3:{108:SCONNECT}}{4:
:20:MI090121
:25:1111111111
:28C:0545/271
:60M:D090121VEF000007018989,05
:61:090121D000000000200,00NTRF000089376248//180007
PAGO
:61:090121D000000000210,00NTRF000089294095//180007
PAGO
:61:090121D000000008745,00NTRF000077865272//180007
PAGO
:61:090121D000000000330,00NTRF000077860588//180007
PAGO
:61:090121D000000001000,00NTRF000077848255//180007
PAGO
:61:090121D000000000100,00NTRF000077840661//180007
PAGO
:61:090121D000000000630,00NTRF000077592316//180007
PAGO
:61:090121D000000000100,00NTRF000077565219//180007
PAGO
:61:090121D000000000850,20NTRF000077554227//180007
PAGO
:62M:D090121VEF000007031154,25
-}{5:{CHK:1143FB20924B}}{S:{COP:S}}${1:F21VZCRVECAAXXX5410610696}{4:{177:0404021720}{451:0}}{1:F01VZCRVECAAXXX5410610696}{2:09501717040402VZCRVECAAXXX40812675430404021720N}{3:{108:SCONNECT}}{4:
:20:MI090121
:25:1111111111
:28C:0545/272
:60M:D090121VEF000007031154,25
:61:090121D000000001500,00NTRF000077387747//180007
PAGO
:61:090121D000000000300,00NTRF000077371246//180007
PAGO
:61:090121D000000000700,00NTRF000062152233//180007
PAGO
:61:090121D000000005000,00NTRF000062024051//180007
PAGO
:61:090121D000000000011,94NTRF000062005391//180007
PAGO
:61:090121D000000000300,00NTRF000062000104//180007
PAGO
:61:090121D000000003000,00NTRF000061987013//180007
PAGO
:61:090121D000000000150,00NTRF000061589572//180007
PAGO
:61:090121D000000003000,00NTRF000061572453//180007
PAGO
:62M:D090121VEF000007045116,19
-}{5:{CHK:1143FB20924B}}{S:{COP:S}}${1:F21VZCRVECAAXXX5410610696}{4:{177:0404021720}{451:0}}{1:F01VZCRVECAAXXX5410610696}{2:09501717040402VZCRVECAAXXX40812675430404021720N}{3:{108:SCONNECT}}{4:
:20:MI090121
:25:1111111111
:28C:0545/273
:60M:D090121VEF000007045116,19
:61:090121D000000000102,00NTRF000061523016//180007
PAGO
:61:090121D000000000149,80NTRF000061514254//180007
PAGO
:61:090121D000000001906,96NTRF000048858290//180007
PAGO
:61:090121D000000000050,00NTRF000048211725//180007
PAGO
:61:090121D000000000125,00NTRF000048159843//180007
PAGO
:61:090121D000000000550,00NTRF000048074056//180007
PAGO
:61:090121D000000000350,00NTRF000048068227//180007
PAGO
:61:090121D000000002500,00NTRF000048057793//180007
PAGO
:61:090121D000000003380,00NTRF000048054992//180007
PAGO
:62M:D090121VEF000007054229,95
-}{5:{CHK:1143FB20924B}}{S:{COP:S}}${1:F21VZCRVECAAXXX5410610696}{4:{177:0404021720}{451:0}}{1:F01VZCRVECAAXXX5410610696}{2:09501717040402VZCRVECAAXXX40812675430404021720N}{3:{108:SCONNECT}}{4:
:20:MI090121
:25:1111111111
:28C:0545/274
:60M:D090121VEF000007054229,95
:61:090121D000000001150,00NTRF000047988677//180007
PAGO
:61:090121D000000000200,00NTRF000047979482//180007
PAGO
:61:090121D000000000400,00NTRF000034082081//180007
PAGO
:61:090121D000000000959,43NTRF000033980768//180007
PAGO
:61:090121D000000000250,00NTRF000033911075//180007
PAGO
:61:090121D000000005500,00NTRF000033845533//180007
PAGO
:61:090121D000000000770,00NTRF000033719458//180007
PAGO
:61:090121D000000000419,22NTRF000033715116//180007
PAGO
:61:090121D000000000100,00NTRF000033348655//180007
PAGO
:62M:D090121VEF000007063978,60
-}{5:{CHK:1143FB20924B}}{S:{COP:S}}${1:F21VZCRVECAAXXX5410610696}{4:{177:0404021720}{451:0}}{1:F01VZCRVECAAXXX5410610696}{2:09501717040402VZCRVECAAXXX40812675430404021720N}{3:{108:SCONNECT}}{4:
:20:MI090121
:25:1111111111
:28C:0545/275
:60M:D090121VEF000007063978,60
:61:090121D000000000272,50NTRF000033254463//180007
PAGO
:61:090121D000000000618,00NTRF000033242017//180007
PAGO
:61:090121D000000000800,00NTRF000020890078//180007
PAGO
:61:090121D000000000715,36NTRF000020844445//180007
PAGO
:61:090121D000000010000,00NTRF000020807830//180007
PAGO
:61:090121D000000004396,00NTRF000020786658//180007
PAGO
:61:090121D000000000400,00NTRF000020738814//180007
PAGO
:61:090121D000000000748,00NTRF000020730844//180007
PAGO
:61:090121D000000000900,00NTRF000020682464//180007
PAGO
:62M:D090121VEF000007082828,46
-}{5:{CHK:1143FB20924B}}{S:{COP:S}}${1:F21VZCRVECAAXXX5410610696}{4:{177:0404021720}{451:0}}{1:F01VZCRVECAAXXX5410610696}{2:09501717040402VZCRVECAAXXX40812675430404021720N}{3:{108:SCONNECT}}{4:
:20:MI090121
:25:1111111111
:28C:0545/276
:60M:D090121VEF000007082828,46
:61:090121D000000000500,00NTRF000020680381//180007
PAGO
:61:090121D000000000150,00NTRF000020666645//180007
PAGO
:61:090121D000000010600,00NTRF000006430206//180007
PAGO
:61:090121D000000000350,00NTRF000006381432//180007
PAGO
:61:090121D000000000200,00NTRF000006206420//180007
PAGO
:61:090121D000000008000,00NTRF000006063735//180007
PAGO
:61:090121D000000000450,00NTRF000006027794//180007
PAGO
:61:090121D000000001000,00NTRF000005823762//180007
PAGO
:61:090121D000000002000,00NTRF000005712917//180007
PAGO
:62M:D090121VEF000007106078,46
-}{5:{CHK:1143FB20924B}}{S:{COP:S}}${1:F21VZCRVECAAXXX5410610696}{4:{177:0404021720}{451:0}}{1:F01VZCRVECAAXXX5410610696}{2:09501717040402VZCRVECAAXXX40812675430404021720N}{3:{108:SCONNECT}}{4:
:20:MI090121
:25:1111111111
:28C:0545/277
:60M:D090121VEF000007106078,46
:61:090121D000000000756,00NTRF000005711236//180007
PAGO
:61:090121D000000001083,00NTRF000005593674//180007
PAGO
:61:090121D000000000500,00NTRF000090159997//180007
PAGO
:61:090121D000000000500,00NTRF000090121997//180007
PAGO
:61:090121D000000000150,00NTRF000090042289//180007
PAGO
:61:090121D000000000300,00NTRF000089848311//180007
PAGO
:61:090121D000000000152,00NTRF000089771424//180007
PAGO
:61:090121D000000000500,00NTRF000089691370//180007
PAGO
:61:090121D000000000300,00NTRF000089523730//180007
PAGO
:62M:D090121VEF000007110319,46
-}{5:{CHK:1143FB20924B}}{S:{COP:S}}${1:F21VZCRVECAAXXX5410610696}{4:{177:0404021720}{451:0}}{1:F01VZCRVECAAXXX5410610696}{2:09501717040402VZCRVECAAXXX40812675430404021720N}{3:{108:SCONNECT}}{4:
:20:MI090121
:25:1111111111
:28C:0545/278
:60M:D090121VEF000007110319,46
:61:090121D000000000400,00NTRF000089488870//180007
PAGO
:61:090121D000000004000,00NTRF000089344064//180007
PAGO
:61:090121D000000000510,00NTRF000069525846//180007
PAGO
:61:090121D000000000100,00NTRF000068837011//180007
PAGO
:61:090121D000000000380,00NTRF000068819022//180007
PAGO
:61:090121D000000000050,00NTRF000068702324//180007
PAGO
:61:090121D000000000050,00NTRF000068663324//180007
PAGO
:61:090121D000000000200,00NTRF000068609686//180007
PAGO
:61:090121D000000001110,00NTRF000068507794//180007
PAGO
:62M:D090121VEF000007117119,46
-}{5:{CHK:1143FB20924B}}{S:{COP:S}}${1:F21VZCRVECAAXXX5410610696}{4:{177:0404021720}{451:0}}{1:F01VZCRVECAAXXX5410610696}{2:09501717040402VZCRVECAAXXX40812675430404021720N}{3:{108:SCONNECT}}{4:
:20:MI090121
:25:1111111111
:28C:0545/279
:60M:D090121VEF000007117119,46
:61:090121D000000000200,00NTRF000068395686//180007
PAGO
:61:090121D000000000372,00NTRF000068377196//180007
PAGO
:61:090121D000000000402,00NTRF000052870065//180007
PAGO
:61:090121D000000000300,00NTRF000052726707//180007
PAGO
:61:090121D000000000070,00NTRF000052633778//180007
PAGO
:61:090121D000000000300,00NTRF000052623267//180007
PAGO
:61:090121D000000005400,00NTRF000052608277//180007
PAGO
:61:090121D000000000152,17NTRF000052346992//180007
PAGO
:61:090121D000000000035,00NTRF000052157926//180007
PAGO
:62M:D090121VEF000007124350,63
-}{5:{CHK:1143FB20924B}}{S:{COP:S}}${1:F21VZCRVECAAXXX5410610696}{4:{177:0404021720}{451:0}}{1:F01VZCRVECAAXXX5410610696}{2:09501717040402VZCRVECAAXXX40812675430404021720N}{3:{108:SCONNECT}}{4:
:20:MI090121
:25:1111111111
:28C:0545/280
:60M:D090121VEF000007124350,63
:61:090121D000000000450,00NTRF000051818392//180007
PAGO
:61:090121D000000000525,00NTRF000051770416//180007
PAGO
:61:090121D000000000979,00NTRF000034392443//180007
PAGO
:61:090121D000000000231,00NTRF000034376222//180007
PAGO
:61:090121D000000000202,00NTRF000034315174//180007
PAGO
:61:090121D000000000385,00NTRF000034293149//180007
PAGO
:61:090121D000000000200,00NTRF000034187918//180007
PAGO
:61:090121D000000000694,00NTRF000034135037//180007
PAGO
:61:090121D000000000050,00NTRF000033988318//180007
PAGO
:62M:D090121VEF000007128066,63
-}{5:{CHK:1143FB20924B}}{S:{COP:S}}${1:F21VZCRVECAAXXX5410610696}{4:{177:0404021720}{451:0}}{1:F01VZCRVECAAXXX5410610696}{2:09501717040402VZCRVECAAXXX40812675430404021720N}{3:{108:SCONNECT}}{4:
:20:MI090121
:25:1111111111
:28C:0545/281
:60M:D090121VEF000007128066,63
:61:090121D000000000080,00NTRF000033853322//180007
PAGO
:61:090121D000000000250,00NTRF000033814080//180007
PAGO
:61:090121D000000000040,00NTRF000017718966//180007
PAGO
:61:090121D000000000750,00NTRF000017669433//180007
PAGO
:61:090121D000000000300,00NTRF000017460103//180007
PAGO
:61:090121D000000000500,00NTRF000016924280//180007
PAGO
:61:090121D000000000140,00NTRF000016740319//180007
PAGO
:61:090121D000000000200,00NTRF000016653786//180007
PAGO
:61:090121D000000001200,00NTRF000016602967//180007
PAGO
:62M:D090121VEF000007131526,63
-}{5:{CHK:1143FB20924B}}{S:{COP:S}}${1:F21VZCRVECAAXXX5410610696}{4:{177:0404021720}{451:0}}{1:F01VZCRVECAAXXX5410610696}{2:09501717040402VZCRVECAAXXX40812675430404021720N}{3:{108:SCONNECT}}{4:
:20:MI090121
:25:1111111111
:28C:0545/282
:60M:D090121VEF000007131526,63
:61:090121D000000000500,00NTRF000016344171//180007
PAGO
:61:090121D000000000050,00NTRF000016063265//180007
PAGO
:61:090121D000000000595,00NTRF000001882229//180007
PAGO
:61:090121D000000000400,00NTRF000001806528//180007
PAGO
:61:090121D000000000511,73NTRF000001532805//180007
PAGO
:61:090121D000000001100,00NTRF000001414325//180007
PAGO
:61:090121D000000000300,00NTRF000000711779//180007
PAGO
:61:090121D000000001000,00NTRF000000680920//180007
PAGO
:61:090121D000000000635,00NTRF000000671323//180007
PAGO
:62M:D090121VEF000007136618,36
-}{5:{CHK:1143FB20924B}}{S:{COP:S}}${1:F21VZCRVECAAXXX5410610696}{4:{177:0404021720}{451:0}}{1:F01VZCRVECAAXXX5410610696}{2:09501717040402VZCRVECAAXXX40812675430404021720N}{3:{108:SCONNECT}}{4:
:20:MI090121
:25:1111111111
:28C:0545/283
:60M:D090121VEF000007136618,36
:61:090121D000000000031,00NTRF000000634861//180007
PAGO
:61:090121D000000000500,00NTRF000000503365//180007
PAGO
:61:090121D000000000947,80NTRF000000698692//180007
PAGO
:61:090121D000000000845,93NTRF000000698691//180007
PAGO
:61:090121D000000000566,92NTRF000000698690//180007
PAGO
:61:090121D000000001635,50NTRF000000698689//180007
PAGO
:61:090121D000000000180,97NTRF000000698688//180007
PAGO
:61:090121D000000000570,26NTRF000000698687//180007
PAGO
:61:090121D000000024083,25NTRF000000698686//180007
PAGO
:62M:D090121VEF000007165979,99
-}{5:{CHK:1143FB20924B}}{S:{COP:S}}${1:F21VZCRVECAAXXX5410610696}{4:{177:0404021720}{451:0}}{1:F01VZCRVECAAXXX5410610696}{2:09501717040402VZCRVECAAXXX40812675430404021720N}{3:{108:SCONNECT}}{4:
:20:MI090121
:25:1111111111
:28C:0545/284
:60M:D090121VEF000007165979,99
:61:090121D000000007862,41NTRF000000698685//180007
PAGO
:61:090121D000000006771,54NTRF000000698684//180007
PAGO
:61:090121D000000012773,47NTRF000000003855//180007
PAGO
:61:090121D000000000758,20NTRF000000003854//180007
PAGO
:61:090121D000000071577,87NTRF000000003853//180007
PAGO
:61:090121D000000001101,67NTRF000000003852//180007
PAGO
:61:090121D000000032930,48NTRF000000003851//180007
PAGO
:61:090121D000000300000,00NTRF000000001126//180007
PAGO
:61:090121D000000017270,93NTRF000000001124//180007
PAGO
:62M:D090121VEF000007617026,56
-}{5:{CHK:1143FB20924B}}{S:{COP:S}}${1:F21VZCRVECAAXXX5410610696}{4:{177:0404021720}{451:0}}{1:F01VZCRVECAAXXX5410610696}{2:09501717040402VZCRVECAAXXX40812675430404021720N}{3:{108:SCONNECT}}{4:
:20:MI090121
:25:1111111111
:28C:0545/285
:60M:D090121VEF000007617026,56
:61:090121D000000000359,00NTRF000000057159//180007
PAGO
:61:090121D000000000359,00NTRF000000057157//180007
PAGO
:61:090121D000000004512,60NTRF000000001065//180007
PAGO
:61:090121D000000035613,28NTRF000000000939//180007
PAGO
:61:090121D000000001573,92NTRF000000000862//180007
PAGO
:61:090121D000000001203,96NTRF000000000812//180007
PAGO
:61:090121D000000013286,29NTRF000000000811//180007
PAGO
:61:090121D000000011085,20NTRF000000000533//180007
PAGO
:61:090121D000000001349,80NTRF000000000505//180007
PAGO
:62M:D090121VEF000007686369,61
-}{5:{CHK:1143FB20924B}}{S:{COP:S}}${1:F21VZCRVECAAXXX5410610696}{4:{177:0404021720}{451:0}}{1:F01VZCRVECAAXXX5410610696}{2:09501717040402VZCRVECAAXXX40812675430404021720N}{3:{108:SCONNECT}}{4:
:20:MI090121
:25:1111111111
:28C:0545/286
:60M:D090121VEF000007686369,61
:61:090121D000000005826,45NTRF000000000502//180007
PAGO
:61:090121D000000013517,16NTRF000000000272//180007
PAGO
:61:090121D000000000100,00NTRF000089140879//180007
PAGO
:61:090121D000000000900,00NTRF000089070438//180007
PAGO
:61:090121D000000000703,05NTRF000089022683//180007
PAGO
:61:090121D000000010200,00NTRF000089002273//180007
PAGO
:61:090121D000000000450,00NTRF000088974287//180007
PAGO
:61:090121D000000000250,00NTRF000088913352//180007
PAGO
:61:090121D000000000600,00NTRF000088901563//180007
PAGO
:62M:D090121VEF000007718916,27
-}{5:{CHK:1143FB20924B}}{S:{COP:S}}${1:F21VZCRVECAAXXX5410610696}{4:{177:0404021720}{451:0}}{1:F01VZCRVECAAXXX5410610696}{2:09501717040402VZCRVECAAXXX40812675430404021720N}{3:{108:SCONNECT}}{4:
:20:MI090121
:25:1111111111
:28C:0545/287
:60M:D090121VEF000007718916,27
:61:090121D000000000471,00NTRF000088815121//180007
PAGO
:61:090121D000000000003,67NTRF000088814257//180007
PAGO
:61:090121D000000000115,00NTRF000077297407//180007
PAGO
:61:090121D000000000400,00NTRF000077282371//180007
PAGO
:61:090121D000000002390,60NTRF000077129227//180007
PAGO
:61:090121D000000000500,00NTRF000077114119//180007
PAGO
:61:090121D000000001280,00NTRF000076725960//180007
PAGO
:61:090121D000000001000,00NTRF000076651841//180007
PAGO
:61:090121D000000000700,00NTRF000076263186//180007
PAGO
:62M:D090121VEF000007725776,54
-}{5:{CHK:1143FB20924B}}{S:{COP:S}}${1:F21VZCRVECAAXXX5410610696}{4:{177:0404021720}{451:0}}{1:F01VZCRVECAAXXX5410610696}{2:09501717040402VZCRVECAAXXX40812675430404021720N}{3:{108:SCONNECT}}{4:
:20:MI090121
:25:1111111111
:28C:0545/288
:60M:D090121VEF000007725776,54
:61:090121D000000010000,00NTRF000076262987//180007
PAGO
:61:090121D000000000107,36NTRF000076134055//180007
PAGO
:61:090121D000000000250,00NTRF000061505817//180007
PAGO
:61:090121D000000000582,00NTRF000061243122//180007
PAGO
:61:090121D000000000110,00NTRF000061196951//180007
PAGO
:61:090121D000000000100,00NTRF000061193980//180007
PAGO
:61:090121D000000000100,00NTRF000061158490//180007
PAGO
:61:090121D000000000280,00NTRF000061112980//180007
PAGO
:61:090121D000000000040,00NTRF000061002347//180007
PAGO
:62M:D090121VEF000007737345,90
-}{5:{CHK:1143FB20924B}}{S:{COP:S}}${1:F21VZCRVECAAXXX5410610696}{4:{177:0404021720}{451:0}}{1:F01VZCRVECAAXXX5410610696}{2:09501717040402VZCRVECAAXXX40812675430404021720N}{3:{108:SCONNECT}}{4:
:20:MI090121
:25:1111111111
:28C:0545/289
:60M:D090121VEF000007737345,90
:61:090121D000000000266,13NTRF000060911771//180007
PAGO
:61:090121D000000000200,00NTRF000060884264//180007
PAGO
:61:090121D000000001390,72NTRF000047948999//180007
PAGO
:61:090121D000000000966,23NTRF000047890312//180007
PAGO
:61:090121D000000600000,00NTRF000047717005//180007
PAGO
:61:090121D000000000100,00NTRF000047708122//180007
PAGO
:61:090121D000000001950,93NTRF000047482998//180007
PAGO
:61:090121D000000000360,00NTRF000047433541//180007
PAGO
:61:090121D000000024050,00NTRF000047224062//180007
PAGO
:62M:D090121VEF000008366629,91
-}{5:{CHK:1143FB20924B}}{S:{COP:S}}${1:F21VZCRVECAAXXX5410610696}{4:{177:0404021720}{451:0}}{1:F01VZCRVECAAXXX5410610696}{2:09501717040402VZCRVECAAXXX40812675430404021720N}{3:{108:SCONNECT}}{4:
:20:MI090121
:25:1111111111
:28C:0545/290
:60M:D090121VEF000008366629,91
:61:090121D000000010500,00NTRF000047079213//180007
PAGO
:61:090121D000000000300,00NTRF000047035824//180007
PAGO
:61:090121D000000010000,00NTRF000033124671//180007
PAGO
:61:090121D000000001818,36NTRF000033080501//180007
PAGO
:61:090121D000000000250,00NTRF000033001579//180007
PAGO
:61:090121D000000002500,00NTRF000032908572//180007
PAGO
:61:090121D000000000100,00NTRF000032793426//180007
PAGO
:61:090121D000000001280,00NTRF000032709496//180007
PAGO
:61:090121D000000000700,00NTRF000032462155//180007
PAGO
:62M:D090121VEF000008394078,27
-}{5:{CHK:1143FB20924B}}{S:{COP:S}}${1:F21VZCRVECAAXXX5410610696}{4:{177:0404021720}{451:0}}{1:F01VZCRVECAAXXX5410610696}{2:09501717040402VZCRVECAAXXX40812675430404021720N}{3:{108:SCONNECT}}{4:
:20:MI090121
:25:1111111111
:28C:0545/291
:60M:D090121VEF000008394078,27
:61:090121D000000005800,00NTRF000032365481//180007
PAGO
:61:090121D000000015000,00NTRF000032341379//180007
PAGO
:61:090121D000000002000,00NTRF000020591324//180007
PAGO
:61:090121D000000004800,00NTRF000020288155//180007
PAGO
:61:090121D000000001200,00NTRF000020250431//180007
PAGO
:61:090121D000000000215,78NTRF000020073947//180007
PAGO
:61:090121D000000000500,00NTRF000019982722//180007
PAGO
:61:090121D000000000130,00NTRF000019927226//180007
PAGO
:61:090121D000000008480,00NTRF000019885665//180007
PAGO
:62M:D090121VEF000008432204,05
-}{5:{CHK:1143FB20924B}}{S:{COP:S}}${1:F21VZCRVECAAXXX5410610696}{4:{177:0404021720}{451:0}}{1:F01VZCRVECAAXXX5410610696}{2:09501717040402VZCRVECAAXXX40812675430404021720N}{3:{108:SCONNECT}}{4:
:20:MI090121
:25:1111111111
:28C:0545/292
:60M:D090121VEF000008432204,05
:61:090121D000000000280,00NTRF000019638506//180007
PAGO
:61:090121D000000000100,00NTRF000019434124//180007
PAGO
:61:090121D000000001000,00NTRF000005583370//180007
PAGO
:61:090121D000000000500,00NTRF000005558507//180007
PAGO
:61:090121D000000000878,00NTRF000005143168//180007
PAGO
:61:090121D000000000050,00NTRF000005119986//180007
PAGO
:61:090121D000000000700,00NTRF000005056757//180007
PAGO
:61:090121D000000005450,00NTRF000004989560//180007
PAGO
:61:090121D000000003000,00NTRF000004828000//180007
PAGO
:62M:D090121VEF000008444162,05
-}{5:{CHK:1143FB20924B}}{S:{COP:S}}${1:F21VZCRVECAAXXX5410610696}{4:{177:0404021720}{451:0}}{1:F01VZCRVECAAXXX5410610696}{2:09501717040402VZCRVECAAXXX40812675430404021720N}{3:{108:SCONNECT}}{4:
:20:MI090121
:25:1111111111
:28C:0545/293
:60M:D090121VEF000008444162,05
:61:090121D000000000010,00NTRF000004746952//180007
PAGO
:61:090121D000000004100,00NTRF000004735757//180007
PAGO
:61:090121D000000002110,00NTRF000089168549//180007
PAGO
:61:090121D000000000100,00NTRF000089087800//180007
PAGO
:61:090121D000000001500,00NTRF000088917844//180007
PAGO
:61:090121D000000001500,00NTRF000088863844//180007
PAGO
:61:090121D000000000053,90NTRF000088671539//180007
PAGO
:61:090121D000000001493,00NTRF000088665506//180007
PAGO
:61:090121D000000000262,50NTRF000088506502//180007
PAGO
:62M:D090121VEF000008455291,45
-}{5:{CHK:1143FB20924B}}{S:{COP:S}}${1:F21VZCRVECAAXXX5410610696}{4:{177:0404021720}{451:0}}{1:F01VZCRVECAAXXX5410610696}{2:09501717040402VZCRVECAAXXX40812675430404021720N}{3:{108:SCONNECT}}{4:
:20:MI090121
:25:1111111111
:28C:0545/294
:60M:D090121VEF000008455291,45
:61:090121D000000000750,00NTRF000088165331//180007
PAGO
:61:090121D000000000130,11NTRF000088164618//180007
PAGO
:61:090121D000000000200,00NTRF000068366686//180007
PAGO
:61:090121D000000000200,00NTRF000068329686//180007
PAGO
:61:090121D000000000200,00NTRF000068288686//180007
PAGO
:61:090121D000000000200,00NTRF000068230686//180007
PAGO
:61:090121D000000000750,00NTRF000068179821//180007
PAGO
:61:090121D000000000200,00NTRF000068166686//180007
PAGO
:61:090121D000000000200,00NTRF000068128686//180007
PAGO
:62M:D090121VEF000008458121,56
-}{5:{CHK:1143FB20924B}}{S:{COP:S}}${1:F21VZCRVECAAXXX5410610696}{4:{177:0404021720}{451:0}}{1:F01VZCRVECAAXXX5410610696}{2:09501717040402VZCRVECAAXXX40812675430404021720N}{3:{108:SCONNECT}}{4:
:20:MI090121
:25:1111111111
:28C:0545/295
:60M:D090121VEF000008458121,56
:61:090121D000000001400,00NTRF000068049451//180007
PAGO
:61:090121D000000000100,00NTRF000067969410//180007
PAGO
:61:090121D000000000386,00NTRF000050981362//180007
PAGO
:61:090121D000000003104,72NTRF000050923667//180007
PAGO
:61:090121D000000000350,00NTRF000050889796//180007
PAGO
:61:090121D000000000200,00NTRF000050785887//180007
PAGO
:61:090121D000000000200,00NTRF000050757887//180007
PAGO
:61:090121D000000000500,00NTRF000050719505//180007
PAGO
:61:090121D000000000500,00NTRF000050642505//180007
PAGO
:62M:D090121VEF000008464862,28
-}{5:{CHK:1143FB20924B}}{S:{COP:S}}${1:F21VZCRVECAAXXX5410610696}{4:{177:0404021720}{451:0}}{1:F01VZCRVECAAXXX5410610696}{2:09501717040402VZCRVECAAXXX40812675430404021720N}{3:{108:SCONNECT}}{4:
:20:MI090121
:25:1111111111
:28C:0545/296
:60M:D090121VEF000008464862,28
:61:090121D000000000500,00NTRF000050589505//180007
PAGO
:61:090121D000000000210,31NTRF000050544519//180007
PAGO
:61:090121D000000000150,00NTRF000033709465//180007
PAGO
:61:090121D000000000130,00NTRF000033696107//180007
PAGO
:61:090121D000000000650,00NTRF000033648222//180007
PAGO
:61:090121D000000003000,00NTRF000033479222//180007
PAGO
:61:090121D000000000200,00NTRF000033313087//180007
PAGO
:61:090121D000000001946,36NTRF000033273741//180007
PAGO
:61:090121D000000000140,00NTRF000033193590//180007
PAGO
:62M:D090121VEF000008471788,95
-}{5:{CHK:1143FB20924B}}{S:{COP:S}}${1:F21VZCRVECAAXXX5410610696}{4:{177:0404021720}{451:0}}{1:F01VZCRVECAAXXX5410610696}{2:09501717040402VZCRVECAAXXX40812675430404021720N}{3:{108:SCONNECT}}{4:
:20:MI090121
:25:1111111111
:28C:0545/297
:60M:D090121VEF000008471788,95
:61:090121D000000000200,00NTRF000033012380//180007
PAGO
:61:090121D000000000045,00NTRF000032808966//180007
PAGO
:61:090121D000000000600,00NTRF000015993989//180007
PAGO
:61:090121D000000000300,00NTRF000015742580//180007
PAGO
:61:090121D000000000250,00NTRF000015666218//180007
PAGO
:61:090121D000000000200,00NTRF000015487954//180007
PAGO
:61:090121D000000000039,55NTRF000015397495//180007
PAGO
:61:090121D000000007026,75NTRF000015329716//180007
PAGO
:61:090121D000000000200,00NTRF000015055080//180007
PAGO
:62M:D090121VEF000008480650,25
-}{5:{CHK:1143FB20924B}}{S:{COP:S}}${1:F21VZCRVECAAXXX5410610696}{4:{177:0404021720}{451:0}}{1:F01VZCRVECAAXXX5410610696}{2:09501717040402VZCRVECAAXXX40812675430404021720N}{3:{108:SCONNECT}}{4:
:20:MI090121
:25:1111111111
:28C:0545/298
:60M:D090121VEF000008480650,25
:61:090121D000000000150,00NTRF000014733831//180007
PAGO
:61:090121D000000000150,00NTRF000014703831//180007
PAGO
:61:090121D000000000100,00NTRF000000474109//180007
PAGO
:61:090121D000000000500,00NTRF000000453365//180007
PAGO
:61:090121D000000000100,00NTRF000000337582//180007
PAGO
:61:090121D000000000250,00NTRF000000320424//180007
PAGO
:61:090121D000000001000,00NTRF000000058790//180007
PAGO
:61:090121D000000000875,00NTRF000090381668//180007
PAGO
:61:090121D000000000617,90NTRF000090381667//180007
PAGO
:62M:D090121VEF000008484393,15
-}{5:{CHK:1143FB20924B}}{S:{COP:S}}${1:F21VZCRVECAAXXX5410610696}{4:{177:0404021720}{451:0}}{1:F01VZCRVECAAXXX5410610696}{2:09501717040402VZCRVECAAXXX40812675430404021720N}{3:{108:SCONNECT}}{4:
:20:MI090121
:25:1111111111
:28C:0545/299
:60M:D090121VEF000008484393,15
:61:090121D000000001640,50NTRF000090381666//180007
PAGO
:61:090121D000000000665,90NTRF000090381665//180007
PAGO
:61:090121D000000000755,02NTRF000000698683//180007
PAGO
:61:090121D000000001417,36NTRF000000698682//180007
PAGO
:61:090121D000000009528,92NTRF000000698681//180007
PAGO
:61:090121D000000003790,19NTRF000000698680//180007
PAGO
:61:090121D000000031198,67NTRF000000698679//180007
PAGO
:61:090121D000000006635,59NTRF000000698677//180007
PAGO
:61:090121D000000018577,21NTRF000000698676//180007
PAGO
:62M:D090121VEF000008558602,51
-}{5:{CHK:1143FB20924B}}{S:{COP:S}}${1:F21VZCRVECAAXXX5410610696}{4:{177:0404021720}{451:0}}{1:F01VZCRVECAAXXX5410610696}{2:09501717040402VZCRVECAAXXX40812675430404021720N}{3:{108:SCONNECT}}{4:
:20:MI090121
:25:1111111111
:28C:0545/300
:60M:D090121VEF000008558602,51
:61:090121D000000000479,18NTRF000000698675//180007
PAGO
:61:090121D000000000783,29NTRF000000698674//180007
PAGO
:61:090121D000003000000,00NTRF000000057109//180007
PAGO
:61:090121D000000001941,90NTRF000000892051//180007
PAGO
:61:090121D000000000513,87NTRF000000891999//180007
PAGO
:61:090121D000000000109,49NTRF000000891994//180007
PAGO
:61:090121D000000000410,57NTRF000000891978//180007
PAGO
:61:090121D000000001218,45NTRF000000891977//180007
PAGO
:61:090121D000000021527,02NTRF000000891930//180007
PAGO
:62M:D090121VEF000011585586,28
-}{5:{CHK:1143FB20924B}}{S:{COP:S}}${1:F21VZCRVECAAXXX5410610696}{4:{177:0404021720}{451:0}}{1:F01VZCRVECAAXXX5410610696}{2:09501717040402VZCRVECAAXXX40812675430404021720N}{3:{108:SCONNECT}}{4:
:20:MI090121
:25:1111111111
:28C:0545/301
:60M:D090121VEF000011585586,28
:61:090121D000000103730,40NTRF000000891885//180007
PAGO
:61:090121D000000001412,02NTRF000000891572//180007
PAGO
:61:090121D000000006426,77NTRF000000000256//180007
PAGO
:61:090121D000000003486,72NTRF000000000013//180007
PAGO
:61:090121D000000000500,00NTRF000088711297//180007
PAGO
:61:090121D000000000470,00NTRF000088411723//180007
PAGO
:61:090121D000000001000,00NTRF000088337402//180007
PAGO
:61:090121D000000000150,00NTRF000088265592//180007
PAGO
:61:090121D000000003000,00NTRF000088030977//180007
PAGO
:62M:D090121VEF000011705762,19
-}{5:{CHK:1143FB20924B}}{S:{COP:S}}${1:F21VZCRVECAAXXX5410610696}{4:{177:0404021720}{451:0}}{1:F01VZCRVECAAXXX5410610696}{2:09501717040402VZCRVECAAXXX40812675430404021720N}{3:{108:SCONNECT}}{4:
:20:MI090121
:25:1111111111
:28C:0545/302
:60M:D090121VEF000011705762,19
:61:090121D000000000470,00NTRF000087471089//180007
PAGO
:61:090121D000000001400,00NTRF000087455411//180007
PAGO
:61:090121D000000005300,00NTRF000087398994//180007
PAGO
:61:090121D000000010000,00NTRF000087345344//180007
PAGO
:61:090121D000000000525,00NTRF000076075128//180007
PAGO
:61:090121D000000001800,00NTRF000075885962//180007
PAGO
:61:090121D000000000650,00NTRF000075883489//180007
PAGO
:61:090121D000000000178,20NTRF000075855925//180007
PAGO
:61:090121D000000004116,25NTRF000075811213//180007
PAGO
:62M:D090121VEF000011730201,64
-}{5:{CHK:1143FB20924B}}{S:{COP:S}}${1:F21VZCRVECAAXXX5410610696}{4:{177:0404021720}{451:0}}{1:F01VZCRVECAAXXX5410610696}{2:09501717040402VZCRVECAAXXX40812675430404021720N}{3:{108:SCONNECT}}{4:
:20:MI090121
:25:1111111111
:28C:0545/303
:60M:D090121VEF000011730201,64
:61:090121D000000000150,00NTRF000075750201//180007
PAGO
:61:090121D000000001600,00NTRF000075665030//180007
PAGO
:61:090121D000000000225,23NTRF000075607637//180007
PAGO
:61:090121D000000000071,56NTRF000075223018//180007
PAGO
:61:090121D000000001000,00NTRF000060823521//180007
PAGO
:61:090121D000000000800,00NTRF000060751355//180007
PAGO
:61:090121D000000000200,00NTRF000060677432//180007
PAGO
:61:090121D000000000512,00NTRF000060620710//180007
PAGO
:61:090121D000000000900,00NTRF000060580818//180007
PAGO
:62M:D090121VEF000011735660,43
-}{5:{CHK:1143FB20924B}}{S:{COP:S}}${1:F21VZCRVECAAXXX5410610696}{4:{177:0404021720}{451:0}}{1:F01VZCRVECAAXXX5410610696}{2:09501717040402VZCRVECAAXXX40812675430404021720N}{3:{108:SCONNECT}}{4:
:20:MI090121
:25:1111111111
:28C:0545/304
:60M:D090121VEF000011735660,43
:61:090121D000000001410,00NTRF000060458310//180007
PAGO
:61:090121D000000000200,00NTRF000060341611//180007
PAGO
:61:090121D000000002200,00NTRF000060322784//180007
PAGO
:61:090121D000000007000,00NTRF000060239363//180007
PAGO
:61:090121D000000003000,00NTRF000046893313//180007
PAGO
:61:090121D000000000400,00NTRF000046861606//180007
PAGO
:61:090121D000000000800,00NTRF000046761657//180007
PAGO
:61:090121D000000000940,00NTRF000046613325//180007
PAGO
:61:090121D000000000200,00NTRF000045921646//180007
PAGO
:62M:D090121VEF000011751810,43
-}{5:{CHK:1143FB20924B}}{S:{COP:S}}${1:F21VZCRVECAAXXX5410610696}{4:{177:0404021720}{451:0}}{1:F01VZCRVECAAXXX5410610696}{2:09501717040402VZCRVECAAXXX40812675430404021720N}{3:{108:SCONNECT}}{4:
:20:MI090121
:25:1111111111
:28C:0545/305
:60M:D090121VEF000011751810,43
:61:090121D000000040000,00NTRF000045783127//180007
PAGO
:61:090121D000000001000,00NTRF000045618180//180007
PAGO
:61:090121D000000000060,00NTRF000045542519//180007
PAGO
:61:090121D000000040000,00NTRF000045359295//180007
PAGO
:61:090121D000000000350,00NTRF000032245260//180007
PAGO
:61:090121D000000000450,00NTRF000032011733//180007
PAGO
:61:090121D000000000400,00NTRF000031988725//180007
PAGO
:61:090121D000000000400,00NTRF000031931912//180007
PAGO
:61:090121D000000000719,66NTRF000031742190//180007
PAGO
:62M:D090121VEF000011835190,09
-}{5:{CHK:1143FB20924B}}{S:{COP:S}}${1:F21VZCRVECAAXXX5410610696}{4:{177:0404021720}{451:0}}{1:F01VZCRVECAAXXX5410610696}{2:09501717040402VZCRVECAAXXX40812675430404021720N}{3:{108:SCONNECT}}{4:
:20:MI090121
:25:1111111111
:28C:0545/306
:60M:D090121VEF000011835190,09
:61:090121D000000000250,00NTRF000031707468//180007
PAGO
:61:090121D000000000750,00NTRF000031620459//180007
PAGO
:61:090121D000000039780,00NTRF000031436538//180007
PAGO
:61:090121D000000000220,00NTRF000031219756//180007
PAGO
:61:090121D000000000200,00NTRF000019407440//180007
PAGO
:61:090121D000000001350,00NTRF000019137135//180007
PAGO
:61:090121D000000000200,00NTRF000019027303//180007
PAGO
:61:090121D000000025000,00NTRF000018955513//180007
PAGO
:61:090121D000000005400,00NTRF000018762913//180007
PAGO
:62M:D090121VEF000011908340,09
-}{5:{CHK:1143FB20924B}}{S:{COP:S}}${1:F21VZCRVECAAXXX5410610696}{4:{177:0404021720}{451:0}}{1:F01VZCRVECAAXXX5410610696}{2:09501717040402VZCRVECAAXXX40812675430404021720N}{3:{108:SCONNECT}}{4:
:20:MI090121
:25:1111111111
:28C:0545/307
:60M:D090121VEF000011908340,09
:61:090121D000000000200,00NTRF000018707638//180007
PAGO
:61:090121D000000003000,00NTRF000018694295//180007
PAGO
:61:090121D000000001100,00NTRF000018654763//180007
PAGO
:61:090121D000000000600,00NTRF000018214840//180007
PAGO
:61:090121D000000000250,00NTRF000004562500//180007
PAGO
:61:090121D000000000189,00NTRF000004520128//180007
PAGO
:61:090121D000000001000,00NTRF000004515488//180007
PAGO
:61:090121D000000000700,00NTRF000004429617//180007
PAGO
:61:090121D000000000100,00NTRF000004403498//180007
PAGO
:62M:D090121VEF000011915479,09
-}{5:{CHK:1143FB20924B}}{S:{COP:S}}${1:F21VZCRVECAAXXX5410610696}{4:{177:0404021720}{451:0}}{1:F01VZCRVECAAXXX5410610696}{2:09501717040402VZCRVECAAXXX40812675430404021720N}{3:{108:SCONNECT}}{4:
:20:MI090121
:25:1111111111
:28C:0545/308
:60M:D090121VEF000011915479,09
:61:090121D000000000381,50NTRF000004391145//180007
PAGO
:61:090121D000000000120,00NTRF000004388903//180007
PAGO
:61:090121D000000000500,00NTRF000003822493//180007
PAGO
:61:090121D000000001000,00NTRF000003723174//180007
PAGO
:61:090121D000000000200,00NTRF000088079146//180007
PAGO
:61:090121D000000000788,18NTRF000088031910//180007
PAGO
:61:090121D000000000110,00NTRF000088019790//180007
PAGO
:61:090121D000000001623,18NTRF000087581371//180007
PAGO
:61:090121D000000000860,00NTRF000087447164//180007
PAGO
:62M:D090121VEF000011921061,95
-}{5:{CHK:1143FB20924B}}{S:{COP:S}}${1:F21VZCRVECAAXXX5410610696}{4:{177:0404021720}{451:0}}{1:F01VZCRVECAAXXX5410610696}{2:09501717040402VZCRVECAAXXX40812675430404021720N}{3:{108:SCONNECT}}{4:
:20:MI090121
:25:1111111111
:28C:0545/309
:60M:D090121VEF000011921061,95
:61:090121D000000003500,00NTRF000087445902//180007
PAGO
:61:090121D000000000033,00NTRF000087371434//180007
PAGO
:61:090121D000000000300,00NTRF000087288870//180007
PAGO
:61:090121D000000000070,00NTRF000087050281//180007
PAGO
:61:090121D000000001500,00NTRF000067935041//180007
PAGO
:61:090121D000000000420,00NTRF000067928387//180007
PAGO
:61:090121D000000000100,00NTRF000067837256//180007
PAGO
:61:090121D000000006605,60NTRF000067773876//180007
PAGO
:61:090121D000000000040,00NTRF000067761571//180007
PAGO
:62M:D090121VEF000011933630,55
-}{5:{CHK:1143FB20924B}}{S:{COP:S}}${1:F21VZCRVECAAXXX5410610696}{4:{177:0404021720}{451:0}}{1:F01VZCRVECAAXXX5410610696}{2:09501717040402VZCRVECAAXXX40812675430404021720N}{3:{108:SCONNECT}}{4:
:20:MI090121
:25:1111111111
:28C:0545/310
:60M:D090121VEF000011933630,55
:61:090121D000000000040,00NTRF000067699571//180007
PAGO
:61:090121D000000000300,00NTRF000067497300//180007
PAGO
:61:090121D000000000150,00NTRF000067491612//180007
PAGO
:61:090121D000000000150,00NTRF000067136621//180007
PAGO
:61:090121D000000000035,00NTRF000050544054//180007
PAGO
:61:090121D000000000500,00NTRF000050532505//180007
PAGO
:61:090121D000000000500,00NTRF000050464505//180007
PAGO
:61:090121D000000000500,00NTRF000050442650//180007
PAGO
:61:090121D000000000500,00NTRF000050390505//180007
PAGO
:62M:D090121VEF000011936305,55
-}{5:{CHK:1143FB20924B}}{S:{COP:S}}${1:F21VZCRVECAAXXX5410610696}{4:{177:0404021720}{451:0}}{1:F01VZCRVECAAXXX5410610696}{2:09501717040402VZCRVECAAXXX40812675430404021720N}{3:{108:SCONNECT}}{4:
:20:MI090121
:25:1111111111
:28C:0545/311
:60M:D090121VEF000011936305,55
:61:090121D000000000150,00NTRF000050308276//180007
PAGO
:61:090121D000000001000,00NTRF000050268088//180007
PAGO
:61:090121D000000000500,00NTRF000050086900//180007
PAGO
:61:090121D000000000270,00NTRF000049986818//180007
PAGO
:61:090121D000000001645,25NTRF000032664282//180007
PAGO
:61:090121D000000000365,00NTRF000032442636//180007
PAGO
:61:090121D000000000400,00NTRF000032403993//180007
PAGO
:61:090121D000000000200,00NTRF000032358212//180007
PAGO
:61:090121D000000000171,00NTRF000032087429//180007
PAGO
:62M:D090121VEF000011941006,80
-}{5:{CHK:1143FB20924B}}{S:{COP:S}}${1:F21VZCRVECAAXXX5410610696}{4:{177:0404021720}{451:0}}{1:F01VZCRVECAAXXX5410610696}{2:09501717040402VZCRVECAAXXX40812675430404021720N}{3:{108:SCONNECT}}{4:
:20:MI090121
:25:1111111111
:28C:0545/312
:60M:D090121VEF000011941006,80
:61:090121D000000000368,66NTRF000032042492//180007
PAGO
:61:090121D000000000250,00NTRF000031845898//180007
PAGO
:61:090121D000000000080,00NTRF000031720571//180007
PAGO
:61:090121D000000000380,00NTRF000031705393//180007
PAGO
:61:090121D000000002000,00NTRF000014674047//180007
PAGO
:61:090121D000000000888,00NTRF000014625422//180007
PAGO
:61:090121D000000000350,00NTRF000014433014//180007
PAGO
:61:090121D000000000300,00NTRF000014280500//180007
PAGO
:61:090121D000000000300,00NTRF000014233500//180007
PAGO
:62M:D090121VEF000011945923,46
-}{5:{CHK:1143FB20924B}}{S:{COP:S}}${1:F21VZCRVECAAXXX5410610696}{4:{177:0404021720}{451:0}}{1:F01VZCRVECAAXXX5410610696}{2:09501717040402VZCRVECAAXXX40812675430404021720N}{3:{108:SCONNECT}}{4:
:20:MI090121
:25:1111111111
:28C:0545/313
:60M:D090121VEF000011945923,46
:61:090121D000000000100,00NTRF000014086524//180007
PAGO
:61:090121D000000000291,00NTRF000014056310//180007
PAGO
:61:090121D000000001000,00NTRF000013992494//180007
PAGO
:61:090121D000000002000,00NTRF000013987047//180007
PAGO
:61:090121D000000000094,50NTRF000009010005//180007
PAGO
:61:090121D000000000004,60NTRF000009010004//180007
PAGO
:61:090121D000000017868,35NTRF000000698828//180007
PAGO
:61:090121D000000000262,00NTRF000000698824//180007
PAGO
:61:090121D000000000156,50NTRF000000698823//180007
PAGO
:62M:D090121VEF000011967700,41
-}{5:{CHK:1143FB20924B}}{S:{COP:S}}${1:F21VZCRVECAAXXX5410610696}{4:{177:0404021720}{451:0}}{1:F01VZCRVECAAXXX5410610696}{2:09501717040402VZCRVECAAXXX40812675430404021720N}{3:{108:SCONNECT}}{4:
:20:MI090121
:25:1111111111
:28C:0545/314
:60M:D090121VEF000011967700,41
:61:090121D000000000100,00NTRF000000698821//180007
PAGO
:61:090121D000000001981,65NTRF000000698820//180007
PAGO
:61:090121D000000000335,00NTRF000000698819//180007
PAGO
:61:090121D000000002004,18NTRF000000698818//180007
PAGO
:61:090121D000000000537,18NTRF000000698673//180007
PAGO
:61:090121D000000001053,13NTRF000000698672//180007
PAGO
:61:090121D000000000234,00NTRF000000698671//180007
PAGO
:61:090121D000000000050,00NTRF000000698670//180007
PAGO
:61:090121D000000000384,10NTRF000000698669//180007
PAGO
:62M:D090121VEF000011974379,65
-}{5:{CHK:1143FB20924B}}{S:{COP:S}}${1:F21VZCRVECAAXXX5410610696}{4:{177:0404021720}{451:0}}{1:F01VZCRVECAAXXX5410610696}{2:09501717040402VZCRVECAAXXX40812675430404021720N}{3:{108:SCONNECT}}{4:
:20:MI090121
:25:1111111111
:28C:0545/315
:60M:D090121VEF000011974379,65
:61:090121D000000001041,30NTRF000000698668//180007
PAGO
:61:090121D000000005762,21NTRF000000698658//180007
PAGO
:61:090121D000000002146,68NTRF000000698657//180007
PAGO
:61:090121D000000002150,44NTRF000000698656//180007
PAGO
:61:090121D000000033991,17NTRF000000891311//180007
PAGO
:61:090121D000000005743,20NTRF000000890937//180007
PAGO
:61:090121D000000255159,89NTRF000000890802//180007
PAGO
:61:090121D000000228503,33NTRF000000016090//180007
PAGO
:61:090121D000000107778,75NTRF000000016085//180007
PAGO
:62M:D090121VEF000012616656,62
-}{5:{CHK:1143FB20924B}}{S:{COP:S}}${1:F21VZCRVECAAXXX5410610696}{4:{177:0404021720}{451:0}}{1:F01VZCRVECAAXXX5410610696}{2:09501717040402VZCRVECAAXXX40812675430404021720N}{3:{108:SCONNECT}}{4:
:20:MI090121
:25:1111111111
:28C:0545/316
:60M:D090121VEF000012616656,62
:61:090121D000000277395,77NTRF000000016071//180007
PAGO
:61:090121D000000000431,00NTRF000000057127//180007
PAGO
:61:090121D000000000405,00NTRF000000057125//180007
PAGO
:61:090121D000000000405,00NTRF000000057123//180007
PAGO
:61:090121D000000000534,60NTRF000098113151//180007
PAGO
:61:090121D000000001860,00NTRF000098102718//180007
PAGO
:61:090121D000000000300,00NTRF000097970655//180007
PAGO
:61:090121D000000001600,00NTRF000097740976//180007
PAGO
:61:090121D000000004000,00NTRF000097643785//180007
PAGO
:62M:D090121VEF000012903587,99
-}{5:{CHK:1143FB20924B}}{S:{COP:S}}${1:F21VZCRVECAAXXX5410610696}{4:{177:0404021720}{451:0}}{1:F01VZCRVECAAXXX5410610696}{2:09501717040402VZCRVECAAXXX40812675430404021720N}{3:{108:SCONNECT}}{4:
:20:MI090121
:25:1111111111
:28C:0545/317
:60M:D090121VEF000012903587,99
:61:090121D000000001073,88NTRF000097614701//180007
PAGO
:61:090121D000000002100,00NTRF000097421609//180007
PAGO
:61:090121D000000000715,00NTRF000097418886//180007
PAGO
:61:090121D000000000200,00NTRF000097253882//180007
PAGO
:61:090121D000000000344,78NTRF000075216747//180007
PAGO
:61:090121D000000000200,00NTRF000075048854//180007
PAGO
:61:090121D000000000150,00NTRF000074848695//180007
PAGO
:61:090121D000000003500,00NTRF000074769167//180007
PAGO
:61:090121D000000001600,00NTRF000074751635//180007
PAGO
:62M:D090121VEF000012913471,65
-}{5:{CHK:1143FB20924B}}{S:{COP:S}}${1:F21VZCRVECAAXXX5410610696}{4:{177:0404021720}{451:0}}{1:F01VZCRVECAAXXX5410610696}{2:09501717040402VZCRVECAAXXX40812675430404021720N}{3:{108:SCONNECT}}{4:
:20:MI090121
:25:1111111111
:28C:0545/318
:60M:D090121VEF000012913471,65
:61:090121D000000000160,00NTRF000074695834//180007
PAGO
:61:090121D000000000500,00NTRF000074685280//180007
PAGO
:61:090121D000000005500,00NTRF000074451412//180007
PAGO
:61:090121D000000003000,00NTRF000074257653//180007
PAGO
:61:090121D000000001750,00NTRF000059836049//180007
PAGO
:61:090121D000000000500,00NTRF000059613620//180007
PAGO
:61:090121D000000000500,00NTRF000059584370//180007
PAGO
:61:090121D000000004000,00NTRF000059582767//180007
PAGO
:61:090121D000000006000,00NTRF000059539443//180007
PAGO
:62M:D090121VEF000012935381,65
-}{5:{CHK:1143FB20924B}}{S:{COP:S}}${1:F21VZCRVECAAXXX5410610696}{4:{177:0404021720}{451:0}}{1:F01VZCRVECAAXXX5410610696}{2:09501717040402VZCRVECAAXXX40812675430404021720N}{3:{108:SCONNECT}}{4:
:20:MI090121
:25:1111111111
:28C:0545/319
:60M:D090121VEF000012935381,65
:61:090121D000000001700,00NTRF000059463030//180007
PAGO
:61:090121D000000000322,00NTRF000059354623//180007
PAGO
:61:090121D000000001642,00NTRF000059339930//180007
PAGO
:61:090121D000000011000,00NTRF000059254845//180007
PAGO
:61:090121D000000000320,00NTRF000045228522//180007
PAGO
:61:090121D000000009360,00NTRF000045137750//180007
PAGO
:61:090121D000000000080,00NTRF000044842301//180007
PAGO
:61:090121D000000004000,00NTRF000044644515//180007
PAGO
:61:090121D000000016077,50NTRF000044558794//180007
PAGO
:62M:D090121VEF000012979883,15
-}{5:{CHK:1143FB20924B}}{S:{COP:S}}${1:F21VZCRVECAAXXX5410610696}{4:{177:0404021720}{451:0}}{1:F01VZCRVECAAXXX5410610696}{2:09501717040402VZCRVECAAXXX40812675430404021720N}{3:{108:SCONNECT}}{4:
:20:MI090121
:25:1111111111
:28C:0545/320
:60M:D090121VEF000012979883,15
:61:090121D000000000811,00NTRF000044347810//180007
PAGO
:61:090121D000000001500,00NTRF000043907698//180007
PAGO
:61:090121D000000008000,00NTRF000043876233//180007
PAGO
:61:090121D000000000500,00NTRF000043815439//180007
PAGO
:61:090121D000000001295,22NTRF000031197373//180007
PAGO
:61:090121D000000000370,00NTRF000031114638//180007
PAGO
:61:090121D000000000600,00NTRF000031011326//180007
PAGO
:61:090121D000000001100,00NTRF000030895407//180007
PAGO
:61:090121D000000005000,00NTRF000030867080//180007
PAGO
:62M:D090121VEF000012999059,37
-}{5:{CHK:1143FB20924B}}{S:{COP:S}}${1:F21VZCRVECAAXXX5410610696}{4:{177:0404021720}{451:0}}{1:F01VZCRVECAAXXX5410610696}{2:09501717040402VZCRVECAAXXX40812675430404021720N}{3:{108:SCONNECT}}{4:
:20:MI090121
:25:1111111111
:28C:0545/321
:60M:D090121VEF000012999059,37
:61:090121D000000000800,00NTRF000030826064//180007
PAGO
:61:090121D000000000280,00NTRF000030468319//180007
PAGO
:61:090121D000000001748,00NTRF000030464462//180007
PAGO
:61:090121D000000000600,00NTRF000030348565//180007
PAGO
:61:090121D000000001010,00NTRF000018145216//180007
PAGO
:61:090121D000000000700,00NTRF000018043052//180007
PAGO
:61:090121D000000000400,00NTRF000018026595//180007
PAGO
:61:090121D000000000300,00NTRF000018012090//180007
PAGO
:61:090121D000000000150,00NTRF000017992081//180007
PAGO
:62M:D090121VEF000013005047,37
-}{5:{CHK:1143FB20924B}}{S:{COP:S}}${1:F21VZCRVECAAXXX5410610696}{4:{177:0404021720}{451:0}}{1:F01VZCRVECAAXXX5410610696}{2:09501717040402VZCRVECAAXXX40812675430404021720N}{3:{108:SCONNECT}}{4:
:20:MI090121
:25:1111111111
:28C:0545/322
:60M:D090121VEF000013005047,37
:61:090121D000000000400,00NTRF000017846700//180007
PAGO
:61:090121D000000001000,00NTRF000017833635//180007
PAGO
:61:090121D000000000500,00NTRF000017788924//180007
PAGO
:61:090121D000000010000,00NTRF000017715402//180007
PAGO
:61:090121D000000000145,00NTRF000003717355//180007
PAGO
:61:090121D000000000079,26NTRF000003651843//180007
PAGO
:61:090121D000000003500,00NTRF000003424284//180007
PAGO
:61:090121D000000000674,43NTRF000003314664//180007
PAGO
:61:090121D000000000500,00NTRF000003180338//180007
PAGO
:62M:D090121VEF000013021846,06
-}{5:{CHK:1143FB20924B}}{S:{COP:S}}${1:F21VZCRVECAAXXX5410610696}{4:{177:0404021720}{451:0}}{1:F01VZCRVECAAXXX5410610696}{2:09501717040402VZCRVECAAXXX40812675430404021720N}{3:{108:SCONNECT}}{4:
:20:MI090121
:25:1111111111
:28C:0545/323
:60M:D090121VEF000013021846,06
:61:090121D000000000400,00NTRF000003150476//180007
PAGO
:61:090121D000000001000,00NTRF000002874008//180007
PAGO
:61:090121D000000000500,00NTRF000002867702//180007
PAGO
:61:090121D000000001925,00NTRF000002827979//180007
PAGO
:61:090121D000000000448,00NTRF000086985972//180007
PAGO
:61:090121D000000001000,00NTRF000086400551//180007
PAGO
:61:090121D000000000193,00NTRF000086347594//180007
PAGO
:61:090121D000000000400,00NTRF000086106579//180007
PAGO
:61:090121D000000000062,32NTRF000086017148//180007
PAGO
:62M:D090121VEF000013027774,38
-}{5:{CHK:1143FB20924B}}{S:{COP:S}}${1:F21VZCRVECAAXXX5410610696}{4:{177:0404021720}{451:0}}{1:F01VZCRVECAAXXX5410610696}{2:09501717040402VZCRVECAAXXX40812675430404021720N}{3:{108:SCONNECT}}{4:
:20:MI090121
:25:1111111111
:28C:0545/324
:60M:D090121VEF000013027774,38
:61:090121D000000000160,00NTRF000085817444//180007
PAGO
:61:090121D000000000590,00NTRF000085803274//180007
PAGO
:61:090121D000000001344,00NTRF000085661261//180007
PAGO
:61:090121D000000002500,00NTRF000085643691//180007
PAGO
:61:090121D000000000500,00NTRF000066962917//180007
PAGO
:61:090121D000000000500,00NTRF000066923917//180007
PAGO
:61:090121D000000000500,00NTRF000066650930//180007
PAGO
:61:090121D000000000500,00NTRF000066615930//180007
PAGO
:61:090121D000000002800,00NTRF000066534351//180007
PAGO
:62M:D090121VEF000013037168,38
-}{5:{CHK:1143FB20924B}}{S:{COP:S}}${1:F21VZCRVECAAXXX5410610696}{4:{177:0404021720}{451:0}}{1:F01VZCRVECAAXXX5410610696}{2:09501717040402VZCRVECAAXXX40812675430404021720N}{3:{108:SCONNECT}}{4:
:20:MI090121
:25:1111111111
:28C:0545/325
:60M:D090121VEF000013037168,38
:61:090121D000000000056,00NTRF000066520477//180007
PAGO
:61:090121D000000000150,00NTRF000066393820//180007
PAGO
:61:090121D000000000889,00NTRF000066278899//180007
PAGO
:61:090121D000000000500,00NTRF000066220586//180007
PAGO
:61:090121D000000000200,00NTRF000049882854//180007
PAGO
:61:090121D000000000150,00NTRF000049721389//180007
PAGO
:61:090121D000000000150,00NTRF000049698389//180007
PAGO
:61:090121D000000000220,34NTRF000049677646//180007
PAGO
:61:090121D000000000153,53NTRF000049585282//180007
PAGO
:62M:D090121VEF000013039637,25
-}{5:{CHK:1143FB20924B}}{S:{COP:S}}${1:F21VZCRVECAAXXX5410610696}{4:{177:0404021720}{451:0}}{1:F01VZCRVECAAXXX5410610696}{2:09501717040402VZCRVECAAXXX40812675430404021720N}{3:{108:SCONNECT}}{4:
:20:MI090121
:25:1111111111
:28C:0545/326
:60M:D090121VEF000013039637,25
:61:090121D000000000200,00NTRF000049583610//180007
PAGO
:61:090121D000000000056,76NTRF000049459917//180007
PAGO
:61:090121D000000000255,00NTRF000049294193//180007
PAGO
:61:090121D000000000500,00NTRF000049258359//180007
PAGO
:61:090121D000000000140,00NTRF000031704427//180007
PAGO
:61:090121D000000000750,00NTRF000031659105//180007
PAGO
:61:090121D000000000074,00NTRF000031657605//180007
PAGO
:61:090121D000000000100,00NTRF000031642309//180007
PAGO
:61:090121D000000000067,00NTRF000031547270//180007
PAGO
:62M:D090121VEF000013041780,01
-}{5:{CHK:1143FB20924B}}{S:{COP:S}}${1:F21VZCRVECAAXXX5410610696}{4:{177:0404021720}{451:0}}{1:F01VZCRVECAAXXX5410610696}{2:09501717040402VZCRVECAAXXX40812675430404021720N}{3:{108:SCONNECT}}{4:
:20:MI090121
:25:1111111111
:28C:0545/327
:60M:D090121VEF000013041780,01
:61:090121D000000000100,00NTRF000031542309//180007
PAGO
:61:090121D000000000100,00NTRF000031498309//180007
PAGO
:61:090121D000000001643,78NTRF000030484161//180007
PAGO
:61:090121D000000000164,00NTRF000030440559//180007
PAGO
:61:090121D000000000250,00NTRF000013900302//180007
PAGO
:61:090121D000000005200,00NTRF000013856149//180007
PAGO
:61:090121D000000000250,00NTRF000013778048//180007
PAGO
:61:090121D000000002000,00NTRF000013713671//180007
PAGO
:61:090121D000000000470,00NTRF000013492554//180007
PAGO
:62M:D090121VEF000013051957,79
-}{5:{CHK:1143FB20924B}}{S:{COP:S}}${1:F21VZCRVECAAXXX5410610696}{4:{177:0404021720}{451:0}}{1:F01VZCRVECAAXXX5410610696}{2:09501717040402VZCRVECAAXXX40812675430404021720N}{3:{108:SCONNECT}}{4:
:20:MI090121
:25:1111111111
:28C:0545/328
:60M:D090121VEF000013051957,79
:61:090121D000000000200,00NTRF000013491280//180007
PAGO
:61:090121D000000000010,00NTRF000013447695//180007
PAGO
:61:090121D000000000200,00NTRF000013349267//180007
PAGO
:61:090121D000000001000,00NTRF000013345780//180007
PAGO
:61:090121D000000000540,00NTRF000000698817//180007
PAGO
:61:090121D000000000067,70NTRF000000698816//180007
PAGO
:61:090121D000000000277,11NTRF000000698815//180007
PAGO
:61:090121D000000000139,42NTRF000000698814//180007
PAGO
:61:090121D000000000485,55NTRF000000698813//180007
PAGO
:62M:D090121VEF000013054877,57
-}{5:{CHK:1143FB20924B}}{S:{COP:S}}${1:F21VZCRVECAAXXX5410610696}{4:{177:0404021720}{451:0}}{1:F01VZCRVECAAXXX5410610696}{2:09501717040402VZCRVECAAXXX40812675430404021720N}{3:{108:SCONNECT}}{4:
:20:MI090121
:25:1111111111
:28C:0545/329
:60M:D090121VEF000013054877,57
:61:090121D000000000269,20NTRF000000698812//180007
PAGO
:61:090121D000000001142,00NTRF000000698811//180007
PAGO
:61:090121D000000000132,35NTRF000000698810//180007
PAGO
:61:090121D000000000127,38NTRF000000698809//180007
PAGO
:61:090121D000000003089,92NTRF000000698654//180007
PAGO
:61:090121D000000000313,18NTRF000000698653//180007
PAGO
:61:090121D000000004941,77NTRF000000698652//180007
PAGO
:61:090121D000000008707,12NTRF000000698651//180007
PAGO
:61:090121D000000001812,80NTRF000000698650//180007
PAGO
:62M:D090121VEF000013075413,29
-}{5:{CHK:1143FB20924B}}{S:{COP:S}}${1:F21VZCRVECAAXXX5410610696}{4:{177:0404021720}{451:0}}{1:F01VZCRVECAAXXX5410610696}{2:09501717040402VZCRVECAAXXX40812675430404021720N}{3:{108:SCONNECT}}{4:
:20:MI090121
:25:1111111111
:28C:0545/330
:60M:D090121VEF000013075413,29
:61:090121D000000026739,70NTRF000000698649//180007
PAGO
:61:090121D000000001679,51NTRF000000698647//180007
PAGO
:61:090121D000000002155,26NTRF000000698646//180007
PAGO
:61:090121D000000000070,36NTRF000000698645//180007
PAGO
:61:090121D000000000405,00NTRF000000057121//180007
PAGO
:61:090121D000000000405,00NTRF000000057119//180007
PAGO
:61:090121D000000200000,00NTRF000000057111//180007
PAGO
:61:090121D000000009500,00NTRF000000057107//180007
PAGO
:61:090121D000000027000,00NTRF000000057105//180007
PAGO
:62M:D090121VEF000013343368,12
-}{5:{CHK:1143FB20924B}}{S:{COP:S}}${1:F21VZCRVECAAXXX5410610696}{4:{177:0404021720}{451:0}}{1:F01VZCRVECAAXXX5410610696}{2:09501717040402VZCRVECAAXXX40812675430404021720N}{3:{108:SCONNECT}}{4:
:20:MI090121
:25:1111111111
:28C:0545/331
:60M:D090121VEF000013343368,12
:61:090121D000000250000,00NTRF000000057103//180007
PAGO
:61:090121D000000014867,56NTRF000000000004//180007
PAGO
:61:090121D000000014376,75NTRF000000000003//180007
PAGO
:61:090121D000000004350,00NTRF000099823915//180007
PAGO
:61:090121D000000000120,00NTRF000099797105//180007
PAGO
:61:090121D000000000857,85NTRF000099751930//180007
PAGO
:61:090121D000000003000,00NTRF000099712231//180007
PAGO
:61:090121D000000000400,00NTRF000099134662//180007
PAGO
:61:090121D000000002000,00NTRF000099131241//180007
PAGO
:62M:D090121VEF000013633340,28
-}{5:{CHK:1143FB20924B}}{S:{COP:S}}${1:F21VZCRVECAAXXX5410610696}{4:{177:0404021720}{451:0}}{1:F01VZCRVECAAXXX5410610696}{2:09501717040402VZCRVECAAXXX40812675430404021720N}{3:{108:SCONNECT}}{4:
:20:MI090121
:25:1111111111
:28C:0545/332
:60M:D090121VEF000013633340,28
:61:090121D000000001200,00NTRF000099116560//180007
PAGO
:61:090121D000000047765,53NTRF000074003313//180007
PAGO
:61:090121D000000006900,00NTRF000073865151//180007
PAGO
:61:090121D000000010000,00NTRF000073773428//180007
PAGO
:61:090121D000000000559,29NTRF000073744664//180007
PAGO
:61:090121D000000001600,00NTRF000073613703//180007
PAGO
:61:090121D000000005000,00NTRF000073513216//180007
PAGO
:61:090121D000000000150,00NTRF000073489380//180007
PAGO
:61:090121D000000000700,00NTRF000073488522//180007
PAGO
:62M:D090121VEF000013707215,10
-}{5:{CHK:1143FB20924B}}{S:{COP:S}}${1:F21VZCRVECAAXXX5410610696}{4:{177:0404021720}{451:0}}{1:F01VZCRVECAAXXX5410610696}{2:09501717040402VZCRVECAAXXX40812675430404021720N}{3:{108:SCONNECT}}{4:
:20:MI090121
:25:1111111111
:28C:0545/333
:60M:D090121VEF000013707215,10
:61:090121D000000000400,00NTRF000073234164//180007
PAGO
:61:090121D000000002300,00NTRF000059228392//180007
PAGO
:61:090121D000000015000,00NTRF000059211223//180007
PAGO
:61:090121D000000004020,00NTRF000059160575//180007
PAGO
:61:090121D000000000100,00NTRF000059125399//180007
PAGO
:61:090121D000000000115,00NTRF000059002371//180007
PAGO
:61:090121D000000000030,00NTRF000058974038//180007
PAGO
:61:090121D000000001760,00NTRF000058872695//180007
PAGO
:61:090121D000000000500,00NTRF000058805480//180007
PAGO
:62M:D090121VEF000013731440,10
-}{5:{CHK:1143FB20924B}}{S:{COP:S}}${1:F21VZCRVECAAXXX5410610696}{4:{177:0404021720}{451:0}}{1:F01VZCRVECAAXXX5410610696}{2:09501717040402VZCRVECAAXXX40812675430404021720N}{3:{108:SCONNECT}}{4:
:20:MI090121
:25:1111111111
:28C:0545/334
:60M:D090121VEF000013731440,10
:61:090121D000000000010,00NTRF000058674133//180007
PAGO
:61:090121D000000000732,75NTRF000043796900//180007
PAGO
:61:090121D000000001620,00NTRF000043776209//180007
PAGO
:61:090121D000000000250,00NTRF000043744391//180007
PAGO
:61:090121D000000000800,00NTRF000043632717//180007
PAGO
:61:090121D000000001700,00NTRF000043522629//180007
PAGO
:61:090121D000000000180,00NTRF000043397783//180007
PAGO
:61:090121D000000003000,00NTRF000043389014//180007
PAGO
:61:090121D000000002000,00NTRF000043272746//180007
PAGO
:62M:D090121VEF000013741732,85
-}{5:{CHK:1143FB20924B}}{S:{COP:S}}${1:F21VZCRVECAAXXX5410610696}{4:{177:0404021720}{451:0}}{1:F01VZCRVECAAXXX5410610696}{2:09501717040402VZCRVECAAXXX40812675430404021720N}{3:{108:SCONNECT}}{4:
:20:MI090121
:25:1111111111
:28C:0545/335
:60M:D090121VEF000013741732,85
:61:090121D000000000938,00NTRF000043197835//180007
PAGO
:61:090121D000000000420,00NTRF000030166540//180007
PAGO
:61:090121D000000000365,00NTRF000029964772//180007
PAGO
:61:090121D000000000500,00NTRF000029796814//180007
PAGO
:61:090121D000000000300,00NTRF000029767969//180007
PAGO
:61:090121D000000006720,34NTRF000029538238//180007
PAGO
:61:090121D000000001500,00NTRF000029407702//180007
PAGO
:61:090121D000000016500,00NTRF000029405738//180007
PAGO
:61:090121D000000007000,00NTRF000029225747//180007
PAGO
:62M:D090121VEF000013775976,19
-}{5:{CHK:1143FB20924B}}{S:{COP:S}}${1:F21VZCRVECAAXXX5410610696}{4:{177:0404021720}{451:0}}{1:F01VZCRVECAAXXX5410610696}{2:09501717040402VZCRVECAAXXX40812675430404021720N}{3:{108:SCONNECT}}{4:
:20:MI090121
:25:1111111111
:28C:0545/336
:60M:D090121VEF000013775976,19
:61:090121D000000000713,07NTRF000029026379//180007
PAGO
:61:090121D000000000800,00NTRF000017601039//180007
PAGO
:61:090121D000000000250,00NTRF000017489764//180007
PAGO
:61:090121D000000000935,39NTRF000017357333//180007
PAGO
:61:090121D000000000250,00NTRF000017236923//180007
PAGO
:61:090121D000000000400,00NTRF000016867602//180007
PAGO
:61:090121D000000005000,00NTRF000016861131//180007
PAGO
:61:090121D000000000303,71NTRF000016808491//180007
PAGO
:61:090121D000000000500,00NTRF000016799812//180007
PAGO
:62M:D090121VEF000013785128,36
-}{5:{CHK:1143FB20924B}}{S:{COP:S}}${1:F21VZCRVECAAXXX5410610696}{4:{177:0404021720}{451:0}}{1:F01VZCRVECAAXXX5410610696}{2:09501717040402VZCRVECAAXXX40812675430404021720N}{3:{108:SCONNECT}}{4:
:20:MI090121
:25:1111111111
:28C:0545/337
:60M:D090121VEF000013785128,36
:61:090121D000000000810,00NTRF000016754441//180007
PAGO
:61:090121D000000000172,00NTRF000002785889//180007
PAGO
:61:090121D000000004764,49NTRF000002727932//180007
PAGO
:61:090121D000000002000,00NTRF000002521978//180007
PAGO
:61:090121D000000000400,00NTRF000002363467//180007
PAGO
:61:090121D000000000800,00NTRF000002362913//180007
PAGO
:61:090121D000000000150,00NTRF000002347783//180007
PAGO
:61:090121D000000001000,00NTRF000002337081//180007
PAGO
:61:090121D000000001500,00NTRF000002270709//180007
PAGO
:62M:D090121VEF000013796724,85
-}{5:{CHK:1143FB20924B}}{S:{COP:S}}${1:F21VZCRVECAAXXX5410610696}{4:{177:0404021720}{451:0}}{1:F01VZCRVECAAXXX5410610696}{2:09501717040402VZCRVECAAXXX40812675430404021720N}{3:{108:SCONNECT}}{4:
:20:MI090121
:25:1111111111
:28C:0545/338
:60M:D090121VEF000013796724,85
:61:090121D000000002500,00NTRF000085505691//180007
PAGO
:61:090121D000000000425,00NTRF000085482669//180007
PAGO
:61:090121D000000000200,00NTRF000085396334//180007
PAGO
:61:090121D000000000719,66NTRF000085327911//180007
PAGO
:61:090121D000000000100,00NTRF000085071724//180007
PAGO
:61:090121D000000000190,00NTRF000084533265//180007
PAGO
:61:090121D000000000100,00NTRF000084473724//180007
PAGO
:61:090121D000000000150,00NTRF000084460171//180007
PAGO
:61:090121D000000001900,00NTRF000084346785//180007
PAGO
:62M:D090121VEF000013803009,51
-}{5:{CHK:1143FB20924B}}{S:{COP:S}}${1:F21VZCRVECAAXXX5410610696}{4:{177:0404021720}{451:0}}{1:F01VZCRVECAAXXX5410610696}{2:09501717040402VZCRVECAAXXX40812675430404021720N}{3:{108:SCONNECT}}{4:
:20:MI090121
:25:1111111111
:28C:0545/339
:60M:D090121VEF000013803009,51
:61:090121D000000001500,00NTRF000066062669//180007
PAGO
:61:090121D000000000537,00NTRF000066038361//180007
PAGO
:61:090121D000000000110,00NTRF000065976553//180007
PAGO
:61:090121D000000000300,00NTRF000065899305//180007
PAGO
:61:090121D000000000230,00NTRF000065727034//180007
PAGO
:61:090121D000000000266,71NTRF000065604977//180007
PAGO
:61:090121D000000000525,52NTRF000065545098//180007
PAGO
:61:090121D000000000500,00NTRF000065478537//180007
PAGO
:61:090121D000000000250,00NTRF000065398978//180007
PAGO
:62M:D090121VEF000013807228,74
-}{5:{CHK:1143FB20924B}}{S:{COP:S}}${1:F21VZCRVECAAXXX5410610696}{4:{177:0404021720}{451:0}}{1:F01VZCRVECAAXXX5410610696}{2:09501717040402VZCRVECAAXXX40812675430404021720N}{3:{108:SCONNECT}}{4:
:20:MI090121
:25:1111111111
:28C:0545/340
:60M:D090121VEF000013807228,74
:61:090121D000000000115,00NTRF000049247862//180007
PAGO
:61:090121D000000000500,00NTRF000049240359//180007
PAGO
:61:090121D000000000150,00NTRF000048893459//180007
PAGO
:61:090121D000000000245,00NTRF000048854087//180007
PAGO
:61:090121D000000000245,00NTRF000048850087//180007
PAGO
:61:090121D000000000376,35NTRF000048737981//180007
PAGO
:61:090121D000000000206,00NTRF000048538143//180007
PAGO
:61:090121D000000000025,00NTRF000048329906//180007
PAGO
:61:090121D000000000500,00NTRF000048255460//180007
PAGO
:62M:D090121VEF000013809591,09
-}{5:{CHK:1143FB20924B}}{S:{COP:S}}${1:F21VZCRVECAAXXX5410610696}{4:{177:0404021720}{451:0}}{1:F01VZCRVECAAXXX5410610696}{2:09501717040402VZCRVECAAXXX40812675430404021720N}{3:{108:SCONNECT}}{4:
:20:MI090121
:25:1111111111
:28C:0545/341
:60M:D090121VEF000013809591,09
:61:090121D000000000300,00NTRF000030282807//180007
PAGO
:61:090121D000000000303,00NTRF000030231598//180007
PAGO
:61:090121D000000000300,00NTRF000030219807//180007
PAGO
:61:090121D000000000200,00NTRF000030057660//180007
PAGO
:61:090121D000000000130,00NTRF000030032520//180007
PAGO
:61:090121D000000000550,00NTRF000030027905//180007
PAGO
:61:090121D000000000130,00NTRF000030003520//180007
PAGO
:61:090121D000000000800,00NTRF000029825150//180007
PAGO
:61:090121D000000000500,00NTRF000029781984//180007
PAGO
:62M:D090121VEF000013812804,09
-}{5:{CHK:1143FB20924B}}{S:{COP:S}}${1:F21VZCRVECAAXXX5410610696}{4:{177:0404021720}{451:0}}{1:F01VZCRVECAAXXX5410610696}{2:09501717040402VZCRVECAAXXX40812675430404021720N}{3:{108:SCONNECT}}{4:
:20:MI090121
:25:1111111111
:28C:0545/342
:60M:D090121VEF000013812804,09
:61:090121D000000003000,00NTRF000013327248//180007
PAGO
:61:090121D000000003000,00NTRF000012978368//180007
PAGO
:61:090121D000000003000,00NTRF000012495242//180007
PAGO
:61:090121D000000000200,00NTRF000012307761//180007
PAGO
:61:090121D000000000400,00NTRF000012301056//180007
PAGO
:61:090121D000000000200,00NTRF000012263761//180007
PAGO
:61:090121D000000000378,60NTRF000012186189//180007
PAGO
:61:090121D000000000800,00NTRF000011986152//180007
PAGO
:61:090121D000000000200,00NTRF000011953995//180007
PAGO
:62M:D090121VEF000013823982,69
-}{5:{CHK:1143FB20924B}}{S:{COP:S}}${1:F21VZCRVECAAXXX5410610696}{4:{177:0404021720}{451:0}}{1:F01VZCRVECAAXXX5410610696}{2:09501717040402VZCRVECAAXXX40812675430404021720N}{3:{108:SCONNECT}}{4:
:20:MI090121
:25:1111111111
:28C:0545/343
:60M:D090121VEF000013823982,69
:61:090121D000000000131,46NTRF000000698808//180007
PAGO
:61:090121D000000000042,00NTRF000000698806//180007
PAGO
:61:090121D000000000680,00NTRF000000698805//180007
PAGO
:61:090121D000000000187,60NTRF000000698804//180007
PAGO
:61:090121D000000000640,60NTRF000000698803//180007
PAGO
:61:090121D000000001500,00NTRF000000698802//180007
PAGO
:61:090121D000000000096,78NTRF000000698801//180007
PAGO
:61:090121D000000000145,00NTRF000000698800//180007
PAGO
:61:090121D000000000078,55NTRF000000698799//180007
PAGO
:62M:D090121VEF000013827484,68
-}{5:{CHK:1143FB20924B}}{S:{COP:S}}${1:F21VZCRVECAAXXX5410610696}{4:{177:0404021720}{451:0}}{1:F01VZCRVECAAXXX5410610696}{2:09501717040402VZCRVECAAXXX40812675430404021720N}{3:{108:SCONNECT}}{4:
:20:MI090121
:25:1111111111
:28C:0545/344
:60M:D090121VEF000013827484,68
:61:090121D000000000075,15NTRF000000698644//180007
PAGO
:61:090121D000000037563,46NTRF000000698641//180007
PAGO
:61:090121D000000041887,93NTRF000000698640//180007
PAGO
:61:090121D000000000270,00NTRF000000698638//180007
PAGO
:61:090121D000000004676,25NTRF000000698637//180007
PAGO
:61:090121D000000004585,34NTRF000000698636//180007
PAGO
:61:090121D000000001325,26NTRF000000698634//180007
PAGO
:61:090121D000000001224,00NTRF000003373609//180007
PAGO
:61:090121D000000000042,00NTRF000003373209//180007
PAGO
:62M:D090121VEF000013919134,07
-}{5:{CHK:1143FB20924B}}{S:{COP:S}}${1:F21VZCRVECAAXXX5410610696}{4:{177:0404021720}{451:0}}{1:F01VZCRVECAAXXX5410610696}{2:09501717040402VZCRVECAAXXX40812675430404021720N}{3:{108:SCONNECT}}{4:
:20:MI090121
:25:1111111111
:28C:0545/345
:60M:D090121VEF000013919134,07
:61:090121D000000001000,00NTRF000098964934//180007
PAGO
:61:090121D000000001050,00NTRF000098810002//180007
PAGO
:61:090121D000000000200,00NTRF000098543918//180007
PAGO
:61:090121D000000001197,00NTRF000098488956//180007
PAGO
:61:090121D000000000350,00NTRF000098439800//180007
PAGO
:61:090121D000000000300,00NTRF000098238593//180007
PAGO
:61:090121D000000000200,00NTRF000098232481//180007
PAGO
:61:090121D000000004000,00NTRF000098151676//180007
PAGO
:61:090121D000000000225,00NTRF000097233820//180007
PAGO
:62M:D090121VEF000013927656,07
-}{5:{CHK:1143FB20924B}}{S:{COP:S}}${1:F21VZCRVECAAXXX5410610696}{4:{177:0404021720}{451:0}}{1:F01VZCRVECAAXXX5410610696}{2:09501717040402VZCRVECAAXXX40812675430404021720N}{3:{108:SCONNECT}}{4:
:20:MI090121
:25:1111111111
:28C:0545/346
:60M:D090121VEF000013927656,07
:61:090121D000000000950,00NTRF000073103113//180007
PAGO
:61:090121D000000001595,10NTRF000073080654//180007
PAGO
:61:090121D000000000863,28NTRF000073059046//180007
PAGO
:61:090121D000000003255,00NTRF000073022307//180007
PAGO
:61:090121D000000001000,00NTRF000072924706//180007
PAGO
:61:090121D000000000280,00NTRF000072793997//180007
PAGO
:61:090121D000000000400,00NTRF000072724254//180007
PAGO
:61:090121D000000006531,00NTRF000072647575//180007
PAGO
:61:090121D000000000500,00NTRF000072481248//180007
PAGO
:62M:D090121VEF000013943030,45
-}{5:{CHK:1143FB20924B}}{S:{COP:S}}${1:F21VZCRVECAAXXX5410610696}{4:{177:0404021720}{451:0}}{1:F01VZCRVECAAXXX5410610696}{2:09501717040402VZCRVECAAXXX40812675430404021720N}{3:{108:SCONNECT}}{4:
:20:MI090121
:25:1111111111
:28C:0545/347
:60M:D090121VEF000013943030,45
:61:090121D000000001000,00NTRF000058487281//180007
PAGO
:61:090121D000000000608,44NTRF000058241194//180007
PAGO
:61:090121D000000000235,00NTRF000058108249//180007
PAGO
:61:090121D000000000600,00NTRF000058097064//180007
PAGO
:61:090121D000000002700,00NTRF000058029627//180007
PAGO
:61:090121D000000001000,00NTRF000057961088//180007
PAGO
:61:090121D000000000140,00NTRF000057889142//180007
PAGO
:61:090121D000000005000,00NTRF000057621583//180007
PAGO
:61:090121D000000000250,00NTRF000057600093//180007
PAGO
:62M:D090121VEF000013954563,89
-}{5:{CHK:1143FB20924B}}{S:{COP:S}}${1:F21VZCRVECAAXXX5410610696}{4:{177:0404021720}{451:0}}{1:F01VZCRVECAAXXX5410610696}{2:09501717040402VZCRVECAAXXX40812675430404021720N}{3:{108:SCONNECT}}{4:
:20:MI090121
:25:1111111111
:28C:0545/348
:60M:D090121VEF000013954563,89
:61:090121D000000000090,00NTRF000043129019//180007
PAGO
:61:090121D000000000770,00NTRF000043102495//180007
PAGO
:61:090121D000000000700,00NTRF000042964804//180007
PAGO
:61:090121D000000010000,00NTRF000042803301//180007
PAGO
:61:090121D000000002000,00NTRF000042764231//180007
PAGO
:61:090121D000000000231,00NTRF000042734356//180007
PAGO
:61:090121D000000000300,00NTRF000042686275//180007
PAGO
:61:090121D000000000250,00NTRF000042651123//180007
PAGO
:61:090121D000000000300,00NTRF000042582655//180007
PAGO
:62M:D090121VEF000013969204,89
-}{5:{CHK:1143FB20924B}}{S:{COP:S}}${1:F21VZCRVECAAXXX5410610696}{4:{177:0404021720}{451:0}}{1:F01VZCRVECAAXXX5410610696}{2:09501717040402VZCRVECAAXXX40812675430404021720N}{3:{108:SCONNECT}}{4:
:20:MI090121
:25:1111111111
:28C:0545/349
:60M:D090121VEF000013969204,89
:61:090121D000000000371,16NTRF000028978450//180007
PAGO
:61:090121D000000000022,00NTRF000028933069//180007
PAGO
:61:090121D000000000100,00NTRF000028921111//180007
PAGO
:61:090121D000000001336,50NTRF000028822603//180007
PAGO
:61:090121D000000000030,00NTRF000028815217//180007
PAGO
:61:090121D000000000050,00NTRF000028810127//180007
PAGO
:61:090121D000000235000,00NTRF000028800959//180007
PAGO
:61:090121D000000000692,23NTRF000028634035//180007
PAGO
:61:090121D000000000050,00NTRF000028628407//180007
PAGO
:62M:D090121VEF000014206856,78
-}{5:{CHK:1143FB20924B}}{S:{COP:S}}${1:F21VZCRVECAAXXX5410610696}{4:{177:0404021720}{451:0}}{1:F01VZCRVECAAXXX5410610696}{2:09501717040402VZCRVECAAXXX40812675430404021720N}{3:{108:SCONNECT}}{4:
:20:MI090121
:25:1111111111
:28C:0545/350
:60M:D090121VEF000014206856,78
:61:090121D000000000200,00NTRF000016683603//180007
PAGO
:61:090121D000000001000,00NTRF000016590123//180007
PAGO
:61:090121D000000020000,00NTRF000016570311//180007
PAGO
:61:090121D000000000420,00NTRF000016513694//180007
PAGO
:61:090121D000000003000,00NTRF000016238404//180007
PAGO
:61:090121D000000000150,00NTRF000016090621//180007
PAGO
:61:090121D000000003000,00NTRF000016031222//180007
PAGO
:61:090121D000000001900,00NTRF000015873422//180007
PAGO
:61:090121D000000001200,00NTRF000015873260//180007
PAGO
:62M:D090121VEF000014237726,78
-}{5:{CHK:1143FB20924B}}{S:{COP:S}}${1:F21VZCRVECAAXXX5410610696}{4:{177:0404021720}{451:0}}{1:F01VZCRVECAAXXX5410610696}{2:09501717040402VZCRVECAAXXX40812675430404021720N}{3:{108:SCONNECT}}{4:
:20:MI090121
:25:1111111111
:28C:0545/351
:60M:D090121VEF000014237726,78
:61:090121D000000000960,00NTRF000002192943//180007
PAGO
:61:090121D000000014547,00NTRF000002173965//180007
PAGO
:61:090121D000000000350,00NTRF000002061517//180007
PAGO
:61:090121D000000000347,00NTRF000002055910//180007
PAGO
:61:090121D000000001180,00NTRF000001999733//180007
PAGO
:61:090121D000000000988,18NTRF000001967603//180007
PAGO
:61:090121D000000000065,00NTRF000001934981//180007
PAGO
:61:090121D000000000323,00NTRF000001895119//180007
PAGO
:61:090121D000000000330,00NTRF000001822120//180007
PAGO
:62M:D090121VEF000014256816,96
-}{5:{CHK:1143FB20924B}}{S:{COP:S}}${1:F21VZCRVECAAXXX5410610696}{4:{177:0404021720}{451:0}}{1:F01VZCRVECAAXXX5410610696}{2:09501717040402VZCRVECAAXXX40812675430404021720N}{3:{108:SCONNECT}}{4:
:20:MI090121
:25:1111111111
:28C:0545/352
:60M:D090121VEF000014256816,96
:61:090121D000000000700,00NTRF000084338835//180007
PAGO
:61:090121D000000000400,00NTRF000084256511//180007
PAGO
:61:090121D000000000100,00NTRF000084041529//180007
PAGO
:61:090121D000000000400,00NTRF000084026677//180007
PAGO
:61:090121D000000000090,00NTRF000083755284//180007
PAGO
:61:090121D000000001098,11NTRF000083551160//180007
PAGO
:61:090121D000000000415,00NTRF000083541771//180007
PAGO
:61:090121D000000000300,00NTRF000083383525//180007
PAGO
:61:090121D000000000790,00NTRF000083319445//180007
PAGO
:62M:D090121VEF000014261110,07
-}{5:{CHK:1143FB20924B}}{S:{COP:S}}${1:F21VZCRVECAAXXX5410610696}{4:{177:0404021720}{451:0}}{1:F01VZCRVECAAXXX5410610696}{2:09501717040402VZCRVECAAXXX40812675430404021720N}{3:{108:SCONNECT}}{4:
:20:MI090121
:25:1111111111
:28C:0545/353
:60M:D090121VEF000014261110,07
:61:090121D000000002377,00NTRF000065298544//180007
PAGO
:61:090121D000000000200,00NTRF000065288661//180007
PAGO
:61:090121D000000001500,00NTRF000065288219//180007
PAGO
:61:090121D000000000300,00NTRF000065253332//180007
PAGO
:61:090121D000000000200,00NTRF000065242957//180007
PAGO
:61:090121D000000000300,00NTRF000065188332//180007
PAGO
:61:090121D000000000230,00NTRF000065173422//180007
PAGO
:61:090121D000000000240,00NTRF000064881383//180007
PAGO
:61:090121D000000000500,00NTRF000064634720//180007
PAGO
:62M:D090121VEF000014266957,07
-}{5:{CHK:1143FB20924B}}{S:{COP:S}}${1:F21VZCRVECAAXXX5410610696}{4:{177:0404021720}{451:0}}{1:F01VZCRVECAAXXX5410610696}{2:09501717040402VZCRVECAAXXX40812675430404021720N}{3:{108:SCONNECT}}{4:
:20:MI090121
:25:1111111111
:28C:0545/354
:60M:D090121VEF000014266957,07
:61:090121D000000000025,00NTRF000048239906//180007
PAGO
:61:090121D000000000500,00NTRF000048190460//180007
PAGO
:61:090121D000000000150,00NTRF000047925487//180007
PAGO
:61:090121D000000000200,00NTRF000047516631//180007
PAGO
:61:090121D000000000270,00NTRF000047177764//180007
PAGO
:61:090121D000000000250,00NTRF000047067332//180007
PAGO
:61:090121D000000000200,00NTRF000046932172//180007
PAGO
:61:090121D000000000100,00NTRF000046737610//180007
PAGO
:61:090121D000000000341,00NTRF000046718508//180007
PAGO
:62M:D090121VEF000014268993,07
-}{5:{CHK:1143FB20924B}}{S:{COP:S}}${1:F21VZCRVECAAXXX5410610696}{4:{177:0404021720}{451:0}}{1:F01VZCRVECAAXXX5410610696}{2:09501717040402VZCRVECAAXXX40812675430404021720N}{3:{108:SCONNECT}}{4:
:20:MI090121
:25:1111111111
:28C:0545/355
:60M:D090121VEF000014268993,07
:61:090121D000000000060,00NTRF000029434053//180007
PAGO
:61:090121D000000000500,00NTRF000029400659//180007
PAGO
:61:090121D000000000300,00NTRF000029377943//180007
PAGO
:61:090121D000000000195,00NTRF000029313785//180007
PAGO
:61:090121D000000000620,00NTRF000029136039//180007
PAGO
:61:090121D000000000450,00NTRF000029089033//180007
PAGO
:61:090121D000000000100,00NTRF000028951256//180007
PAGO
:61:090121D000000000300,00NTRF000028876283//180007
PAGO
:61:090121D000000000210,49NTRF000028809855//180007
PAGO
:62M:D090121VEF000014271728,56
-}{5:{CHK:1143FB20924B}}{S:{COP:S}}${1:F21VZCRVECAAXXX5410610696}{4:{177:0404021720}{451:0}}{1:F01VZCRVECAAXXX5410610696}{2:09501717040402VZCRVECAAXXX40812675430404021720N}{3:{108:SCONNECT}}{4:
:20:MI090121
:25:1111111111
:28C:0545/356
:60M:D090121VEF000014271728,56
:61:090121D000000000600,00NTRF000011930556//180007
PAGO
:61:090121D000000000600,00NTRF000011897556//180007
PAGO
:61:090121D000000000400,00NTRF000011871414//180007
PAGO
:61:090121D000000000400,00NTRF000011825414//180007
PAGO
:61:090121D000000001500,00NTRF000011813750//180007
PAGO
:61:090121D000000000070,00NTRF000011782033//180007
PAGO
:61:090121D000000002000,00NTRF000011602346//180007
PAGO
:61:090121D000000000400,00NTRF000011559997//180007
PAGO
:61:090121D000000000500,00NTRF000011559397//180007
PAGO
:62M:D090121VEF000014278198,56
-}{5:{CHK:1143FB20924B}}{S:{COP:S}}${1:F21VZCRVECAAXXX5410610696}{4:{177:0404021720}{451:0}}{1:F01VZCRVECAAXXX5410610696}{2:09501717040402VZCRVECAAXXX40812675430404021720N}{3:{108:SCONNECT}}{4:
:20:MI090121
:25:1111111111
:28C:0545/357
:60M:D090121VEF000014278198,56
:61:090121D000000000061,20NTRF000000698798//180007
PAGO
:61:090121D000000001656,36NTRF000000698797//180007
PAGO
:61:090121D000000000264,40NTRF000000698796//180007
PAGO
:61:090121D000000003642,44NTRF000000698795//180007
PAGO
:61:090121D000000005134,57NTRF000000698794//180007
PAGO
:61:090121D000000000500,17NTRF000000698793//180007
PAGO
:61:090121D000000005325,84NTRF000000698792//180007
PAGO
:61:090121D000000001612,93NTRF000000698791//180007
PAGO
:61:090121D000000006609,31NTRF000000698790//180007
PAGO
:62M:D090121VEF000014303005,78
-}{5:{CHK:1143FB20924B}}{S:{COP:S}}${1:F21VZCRVECAAXXX5410610696}{4:{177:0404021720}{451:0}}{1:F01VZCRVECAAXXX5410610696}{2:09501717040402VZCRVECAAXXX40812675430404021720N}{3:{108:SCONNECT}}{4:
:20:MI090121
:25:1111111111
:28C:0545/358
:60M:D090121VEF000014303005,78
:61:090121D000000013711,53NTRF000003372009//180007
PAGO
:61:090121D000000133192,82NTRF000003371109//180007
PAGO
:61:090121D000000034852,50NTRF000000080256//180007
PAGO
:61:090121D000000025572,19NTRF000000080255//180007
PAGO
:61:090121D000000004480,00NTRF000000080254//180007
PAGO
:61:090121D000000098667,67NTRF000000080253//180007
PAGO
:61:090121D000000064658,19NTRF000000080252//180007
PAGO
:61:090121D000000008540,86NTRF000000080251//180007
PAGO
:61:090121D000000023008,05NTRF000000080250//180007
PAGO
:62M:D090121VEF000014709689,59
-}{5:{CHK:1143FB20924B}}{S:{COP:S}}${1:F21VZCRVECAAXXX5410610696}{4:{177:0404021720}{451:0}}{1:F01VZCRVECAAXXX5410610696}{2:09501717040402VZCRVECAAXXX40812675430404021720N}{3:{108:SCONNECT}}{4:
:20:MI090121
:25:1111111111
:28C:0545/359
:60M:D090121VEF000014709689,59
:61:090121D000000000950,00NTRF000097229440//180007
PAGO
:61:090121D000000014800,00NTRF000097224813//180007
PAGO
:61:090121D000000073000,00NTRF000097156070//180007
PAGO
:61:090121D000000002000,00NTRF000096988801//180007
PAGO
:61:090121D000000000250,00NTRF000096718835//180007
PAGO
:61:090121D000000002300,00NTRF000096717613//180007
PAGO
:61:090121D000000000500,00NTRF000096707672//180007
PAGO
:61:090121D000000005443,00NTRF000096522004//180007
PAGO
:61:090121D000000001300,00NTRF000087245534//180007
PAGO
:62M:D090121VEF000014810232,59
-}{5:{CHK:1143FB20924B}}{S:{COP:S}}${1:F21VZCRVECAAXXX5410610696}{4:{177:0404021720}{451:0}}{1:F01VZCRVECAAXXX5410610696}{2:09501717040402VZCRVECAAXXX40812675430404021720N}{3:{108:SCONNECT}}{4:
:20:MI090121
:25:1111111111
:28C:0545/360
:60M:D090121VEF000014810232,59
:61:090121D000000002026,64NTRF000072079031//180007
PAGO
:61:090121D000000000508,12NTRF000071968221//180007
PAGO
:61:090121D000000000300,00NTRF000071824701//180007
PAGO
:61:090121D000000002348,85NTRF000071794181//180007
PAGO
:61:090121D000000000080,13NTRF000071698738//180007
PAGO
:61:090121D000000000152,71NTRF000071541078//180007
PAGO
:61:090121D000000000150,00NTRF000071505949//180007
PAGO
:61:090121D000000000588,06NTRF000071305652//180007
PAGO
:61:090121D000000000303,71NTRF000071211437//180007
PAGO
:62M:D090121VEF000014816690,81
-}{5:{CHK:1143FB20924B}}{S:{COP:S}}${1:F21VZCRVECAAXXX5410610696}{4:{177:0404021720}{451:0}}{1:F01VZCRVECAAXXX5410610696}{2:09501717040402VZCRVECAAXXX40812675430404021720N}{3:{108:SCONNECT}}{4:
:20:MI090121
:25:1111111111
:28C:0545/361
:60M:D090121VEF000014816690,81
:61:090121D000000000885,00NTRF000057457725//180007
PAGO
:61:090121D000000001500,00NTRF000057415649//180007
PAGO
:61:090121D000000051120,00NTRF000057401333//180007
PAGO
:61:090121D000000004000,00NTRF000057377019//180007
PAGO
:61:090121D000000005092,76NTRF000057051206//180007
PAGO
:61:090121D000000000720,00NTRF000056854763//180007
PAGO
:61:090121D000000000200,00NTRF000056809796//180007
PAGO
:61:090121D000000000096,07NTRF000056558808//180007
PAGO
:61:090121D000000002000,00NTRF000056557597//180007
PAGO
:62M:D090121VEF000014882304,64
-}{5:{CHK:1143FB20924B}}{S:{COP:S}}${1:F21VZCRVECAAXXX5410610696}{4:{177:0404021720}{451:0}}{1:F01VZCRVECAAXXX5410610696}{2:09501717040402VZCRVECAAXXX40812675430404021720N}{3:{108:SCONNECT}}{4:
:20:MI090121
:25:1111111111
:28C:0545/362
:60M:D090121VEF000014882304,64
:61:090121D000000000020,00NTRF000042556948//180007
PAGO
:61:090121D000000000230,53NTRF000042395487//180007
PAGO
:61:090121D000000000176,00NTRF000042313994//180007
PAGO
:61:090121D000000005500,00NTRF000042299050//180007
PAGO
:61:090121D000000004000,00NTRF000042267453//180007
PAGO
:61:090121D000000000400,00NTRF000042190891//180007
PAGO
:61:090121D000000003000,00NTRF000042161160//180007
PAGO
:61:090121D000000002000,00NTRF000042156007//180007
PAGO
:61:090121D000000000175,00NTRF000042072890//180007
PAGO
:62M:D090121VEF000014897806,17
-}{5:{CHK:1143FB20924B}}{S:{COP:S}}${1:F21VZCRVECAAXXX5410610696}{4:{177:0404021720}{451:0}}{1:F01VZCRVECAAXXX5410610696}{2:09501717040402VZCRVECAAXXX40812675430404021720N}{3:{108:SCONNECT}}{4:
:20:MI090121
:25:1111111111
:28C:0545/363
:60M:D090121VEF000014897806,17
:61:090121D000000000400,00NTRF000028578184//180007
PAGO
:61:090121D000000000506,00NTRF000028466000//180007
PAGO
:61:090121D000000001000,00NTRF000028406761//180007
PAGO
:61:090121D000000000200,00NTRF000028372141//180007
PAGO
:61:090121D000000002350,00NTRF000028270718//180007
PAGO
:61:090121D000000000828,70NTRF000028215048//180007
PAGO
:61:090121D000000000380,30NTRF000028158576//180007
PAGO
:61:090121D000000000795,00NTRF000028141592//180007
PAGO
:61:090121D000000000912,66NTRF000027922394//180007
PAGO
:62M:D090121VEF000014905178,83
-}{5:{CHK:1143FB20924B}}{S:{COP:S}}${1:F21VZCRVECAAXXX5410610696}{4:{177:0404021720}{451:0}}{1:F01VZCRVECAAXXX5410610696}{2:09501717040402VZCRVECAAXXX40812675430404021720N}{3:{108:SCONNECT}}{4:
:20:MI090121
:25:1111111111
:28C:0545/364
:60M:D090121VEF000014905178,83
:61:090121D000000000120,00NTRF000015766873//180007
PAGO
:61:090121D000000070000,00NTRF000015688156//180007
PAGO
:61:090121D000000000800,00NTRF000015638510//180007
PAGO
:61:090121D000000000200,00NTRF000015531380//180007
PAGO
:61:090121D000000000500,00NTRF000015375864//180007
PAGO
:61:090121D000000007250,00NTRF000015352856//180007
PAGO
:61:090121D000000002000,00NTRF000015333483//180007
PAGO
:61:090121D000000000100,00NTRF000015237080//180007
PAGO
:61:090121D000000001000,00NTRF000015187484//180007
PAGO
:62M:D090121VEF000014987148,83
-}{5:{CHK:1143FB20924B}}{S:{COP:S}}${1:F21VZCRVECAAXXX5410610696}{4:{177:0404021720}{451:0}}{1:F01VZCRVECAAXXX5410610696}{2:09501717040402VZCRVECAAXXX40812675430404021720N}{3:{108:SCONNECT}}{4:
:20:MI090121
:25:1111111111
:28C:0545/365
:60M:D090121VEF000014987148,83
:61:090121D000000006563,36NTRF000001774019//180007
PAGO
:61:090121D000000000360,00NTRF000001768713//180007
PAGO
:61:090121D000000000702,00NTRF000001742250//180007
PAGO
:61:090121D000000000065,00NTRF000001516594//180007
PAGO
:61:090121D000000000758,77NTRF000001495302//180007
PAGO
:61:090121D000000000947,60NTRF000001481155//180007
PAGO
:61:090121D000000001500,00NTRF000001297406//180007
PAGO
:61:090121D000000003000,00NTRF000001035441//180007
PAGO
:61:090121D000000001800,00NTRF000001007364//180007
PAGO
:62M:D090121VEF000015002845,56
-}{5:{CHK:1143FB20924B}}{S:{COP:S}}${1:F21VZCRVECAAXXX5410610696}{4:{177:0404021720}{451:0}}{1:F01VZCRVECAAXXX5410610696}{2:09501717040402VZCRVECAAXXX40812675430404021720N}{3:{108:SCONNECT}}{4:
:20:MI090121
:25:1111111111
:28C:0545/366
:60M:D090121VEF000015002845,56
:61:090121D000000000180,00NTRF000083270026//180007
PAGO
:61:090121D000000000100,00NTRF000083129995//180007
PAGO
:61:090121D000000000350,00NTRF000082870963//180007
PAGO
:61:090121D000000001252,00NTRF000082784452//180007
PAGO
:61:090121D000000000300,00NTRF000082579433//180007
PAGO
:61:090121D000000000180,00NTRF000082511026//180007
PAGO
:61:090121D000000001200,00NTRF000082312347//180007
PAGO
:61:090121D000000000085,00NTRF000082049275//180007
PAGO
:61:090121D000000001500,00NTRF000082044808//180007
PAGO
:62M:D090121VEF000015007992,56
-}{5:{CHK:1143FB20924B}}{S:{COP:S}}${1:F21VZCRVECAAXXX5410610696}{4:{177:0404021720}{451:0}}{1:F01VZCRVECAAXXX5410610696}{2:09501717040402VZCRVECAAXXX40812675430404021720N}{3:{108:SCONNECT}}{4:
:20:MI090121
:25:1111111111
:28C:0545/367
:60M:D090121VEF000015007992,56
:61:090121D000000000300,00NTRF000064504334//180007
PAGO
:61:090121D000000005400,00NTRF000064418946//180007
PAGO
:61:090121D000000000400,00NTRF000064369867//180007
PAGO
:61:090121D000000000300,00NTRF000064203085//180007
PAGO
:61:090121D000000000350,00NTRF000064170703//180007
PAGO
:61:090121D000000001450,00NTRF000064068299//180007
PAGO
:61:090121D000000000719,72NTRF000064004041//180007
PAGO
:61:090121D000000000140,00NTRF000063881043//180007
PAGO
:61:090121D000000000500,00NTRF000063508363//180007
PAGO
:62M:D090121VEF000015017552,28
-}{5:{CHK:1143FB20924B}}{S:{COP:S}}${1:F21VZCRVECAAXXX5410610696}{4:{177:0404021720}{451:0}}{1:F01VZCRVECAAXXX5410610696}{2:09501717040402VZCRVECAAXXX40812675430404021720N}{3:{108:SCONNECT}}{4:
:20:MI090121
:25:1111111111
:28C:0545/368
:60M:D090121VEF000015017552,28
:61:090121D000000000200,00NTRF000046257757//180007
PAGO
:61:090121D000000000050,00NTRF000046171999//180007
PAGO
:61:090121D000000000350,00NTRF000046142478//180007
PAGO
:61:090121D000000000500,00NTRF000045796851//180007
PAGO
:61:090121D000000006800,00NTRF000045773295//180007
PAGO
:61:090121D000000000200,00NTRF000045665243//180007
PAGO
:61:090121D000000000200,00NTRF000045650243//180007
PAGO
:61:090121D000000000500,00NTRF000045561643//180007
PAGO
:61:090121D000000000500,00NTRF000045478643//180007
PAGO
:62M:D090121VEF000015026852,28
-}{5:{CHK:1143FB20924B}}{S:{COP:S}}${1:F21VZCRVECAAXXX5410610696}{4:{177:0404021720}{451:0}}{1:F01VZCRVECAAXXX5410610696}{2:09501717040402VZCRVECAAXXX40812675430404021720N}{3:{108:SCONNECT}}{4:
:20:MI090121
:25:1111111111
:28C:0545/369
:60M:D090121VEF000015026852,28
:61:090121D000000001000,00NTRF000028659253//180007
PAGO
:61:090121D000000000039,01NTRF000028611068//180007
PAGO
:61:090121D000000001000,00NTRF000028433345//180007
PAGO
:61:090121D000000000100,00NTRF000028323357//180007
PAGO
:61:090121D000000000090,00NTRF000028268766//180007
PAGO
:61:090121D000000000418,00NTRF000027850296//180007
PAGO
:61:090121D000000000200,00NTRF000027822614//180007
PAGO
:61:090121D000000000105,15NTRF000027764105//180007
PAGO
:61:090121D000000000200,00NTRF000011468754//180007
PAGO
:62M:D090121VEF000015030004,44
-}{5:{CHK:1143FB20924B}}{S:{COP:S}}${1:F21VZCRVECAAXXX5410610696}{4:{177:0404021720}{451:0}}{1:F01VZCRVECAAXXX5410610696}{2:09501717040402VZCRVECAAXXX40812675430404021720N}{3:{108:SCONNECT}}{4:
:20:MI090121
:25:1111111111
:28C:0545/370
:60M:D090121VEF000015030004,44
:61:090121D000000000200,00NTRF000011450754//180007
PAGO
:61:090121D000000000400,00NTRF000011387997//180007
PAGO
:61:090121D000000000200,00NTRF000011294499//180007
PAGO
:61:090121D000000000300,00NTRF000011102466//180007
PAGO
:61:090121D000000000200,00NTRF000011077645//180007
PAGO
:61:090121D000000000350,00NTRF000011076493//180007
PAGO
:61:090121D000000000100,00NTRF000010911075//180007
PAGO
:61:090121D000000000880,00NTRF000010748954//180007
PAGO
:61:090121D000000005213,29NTRF000000698789//180007
PAGO
:62M:D090121VEF000015037847,73
-}{5:{CHK:1143FB20924B}}{S:{COP:S}}${1:F21VZCRVECAAXXX5410610696}{4:{177:0404021720}{451:0}}{1:F01VZCRVECAAXXX5410610696}{2:09501717040402VZCRVECAAXXX40812675430404021720N}{3:{108:SCONNECT}}{4:
:20:MI090121
:25:1111111111
:28C:0545/371
:60M:D090121VEF000015037847,73
:61:090121D000000006217,96NTRF000000698788//180007
PAGO
:61:090121D000000001721,25NTRF000000698787//180007
PAGO
:61:090121D000000001210,40NTRF000000698786//180007
PAGO
:61:090121D000000056261,96NTRF000000698785//180007
PAGO
:61:090121D000000000153,37NTRF000000698784//180007
PAGO
:61:090121D000000001869,90NTRF000000698783//180007
PAGO
:61:090121D000000007726,33NTRF000000698782//180007
PAGO
:61:090121D000000006771,03NTRF000000698781//180007
PAGO
:61:090121D000000016559,73NTRF000000080249//180007
PAGO
:62M:D090121VEF000015136339,66
-}{5:{CHK:1143FB20924B}}{S:{COP:S}}${1:F21VZCRVECAAXXX5410610696}{4:{177:0404021720}{451:0}}{1:F01VZCRVECAAXXX5410610696}{2:09501717040402VZCRVECAAXXX40812675430404021720N}{3:{108:SCONNECT}}{4:
:20:MI090121
:25:1111111111
:28C:0545/372
:60M:D090121VEF000015136339,66
:61:090121D000000056508,89NTRF000000080248//180007
PAGO
:61:090121D000000149765,00NTRF000000080247//180007
PAGO
:61:090121D000000007266,48NTRF000000080246//180007
PAGO
:61:090121D000000013801,93NTRF000000080245//180007
PAGO
:61:090121D000000013705,64NTRF000000080244//180007
PAGO
:61:090121D000000105485,52NTRF000000080243//180007
PAGO
:61:090121D000000038900,00NTRF000000080241//180007
PAGO
:61:090121D000000117827,76NTRF000000080240//180007
PAGO
:61:090121D000000000529,50NTRF000090381664//180007
PAGO
:62M:D090121VEF000015640130,38
-}{5:{CHK:1143FB20924B}}{S:{COP:S}}${1:F21VZCRVECAAXXX5410610696}{4:{177:0404021720}{451:0}}{1:F01VZCRVECAAXXX5410610696}{2:09501717040402VZCRVECAAXXX40812675430404021720N}{3:{108:SCONNECT}}{4:
:20:MI090121
:25:1111111111
:28C:0545/373
:60M:D090121VEF000015640130,38
:61:090121D000000000974,90NTRF000090381663//180007
PAGO
:61:090121D000000007696,33NTRF000090381662//180007
PAGO
:61:090121D000000001170,80NTRF000090381661//180007
PAGO
:61:090121D000000000568,00NTRF000000080172//180007
PAGO
:61:090121D000000000250,00NTRF000087238633//180007
PAGO
:61:090121D000000000260,00NTRF000086935268//180007
PAGO
:61:090121D000000000200,00NTRF000086897874//180007
PAGO
:61:090121D000000000500,00NTRF000086865007//180007
PAGO
:61:090121D000000000790,00NTRF000086787743//180007
PAGO
:62M:D090121VEF000015652540,41
-}{5:{CHK:1143FB20924B}}{S:{COP:S}}${1:F21VZCRVECAAXXX5410610696}{4:{177:0404021720}{451:0}}{1:F01VZCRVECAAXXX5410610696}{2:09501717040402VZCRVECAAXXX40812675430404021720N}{3:{108:SCONNECT}}{4:
:20:MI090121
:25:1111111111
:28C:0545/374
:60M:D090121VEF000015652540,41
:61:090121D000000000510,00NTRF000086682062//180007
PAGO
:61:090121D000000000277,00NTRF000086610526//180007
PAGO
:61:090121D000000000120,00NTRF000086545242//180007
PAGO
:61:090121D000000054875,46NTRF000086530451//180007
PAGO
:61:090121D000000000505,00NTRF000071007780//180007
PAGO
:61:090121D000000000150,00NTRF000071003156//180007
PAGO
:61:090121D000000004800,00NTRF000070985558//180007
PAGO
:61:090121D000000000256,93NTRF000070984713//180007
PAGO
:61:090121D000000000400,00NTRF000070939858//180007
PAGO
:62M:D090121VEF000015714434,80
-}{5:{CHK:1143FB20924B}}{S:{COP:S}}${1:F21VZCRVECAAXXX5410610696}{4:{177:0404021720}{451:0}}{1:F01VZCRVECAAXXX5410610696}{2:09501717040402VZCRVECAAXXX40812675430404021720N}{3:{108:SCONNECT}}{4:
:20:MI090121
:25:1111111111
:28C:0545/375
:60M:D090121VEF000015714434,80
:61:090121D000000000505,00NTRF000070802461//180007
PAGO
:61:090121D000000002390,43NTRF000070796038//180007
PAGO
:61:090121D000000000500,00NTRF000070733684//180007
PAGO
:61:090121D000000000054,15NTRF000070644276//180007
PAGO
:61:090121D000000000534,60NTRF000056496111//180007
PAGO
:61:090121D000000000065,00NTRF000056479803//180007
PAGO
:61:090121D000000000845,00NTRF000056438432//180007
PAGO
:61:090121D000000006139,80NTRF000056430281//180007
PAGO
:61:090121D000000000317,00NTRF000056269043//180007
PAGO
:62M:D090121VEF000015725785,78
-}{5:{CHK:1143FB20924B}}{S:{COP:S}}${1:F21VZCRVECAAXXX5410610696}{4:{177:0404021720}{451:0}}{1:F01VZCRVECAAXXX5410610696}{2:09501717040402VZCRVECAAXXX40812675430404021720N}{3:{108:SCONNECT}}{4:
:20:MI090121
:25:1111111111
:28C:0545/376
:60M:D090121VEF000015725785,78
:61:090121D000000000400,00NTRF000056182085//180007
PAGO
:61:090121D000000001000,00NTRF000056166760//180007
PAGO
:61:090121D000000000170,00NTRF000056131232//180007
PAGO
:61:090121D000000002000,00NTRF000055766680//180007
PAGO
:61:090121D000000008500,00NTRF000042013093//180007
PAGO
:61:090121D000000000100,00NTRF000042008344//180007
PAGO
:61:090121D000000000100,00NTRF000041625763//180007
PAGO
:61:090121D000000002106,00NTRF000041614097//180007
PAGO
:61:090121D000000002048,00NTRF000041557033//180007
PAGO
:62M:D090121VEF000015742209,78
-}{5:{CHK:1143FB20924B}}{S:{COP:S}}${1:F21VZCRVECAAXXX5410610696}{4:{177:0404021720}{451:0}}{1:F01VZCRVECAAXXX5410610696}{2:09501717040402VZCRVECAAXXX40812675430404021720N}{3:{108:SCONNECT}}{4:
:20:MI090121
:25:1111111111
:28C:0545/377
:60M:D090121VEF000015742209,78
:61:090121D000000000200,00NTRF000041470391//180007
PAGO
:61:090121D000000002850,00NTRF000041408098//180007
PAGO
:61:090121D000000000010,00NTRF000041345528//180007
PAGO
:61:090121D000000001138,00NTRF000041132657//180007
PAGO
:61:090121D000000000050,00NTRF000027652887//180007
PAGO
:61:090121D000000000850,00NTRF000027621290//180007
PAGO
:61:090121D000000001000,00NTRF000027342291//180007
PAGO
:61:090121D000000000220,00NTRF000027303955//180007
PAGO
:61:090121D000000000530,43NTRF000027228210//180007
PAGO
:62M:D090121VEF000015749058,21
-}{5:{CHK:1143FB20924B}}{S:{COP:S}}${1:F21VZCRVECAAXXX5410610696}{4:{177:0404021720}{451:0}}{1:F01VZCRVECAAXXX5410610696}{2:09501717040402VZCRVECAAXXX40812675430404021720N}{3:{108:SCONNECT}}{4:
:20:MI090121
:25:1111111111
:28C:0545/378
:60M:D090121VEF000015749058,21
:61:090121D000000000600,00NTRF000027215112//180007
PAGO
:61:090121D000000000912,66NTRF000027135249//180007
PAGO
:61:090121D000000000340,00NTRF000027067276//180007
PAGO
:61:090121D000000040000,00NTRF000026982937//180007
PAGO
:61:090121D000000001000,00NTRF000015100812//180007
PAGO
:61:090121D000000000500,00NTRF000014926505//180007
PAGO
:61:090121D000000000600,00NTRF000014815969//180007
PAGO
:61:090121D000000001350,00NTRF000014781168//180007
PAGO
:61:090121D000000001158,30NTRF000014603664//180007
PAGO
:62M:D090121VEF000015795519,17
-}{5:{CHK:1143FB20924B}}{S:{COP:S}}${1:F21VZCRVECAAXXX5410610696}{4:{177:0404021720}{451:0}}{1:F01VZCRVECAAXXX5410610696}{2:09501717040402VZCRVECAAXXX40812675430404021720N}{3:{108:SCONNECT}}{4:
:20:MI090121
:25:1111111111
:28C:0545/379
:60M:D090121VEF000015795519,17
:61:090121D000000000320,00NTRF000014457866//180007
PAGO
:61:090121D000000000700,00NTRF000014321141//180007
PAGO
:61:090121D000000000234,56NTRF000014207583//180007
PAGO
:61:090121D000000000738,96NTRF000014202096//180007
PAGO
:61:090121D000000005000,00NTRF000000989291//180007
PAGO
:61:090121D000000000800,00NTRF000000467587//180007
PAGO
:61:090121D000000000100,00NTRF000000393014//180007
PAGO
:61:090121D000001000000,00NTRF000000286318//180007
PAGO
:61:090121D000000000200,00NTRF000000223467//180007
PAGO
:62M:D090121VEF000016803612,69
-}{5:{CHK:1143FB20924B}}{S:{COP:S}}${1:F21VZCRVECAAXXX5410610696}{4:{177:0404021720}{451:0}}{1:F01VZCRVECAAXXX5410610696}{2:09501717040402VZCRVECAAXXX40812675430404021720N}{3:{108:SCONNECT}}{4:
:20:MI090121
:25:1111111111
:28C:0545/380
:60M:D090121VEF000016803612,69
:61:090121D000000001000,00NTRF000099960475//180007
PAGO
:61:090121D000000000450,00NTRF000099789907//180007
PAGO
:61:090121D000000000050,00NTRF000099653835//180007
PAGO
:61:090121D000000000367,00NTRF000099647915//180007
PAGO
:61:090121D000000001500,00NTRF000082019808//180007
PAGO
:61:090121D000000000060,00NTRF000081948987//180007
PAGO
:61:090121D000000000060,00NTRF000081782723//180007
PAGO
:61:090121D000000000800,00NTRF000081468027//180007
PAGO
:61:090121D000000001500,00NTRF000081389511//180007
PAGO
:62M:D090121VEF000016809399,69
-}{5:{CHK:1143FB20924B}}{S:{COP:S}}${1:F21VZCRVECAAXXX5410610696}{4:{177:0404021720}{451:0}}{1:F01VZCRVECAAXXX5410610696}{2:09501717040402VZCRVECAAXXX40812675430404021720N}{3:{108:SCONNECT}}{4:
:20:MI090121
:25:1111111111
:28C:0545/381
:60M:D090121VEF000016809399,69
:61:090121D000000000500,00NTRF000081381117//180007
PAGO
:61:090121D000000000150,00NTRF000081036408//180007
PAGO
:61:090121D000000001457,00NTRF000080757846//180007
PAGO
:61:090121D000000006412,00NTRF000080750360//180007
PAGO
:61:090121D000000000500,00NTRF000063415904//180007
PAGO
:61:090121D000000005000,00NTRF000063362598//180007
PAGO
:61:090121D000000001900,00NTRF000063335647//180007
PAGO
:61:090121D000000000453,00NTRF000063273926//180007
PAGO
:61:090121D000000000106,00NTRF000063212761//180007
PAGO
:62M:D090121VEF000016825877,69
-}{5:{CHK:1143FB20924B}}{S:{COP:S}}${1:F21VZCRVECAAXXX5410610696}{4:{177:0404021720}{451:0}}{1:F01VZCRVECAAXXX5410610696}{2:09501717040402VZCRVECAAXXX40812675430404021720N}{3:{108:SCONNECT}}{4:
:20:MI090121
:25:1111111111
:28C:0545/382
:60M:D090121VEF000016825877,69
:61:090121D000000000199,49NTRF000063138152//180007
PAGO
:61:090121D000000000990,00NTRF000063112620//180007
PAGO
:61:090121D000000000500,00NTRF000063111976//180007
PAGO
:61:090121D000000000500,00NTRF000062918399//180007
PAGO
:61:090121D000000000425,00NTRF000045328133//180007
PAGO
:61:090121D000000000700,00NTRF000045296888//180007
PAGO
:61:090121D000000000150,00NTRF000045212914//180007
PAGO
:61:090121D000000000174,66NTRF000045124588//180007
PAGO
:61:090121D000000000900,00NTRF000044947097//180007
PAGO
:62M:D090121VEF000016830416,84
-}{5:{CHK:1143FB20924B}}{S:{COP:S}}${1:F21VZCRVECAAXXX5410610696}{4:{177:0404021720}{451:0}}{1:F01VZCRVECAAXXX5410610696}{2:09501717040402VZCRVECAAXXX40812675430404021720N}{3:{108:SCONNECT}}{4:
:20:MI090121
:25:1111111111
:28C:0545/383
:60M:D090121VEF000016830416,84
:61:090121D000000000150,00NTRF000044725661//180007
PAGO
:61:090121D000000000150,00NTRF000044681661//180007
PAGO
:61:090121D000000000100,00NTRF000044179873//180007
PAGO
:61:090121D000000000025,00NTRF000044051761//180007
PAGO
:61:090121D000000000150,00NTRF000027746854//180007
PAGO
:61:090121D000000000782,00NTRF000027346418//180007
PAGO
:61:090121D000000000968,00NTRF000027198919//180007
PAGO
:61:090121D000000000150,00NTRF000027168934//180007
PAGO
:61:090121D000000000150,00NTRF000027131934//180007
PAGO
:62M:D090121VEF000016833041,84
-}{5:{CHK:1143FB20924B}}{S:{COP:S}}${1:F21VZCRVECAAXXX5410610696}{4:{177:0404021720}{451:0}}{1:F01VZCRVECAAXXX5410610696}{2:09501717040402VZCRVECAAXXX40812675430404021720N}{3:{108:SCONNECT}}{4:
:20:MI090121
:25:1111111111
:28C:0545/384
:60M:D090121VEF000016833041,84
:61:090121D000000000825,00NTRF000027036638//180007
PAGO
:61:090121D000000000640,00NTRF000026894853//180007
PAGO
:61:090121D000000006586,35NTRF000026675313//180007
PAGO
:61:090121D000000000110,00NTRF000026573842//180007
PAGO
:61:090121D000000000500,00NTRF000010649579//180007
PAGO
:61:090121D000000000100,00NTRF000010648684//180007
PAGO
:61:090121D000000000100,00NTRF000010612684//180007
PAGO
:61:090121D000000000200,00NTRF000010586360//180007
PAGO
:61:090121D000000000200,00NTRF000010515360//180007
PAGO
:62M:D090121VEF000016842303,19
-}{5:{CHK:1143FB20924B}}{S:{COP:S}}${1:F21VZCRVECAAXXX5410610696}{4:{177:0404021720}{451:0}}{1:F01VZCRVECAAXXX5410610696}{2:09501717040402VZCRVECAAXXX40812675430404021720N}{3:{108:SCONNECT}}{4:
:20:MI090121
:25:1111111111
:28C:0545/385
:60M:D090121VEF000016842303,19
:61:090121D000000000500,00NTRF000010414919//180007
PAGO
:61:090121D000000000400,00NTRF000010244997//180007
PAGO
:61:090121D000000000195,58NTRF000010186114//180007
PAGO
:61:090121D000000000430,00NTRF000010063213//180007
PAGO
:61:090121D000000001065,13NTRF000000698780//180007
PAGO
:61:090121D000000001015,11NTRF000000698779//180007
PAGO
:61:090121D000000000468,76NTRF000000698778//180007
PAGO
:61:090121D000000002041,42NTRF000000698777//180007
PAGO
:61:090121D000000010044,65NTRF000000698776//180007
PAGO
:62M:D090121VEF000016858463,84
-}{5:{CHK:1143FB20924B}}{S:{COP:S}}${1:F21VZCRVECAAXXX5410610696}{4:{177:0404021720}{451:0}}{1:F01VZCRVECAAXXX5410610696}{2:09501717040402VZCRVECAAXXX40812675430404021720N}{3:{108:SCONNECT}}{4:
:20:MI090121
:25:1111111111
:28C:0545/386
:60M:D090121VEF000016858463,84
:61:090121D000000000404,78NTRF000000698775//180007
PAGO
:61:090121D000000002117,70NTRF000000698774//180007
PAGO
:61:090121D000000002896,88NTRF000000698773//180007
PAGO
:61:090121D000000014956,70NTRF000000698772//180007
PAGO
:61:090121D000000003525,00NTRF000000080239//180007
PAGO
:61:090121D000000034852,50NTRF000000080238//180007
PAGO
:61:090121D000000007293,75NTRF000000080237//180007
PAGO
:61:090121D000000020520,62NTRF000000080236//180007
PAGO
:61:090121D000000001499,50NTRF000020010387//180007
PAGO
:62M:D090121VEF000016946531,27
-}{5:{CHK:1143FB20924B}}{S:{COP:S}}${1:F21VZCRVECAAXXX5410610696}{4:{177:0404021720}{451:0}}{1:F01VZCRVECAAXXX5410610696}{2:09501717040402VZCRVECAAXXX40812675430404021720N}{3:{108:SCONNECT}}{4:
:20:MI090121
:25:1111111111
:28C:0545/387
:60M:D090121VEF000016946531,27
:61:090121D000000002599,50NTRF000020010386//180007
PAGO
:61:090121D000000001777,00NTRF000020010385//180007
PAGO
:61:090121D000000006999,50NTRF000020010384//180007
PAGO
:61:090121D000000002999,50NTRF000020010383//180007
PAGO
:61:090121C000016960906,77NTRF000020090121//180007
N/C
:62F:C090121VEF000000000000,00
-}{5:{CHK:1143FB20924B}}{S:{COP:S}}