{1:F21VZCRVECAAXXX5297582204}{4:{177:0311252025}{451:0}}{1:F01VZCRVECAAXXX5297582204}{2:09502025031125VZCRVECAAXXX27981267430311252025N}{3:{108:T000163667}}{4:
:20:MI090122
:25:1111111111
:28C:0546/001
:60F:C090122VEF000000000000,00
:61:090122D000000000100,00NTRF000030321952//180009
PAGO
:61:090122D000000000022,56NTRF000090383857//180009
PAGO
:61:090122D000000000600,00NTRF000023232197//180009
PAGO
:61:090122D000000001500,00NTRF000073809421//180009
PAGO
:61:090122D000000000200,00NTRF000047138054//180009
PAGO
:61:090122D000000000100,00NTRF000029208155//180009
PAGO
:61:090122D000000000739,00NTRF000021284982//180009
PAGO
:61:090122D000000000673,02NTRF000028895005//180009
PAGO
:61:090122D000000000370,00NTRF000028379541//180009
PAGO
:62M:D090122VEF000000004304,58
-}{5:{CHK:1143FB20924B}}{S:{COP:S}}${1:F21VZCRVECAAXXX5410610696}{4:{177:0404021720}{451:0}}{1:F01VZCRVECAAXXX5410610696}{2:09501717040402VZCRVECAAXXX40812675430404021720N}{3:{108:SCONNECT}}{4:
:20:MI090122
:25:1111111111
:28C:0546/002
:60M:D090122VEF000000004304,58
:61:090122D000000000101,26NTRF000024969075//180009
PAGO
:61:090122D000000004000,00NTRF000024485914//180009
PAGO
:61:090122D000000000650,00NTRF000022958719//180009
PAGO
:61:090122D000000005000,00NTRF000022546018//180009
PAGO
:61:090122D000000000075,00NTRF000021535003//180009
PAGO
:61:090122D000000001300,00NTRF000021031256//180009
PAGO
:61:090122D000000007500,00NTRF000014766530//180009
PAGO
:61:090122D000000011000,00NTRF000071190931//180009
PAGO
:61:090122D000000000342,52NTRF000071054135//180009
PAGO
:62M:D090122VEF000000034273,36
-}{5:{CHK:1143FB20924B}}{S:{COP:S}}${1:F21VZCRVECAAXXX5410610696}{4:{177:0404021720}{451:0}}{1:F01VZCRVECAAXXX5410610696}{2:09501717040402VZCRVECAAXXX40812675430404021720N}{3:{108:SCONNECT}}{4:
:20:MI090122
:25:1111111111
:28C:0546/003
:60M:D090122VEF000000034273,36
:61:090122D000000025000,00NTRF000070140113//180009
PAGO
:61:090122D000000000710,00NTRF000099964977//180009
PAGO
:61:090122D000000000371,88NTRF000076707451//180009
PAGO
:61:090122D000000003000,00NTRF000076511309//180009
PAGO
:61:090122D000000000185,00NTRF000076276763//180009
PAGO
:61:090122D000000000300,00NTRF000075877803//180009
PAGO
:61:090122D000000001400,00NTRF000075811934//180009
PAGO
:61:090122D000000000300,00NTRF000075762351//180009
PAGO
:61:090122D000000001000,00NTRF000075720323//180009
PAGO
:62M:D090122VEF000000066540,24
-}{5:{CHK:1143FB20924B}}{S:{COP:S}}${1:F21VZCRVECAAXXX5410610696}{4:{177:0404021720}{451:0}}{1:F01VZCRVECAAXXX5410610696}{2:09501717040402VZCRVECAAXXX40812675430404021720N}{3:{108:SCONNECT}}{4:
:20:MI090122
:25:1111111111
:28C:0546/004
:60M:D090122VEF000000066540,24
:61:090122D000000000460,00NTRF000075504795//180009
PAGO
:61:090122D000000000650,00NTRF000075232994//180009
PAGO
:61:090122D000000000700,00NTRF000049184497//180009
PAGO
:61:090122D000000001895,00NTRF000048779760//180009
PAGO
:61:090122D000000000300,00NTRF000048622810//180009
PAGO
:61:090122D000000005000,00NTRF000048385560//180009
PAGO
:61:090122D000000000720,00NTRF000048296499//180009
PAGO
:61:090122D000000000200,00NTRF000048267822//180009
PAGO
:61:090122D000000000500,00NTRF000048167383//180009
PAGO
:62M:D090122VEF000000076965,24
-}{5:{CHK:1143FB20924B}}{S:{COP:S}}${1:F21VZCRVECAAXXX5410610696}{4:{177:0404021720}{451:0}}{1:F01VZCRVECAAXXX5410610696}{2:09501717040402VZCRVECAAXXX40812675430404021720N}{3:{108:SCONNECT}}{4:
:20:MI090122
:25:1111111111
:28C:0546/005
:60M:D090122VEF000000076965,24
:61:090122D000000000500,00NTRF000048069966//180009
PAGO
:61:090122D000000005000,00NTRF000046170106//180009
PAGO
:61:090122D000000001500,00NTRF000025631714//180009
PAGO
:61:090122D000000000760,00NTRF000025503979//180009
PAGO
:61:090122D000000010822,80NTRF000025124931//180009
PAGO
:61:090122D000000000360,00NTRF000025096202//180009
PAGO
:61:090122D000000000400,00NTRF000024787568//180009
PAGO
:61:090122D000000003000,00NTRF000024748280//180009
PAGO
:61:090122D000000000232,00NTRF000024286532//180009
PAGO
:62M:D090122VEF000000099540,04
-}{5:{CHK:1143FB20924B}}{S:{COP:S}}${1:F21VZCRVECAAXXX5410610696}{4:{177:0404021720}{451:0}}{1:F01VZCRVECAAXXX5410610696}{2:09501717040402VZCRVECAAXXX40812675430404021720N}{3:{108:SCONNECT}}{4:
:20:MI090122
:25:1111111111
:28C:0546/006
:60M:D090122VEF000000099540,04
:61:090122D000000000300,00NTRF000024271144//180009
PAGO
:61:090122D000000004250,00NTRF000024144495//180009
PAGO
:61:090122D000000000300,00NTRF000096350392//180009
PAGO
:61:090122D000000000270,00NTRF000096202992//180009
PAGO
:61:090122D000000000150,00NTRF000096160661//180009
PAGO
:61:090122D000000000500,00NTRF000095914748//180009
PAGO
:61:090122D000000000745,50NTRF000095891496//180009
PAGO
:61:090122D000000000065,00NTRF000095694544//180009
PAGO
:61:090122D000000000500,00NTRF000095692067//180009
PAGO
:62M:D090122VEF000000106620,54
-}{5:{CHK:1143FB20924B}}{S:{COP:S}}${1:F21VZCRVECAAXXX5410610696}{4:{177:0404021720}{451:0}}{1:F01VZCRVECAAXXX5410610696}{2:09501717040402VZCRVECAAXXX40812675430404021720N}{3:{108:SCONNECT}}{4:
:20:MI090122
:25:1111111111
:28C:0546/007
:60M:D090122VEF000000106620,54
:61:090122D000000000300,00NTRF000095020775//180009
PAGO
:61:090122D000000000448,00NTRF000094923888//180009
PAGO
:61:090122D000000000070,00NTRF000069406434//180009
PAGO
:61:090122D000000002000,00NTRF000069396656//180009
PAGO
:61:090122D000000002712,08NTRF000069336895//180009
PAGO
:61:090122D000000003453,00NTRF000069286107//180009
PAGO
:61:090122D000000002968,00NTRF000069124114//180009
PAGO
:61:090122D000000001100,00NTRF000068842596//180009
PAGO
:61:090122D000000004857,80NTRF000068774716//180009
PAGO
:62M:D090122VEF000000124529,42
-}{5:{CHK:1143FB20924B}}{S:{COP:S}}${1:F21VZCRVECAAXXX5410610696}{4:{177:0404021720}{451:0}}{1:F01VZCRVECAAXXX5410610696}{2:09501717040402VZCRVECAAXXX40812675430404021720N}{3:{108:SCONNECT}}{4:
:20:MI090122
:25:1111111111
:28C:0546/008
:60M:D090122VEF000000124529,42
:61:090122D000000000500,00NTRF000068633264//180009
PAGO
:61:090122D000000000500,00NTRF000068602264//180009
PAGO
:61:090122D000000000300,00NTRF000040691804//180009
PAGO
:61:090122D000000000300,00NTRF000040658938//180009
PAGO
:61:090122D000000000250,00NTRF000040637948//180009
PAGO
:61:090122D000000000100,00NTRF000040156044//180009
PAGO
:61:090122D000000000100,00NTRF000040095044//180009
PAGO
:61:090122D000000000121,05NTRF000040080750//180009
PAGO
:61:090122D000000000585,00NTRF000039889480//180009
PAGO
:62M:D090122VEF000000127285,47
-}{5:{CHK:1143FB20924B}}{S:{COP:S}}${1:F21VZCRVECAAXXX5410610696}{4:{177:0404021720}{451:0}}{1:F01VZCRVECAAXXX5410610696}{2:09501717040402VZCRVECAAXXX40812675430404021720N}{3:{108:SCONNECT}}{4:
:20:MI090122
:25:1111111111
:28C:0546/009
:60M:D090122VEF000000127285,47
:61:090122D000000007440,00NTRF000039208881//180009
PAGO
:61:090122D000000000050,00NTRF000039039170//180009
PAGO
:61:090122D000000000060,00NTRF000003740254//180009
PAGO
:61:090122D000000001150,00NTRF000003726554//180009
PAGO
:61:090122D000000005495,00NTRF000003708630//180009
PAGO
:61:090122D000000000674,00NTRF000003408766//180009
PAGO
:61:090122D000000002000,00NTRF000003269019//180009
PAGO
:61:090122D000000000158,30NTRF000003251802//180009
PAGO
:61:090122D000000000100,00NTRF000003170751//180009
PAGO
:62M:D090122VEF000000144412,77
-}{5:{CHK:1143FB20924B}}{S:{COP:S}}${1:F21VZCRVECAAXXX5410610696}{4:{177:0404021720}{451:0}}{1:F01VZCRVECAAXXX5410610696}{2:09501717040402VZCRVECAAXXX40812675430404021720N}{3:{108:SCONNECT}}{4:
:20:MI090122
:25:1111111111
:28C:0546/010
:60M:D090122VEF000000144412,77
:61:090122D000000000350,00NTRF000002837773//180009
PAGO
:61:090122D000000000750,00NTRF000002605160//180009
PAGO
:61:090122D000000002728,16NTRF000045019832//180009
PAGO
:61:090122D000000008115,19NTRF000045019732//180009
PAGO
:61:090122D000000005944,54NTRF000045019632//180009
PAGO
:61:090122D000000000273,28NTRF000045019532//180009
PAGO
:61:090122D000000001606,69NTRF000045019432//180009
PAGO
:61:090122D000000000123,03NTRF000045019332//180009
PAGO
:61:090122D000000000197,00NTRF000045019232//180009
PAGO
:62M:D090122VEF000000164500,66
-}{5:{CHK:1143FB20924B}}{S:{COP:S}}${1:F21VZCRVECAAXXX5410610696}{4:{177:0404021720}{451:0}}{1:F01VZCRVECAAXXX5410610696}{2:09501717040402VZCRVECAAXXX40812675430404021720N}{3:{108:SCONNECT}}{4:
:20:MI090122
:25:1111111111
:28C:0546/011
:60M:D090122VEF000000164500,66
:61:090122D000000002124,83NTRF000045019032//180009
PAGO
:61:090122D000000000077,41NTRF000045018832//180009
PAGO
:61:090122D000000000400,00NTRF000096305027//180009
PAGO
:61:090122D000000000432,55NTRF000096053767//180009
PAGO
:61:090122D000000001600,00NTRF000096041750//180009
PAGO
:61:090122D000000000020,00NTRF000095929164//180009
PAGO
:61:090122D000000001000,00NTRF000095776212//180009
PAGO
:61:090122D000000001000,00NTRF000095766057//180009
PAGO
:61:090122D000000000313,31NTRF000095692904//180009
PAGO
:62M:D090122VEF000000171468,76
-}{5:{CHK:1143FB20924B}}{S:{COP:S}}${1:F21VZCRVECAAXXX5410610696}{4:{177:0404021720}{451:0}}{1:F01VZCRVECAAXXX5410610696}{2:09501717040402VZCRVECAAXXX40812675430404021720N}{3:{108:SCONNECT}}{4:
:20:MI090122
:25:1111111111
:28C:0546/012
:60M:D090122VEF000000171468,76
:61:090122D000000002800,00NTRF000095323252//180009
PAGO
:61:090122D000000003000,00NTRF000095109795//180009
PAGO
:61:090122D000000000031,00NTRF000077382679//180009
PAGO
:61:090122D000000000500,00NTRF000077203857//180009
PAGO
:61:090122D000000000900,00NTRF000077188530//180009
PAGO
:61:090122D000000000250,00NTRF000077088217//180009
PAGO
:61:090122D000000000600,00NTRF000076820240//180009
PAGO
:61:090122D000000002000,00NTRF000076709529//180009
PAGO
:61:090122D000000000148,22NTRF000076587294//180009
PAGO
:62M:D090122VEF000000181697,98
-}{5:{CHK:1143FB20924B}}{S:{COP:S}}${1:F21VZCRVECAAXXX5410610696}{4:{177:0404021720}{451:0}}{1:F01VZCRVECAAXXX5410610696}{2:09501717040402VZCRVECAAXXX40812675430404021720N}{3:{108:SCONNECT}}{4:
:20:MI090122
:25:1111111111
:28C:0546/013
:60M:D090122VEF000000181697,98
:61:090122D000000002500,00NTRF000076584536//180009
PAGO
:61:090122D000000000120,00NTRF000076524512//180009
PAGO
:61:090122D000000002700,00NTRF000064165338//180009
PAGO
:61:090122D000000000855,00NTRF000063822173//180009
PAGO
:61:090122D000000000100,00NTRF000063706268//180009
PAGO
:61:090122D000000003000,00NTRF000063677123//180009
PAGO
:61:090122D000000000200,00NTRF000063659367//180009
PAGO
:61:090122D000000000600,00NTRF000063404639//180009
PAGO
:61:090122D000000000130,00NTRF000063105194//180009
PAGO
:62M:D090122VEF000000191902,98
-}{5:{CHK:1143FB20924B}}{S:{COP:S}}${1:F21VZCRVECAAXXX5410610696}{4:{177:0404021720}{451:0}}{1:F01VZCRVECAAXXX5410610696}{2:09501717040402VZCRVECAAXXX40812675430404021720N}{3:{108:SCONNECT}}{4:
:20:MI090122
:25:1111111111
:28C:0546/014
:60M:D090122VEF000000191902,98
:61:090122D000000000100,00NTRF000063023071//180009
PAGO
:61:090122D000000000300,00NTRF000063000955//180009
PAGO
:61:090122D000000000300,00NTRF000048360218//180009
PAGO
:61:090122D000000016350,00NTRF000048343646//180009
PAGO
:61:090122D000000000940,00NTRF000048316958//180009
PAGO
:61:090122D000000001890,00NTRF000048299033//180009
PAGO
:61:090122D000000001000,00NTRF000048137939//180009
PAGO
:61:090122D000000000600,00NTRF000048042096//180009
PAGO
:61:090122D000000000588,99NTRF000048018069//180009
PAGO
:62M:D090122VEF000000213971,97
-}{5:{CHK:1143FB20924B}}{S:{COP:S}}${1:F21VZCRVECAAXXX5410610696}{4:{177:0404021720}{451:0}}{1:F01VZCRVECAAXXX5410610696}{2:09501717040402VZCRVECAAXXX40812675430404021720N}{3:{108:SCONNECT}}{4:
:20:MI090122
:25:1111111111
:28C:0546/015
:60M:D090122VEF000000213971,97
:61:090122D000000001000,00NTRF000048002757//180009
PAGO
:61:090122D000000001500,00NTRF000047972517//180009
PAGO
:61:090122D000001000000,00NTRF000031855822//180009
PAGO
:61:090122D000000000300,00NTRF000031836525//180009
PAGO
:61:090122D000000001500,00NTRF000031805058//180009
PAGO
:61:090122D000000001500,00NTRF000031794902//180009
PAGO
:61:090122D000000001068,90NTRF000031618502//180009
PAGO
:61:090122D000000005000,00NTRF000031545762//180009
PAGO
:61:090122D000000003300,00NTRF000031536173//180009
PAGO
:62M:D090122VEF000001229140,87
-}{5:{CHK:1143FB20924B}}{S:{COP:S}}${1:F21VZCRVECAAXXX5410610696}{4:{177:0404021720}{451:0}}{1:F01VZCRVECAAXXX5410610696}{2:09501717040402VZCRVECAAXXX40812675430404021720N}{3:{108:SCONNECT}}{4:
:20:MI090122
:25:1111111111
:28C:0546/016
:60M:D090122VEF000001229140,87
:61:090122D000000001500,00NTRF000031415775//180009
PAGO
:61:090122D000000005040,00NTRF000031179864//180009
PAGO
:61:090122D000000002000,00NTRF000015572139//180009
PAGO
:61:090122D000000000200,00NTRF000015561082//180009
PAGO
:61:090122D000000002296,58NTRF000015556906//180009
PAGO
:61:090122D000000000150,00NTRF000015519625//180009
PAGO
:61:090122D000000007458,00NTRF000015504851//180009
PAGO
:61:090122D000000000420,00NTRF000015480295//180009
PAGO
:61:090122D000000008400,00NTRF000015431966//180009
PAGO
:62M:D090122VEF000001256605,45
-}{5:{CHK:1143FB20924B}}{S:{COP:S}}${1:F21VZCRVECAAXXX5410610696}{4:{177:0404021720}{451:0}}{1:F01VZCRVECAAXXX5410610696}{2:09501717040402VZCRVECAAXXX40812675430404021720N}{3:{108:SCONNECT}}{4:
:20:MI090122
:25:1111111111
:28C:0546/017
:60M:D090122VEF000001256605,45
:61:090122D000000002000,00NTRF000015383529//180009
PAGO
:61:090122D000000000420,00NTRF000015204057//180009
PAGO
:61:090122D000000000291,77NTRF000099364231//180009
PAGO
:61:090122D000000000664,74NTRF000099336180//180009
PAGO
:61:090122D000000002458,13NTRF000099251839//180009
PAGO
:61:090122D000000000270,00NTRF000099029558//180009
PAGO
:61:090122D000000000450,00NTRF000098926780//180009
PAGO
:61:090122D000000000100,00NTRF000098914977//180009
PAGO
:61:090122D000000000350,00NTRF000098893114//180009
PAGO
:62M:D090122VEF000001263610,09
-}{5:{CHK:1143FB20924B}}{S:{COP:S}}${1:F21VZCRVECAAXXX5410610696}{4:{177:0404021720}{451:0}}{1:F01VZCRVECAAXXX5410610696}{2:09501717040402VZCRVECAAXXX40812675430404021720N}{3:{108:SCONNECT}}{4:
:20:MI090122
:25:1111111111
:28C:0546/018
:60M:D090122VEF000001263610,09
:61:090122D000000000160,00NTRF000098244848//180009
PAGO
:61:090122D000000000200,00NTRF000098031643//180009
PAGO
:61:090122D000000000200,00NTRF000075863398//180009
PAGO
:61:090122D000000000500,00NTRF000075779058//180009
PAGO
:61:090122D000000000300,00NTRF000075642401//180009
PAGO
:61:090122D000000000792,00NTRF000075582416//180009
PAGO
:61:090122D000000000300,00NTRF000075051498//180009
PAGO
:61:090122D000000000200,00NTRF000074852518//180009
PAGO
:61:090122D000000001280,00NTRF000074745987//180009
PAGO
:62M:D090122VEF000001267542,09
-}{5:{CHK:1143FB20924B}}{S:{COP:S}}${1:F21VZCRVECAAXXX5410610696}{4:{177:0404021720}{451:0}}{1:F01VZCRVECAAXXX5410610696}{2:09501717040402VZCRVECAAXXX40812675430404021720N}{3:{108:SCONNECT}}{4:
:20:MI090122
:25:1111111111
:28C:0546/019
:60M:D090122VEF000001267542,09
:61:090122D000000001770,85NTRF000074495020//180009
PAGO
:61:090122D000000000500,00NTRF000074474483//180009
PAGO
:61:090122D000000000400,00NTRF000052787507//180009
PAGO
:61:090122D000000000195,32NTRF000052460001//180009
PAGO
:61:090122D000000000700,00NTRF000052126496//180009
PAGO
:61:090122D000000000600,00NTRF000052081163//180009
PAGO
:61:090122D000000000660,00NTRF000052047220//180009
PAGO
:61:090122D000000000300,00NTRF000051843098//180009
PAGO
:61:090122D000000000053,00NTRF000051817197//180009
PAGO
:62M:D090122VEF000001272721,26
-}{5:{CHK:1143FB20924B}}{S:{COP:S}}${1:F21VZCRVECAAXXX5410610696}{4:{177:0404021720}{451:0}}{1:F01VZCRVECAAXXX5410610696}{2:09501717040402VZCRVECAAXXX40812675430404021720N}{3:{108:SCONNECT}}{4:
:20:MI090122
:25:1111111111
:28C:0546/020
:60M:D090122VEF000001272721,26
:61:090122D000000000390,21NTRF000051386811//180009
PAGO
:61:090122D000000001500,00NTRF000051310226//180009
PAGO
:61:090122D000000001000,00NTRF000027807909//180009
PAGO
:61:090122D000000000100,00NTRF000027571123//180009
PAGO
:61:090122D000000000100,00NTRF000027521123//180009
PAGO
:61:090122D000000001000,00NTRF000026780287//180009
PAGO
:61:090122D000000001000,00NTRF000026732287//180009
PAGO
:61:090122D000000000877,20NTRF000026718017//180009
PAGO
:61:090122D000000000200,00NTRF000026402111//180009
PAGO
:62M:D090122VEF000001278888,67
-}{5:{CHK:1143FB20924B}}{S:{COP:S}}${1:F21VZCRVECAAXXX5410610696}{4:{177:0404021720}{451:0}}{1:F01VZCRVECAAXXX5410610696}{2:09501717040402VZCRVECAAXXX40812675430404021720N}{3:{108:SCONNECT}}{4:
:20:MI090122
:25:1111111111
:28C:0546/021
:60M:D090122VEF000001278888,67
:61:090122D000000000500,00NTRF000026331565//180009
PAGO
:61:090122D000000000400,00NTRF000024511476//180009
PAGO
:61:090122D000000000060,00NTRF000002894148//180009
PAGO
:61:090122D000000000500,00NTRF000002870660//180009
PAGO
:61:090122D000000002949,00NTRF000002842917//180009
PAGO
:61:090122D000000002000,00NTRF000002532525//180009
PAGO
:61:090122D000000001100,00NTRF000002317655//180009
PAGO
:61:090122D000000000060,00NTRF000002200828//180009
PAGO
:61:090122D000000000150,00NTRF000002088443//180009
PAGO
:62M:D090122VEF000001286607,67
-}{5:{CHK:1143FB20924B}}{S:{COP:S}}${1:F21VZCRVECAAXXX5410610696}{4:{177:0404021720}{451:0}}{1:F01VZCRVECAAXXX5410610696}{2:09501717040402VZCRVECAAXXX40812675430404021720N}{3:{108:SCONNECT}}{4:
:20:MI090122
:25:1111111111
:28C:0546/022
:60M:D090122VEF000001286607,67
:61:090122D000000001000,00NTRF000001959565//180009
PAGO
:61:090122D000000000199,00NTRF000001941068//180009
PAGO
:61:090122D000000003261,53NTRF000000080355//180009
PAGO
:61:090122D000000024584,95NTRF000000080354//180009
PAGO
:61:090122D000000006737,75NTRF000000080353//180009
PAGO
:61:090122D000000001552,36NTRF000000080352//180009
PAGO
:61:090122D000000102660,00NTRF000000080351//180009
PAGO
:61:090122D000000001360,66NTRF000000080350//180009
PAGO
:61:090122D000000001148,38NTRF000000080349//180009
PAGO
:62M:D090122VEF000001429112,30
-}{5:{CHK:1143FB20924B}}{S:{COP:S}}${1:F21VZCRVECAAXXX5410610696}{4:{177:0404021720}{451:0}}{1:F01VZCRVECAAXXX5410610696}{2:09501717040402VZCRVECAAXXX40812675430404021720N}{3:{108:SCONNECT}}{4:
:20:MI090122
:25:1111111111
:28C:0546/023
:60M:D090122VEF000001429112,30
:61:090122D000000001272,71NTRF000000080348//180009
PAGO
:61:090122D000000027201,60NTRF000000080347//180009
PAGO
:61:090122D000000001999,50NTRF000021010333//180009
PAGO
:61:090122D000000003499,50NTRF000021010332//180009
PAGO
:61:090122D000000004066,50NTRF000021010331//180009
PAGO
:61:090122D000000036312,73NTRF000021010330//180009
PAGO
:61:090122D000000006258,15NTRF000021010329//180009
PAGO
:61:090122D000000010633,14NTRF000021010328//180009
PAGO
:61:090122D000000032371,50NTRF000021010327//180009
PAGO
:62M:D090122VEF000001552727,63
-}{5:{CHK:1143FB20924B}}{S:{COP:S}}${1:F21VZCRVECAAXXX5410610696}{4:{177:0404021720}{451:0}}{1:F01VZCRVECAAXXX5410610696}{2:09501717040402VZCRVECAAXXX40812675430404021720N}{3:{108:SCONNECT}}{4:
:20:MI090122
:25:1111111111
:28C:0546/024
:60M:D090122VEF000001552727,63
:61:090122D000000000536,50NTRF000021010326//180009
PAGO
:61:090122D000000001081,50NTRF000021010325//180009
PAGO
:61:090122D000000000342,67NTRF000000049504//180009
PAGO
:61:090122D000000000079,95NTRF000000049503//180009
PAGO
:61:090122D000000000848,54NTRF000000049502//180009
PAGO
:61:090122D000000000233,81NTRF000000049501//180009
PAGO
:61:090122D000000000079,95NTRF000000049500//180009
PAGO
:61:090122D000000000230,93NTRF000000049499//180009
PAGO
:61:090122D000000000965,97NTRF000000049497//180009
PAGO
:62M:D090122VEF000001557127,45
-}{5:{CHK:1143FB20924B}}{S:{COP:S}}${1:F21VZCRVECAAXXX5410610696}{4:{177:0404021720}{451:0}}{1:F01VZCRVECAAXXX5410610696}{2:09501717040402VZCRVECAAXXX40812675430404021720N}{3:{108:SCONNECT}}{4:
:20:MI090122
:25:1111111111
:28C:0546/025
:60M:D090122VEF000001557127,45
:61:090122D000000000230,39NTRF000000049496//180009
PAGO
:61:090122D000000000086,42NTRF000000049494//180009
PAGO
:61:090122D000000000533,70NTRF000000049193//180009
PAGO
:61:090122D000000000513,09NTRF000000049192//180009
PAGO
:61:090122D000000000088,47NTRF000000049191//180009
PAGO
:61:090122D000000000577,98NTRF000000049190//180009
PAGO
:61:090122D000000000379,42NTRF000000049189//180009
PAGO
:61:090122D000000000514,19NTRF000000049188//180009
PAGO
:61:090122D000000000412,89NTRF000000049187//180009
PAGO
:62M:D090122VEF000001560464,00
-}{5:{CHK:1143FB20924B}}{S:{COP:S}}${1:F21VZCRVECAAXXX5410610696}{4:{177:0404021720}{451:0}}{1:F01VZCRVECAAXXX5410610696}{2:09501717040402VZCRVECAAXXX40812675430404021720N}{3:{108:SCONNECT}}{4:
:20:MI090122
:25:1111111111
:28C:0546/026
:60M:D090122VEF000001560464,00
:61:090122D000000000585,53NTRF000000049186//180009
PAGO
:61:090122D000000000710,36NTRF000000049185//180009
PAGO
:61:090122D000000002500,62NTRF000000001517//180009
PAGO
:61:090122D000000002463,46NTRF000000001516//180009
PAGO
:61:090122D000000002728,33NTRF000000001515//180009
PAGO
:61:090122D000000003108,09NTRF000000001514//180009
PAGO
:61:090122D000000001031,46NTRF000000001513//180009
PAGO
:61:090122D000000000438,14NTRF000000001512//180009
PAGO
:61:090122D000000000427,72NTRF000000001511//180009
PAGO
:62M:D090122VEF000001574457,71
-}{5:{CHK:1143FB20924B}}{S:{COP:S}}${1:F21VZCRVECAAXXX5410610696}{4:{177:0404021720}{451:0}}{1:F01VZCRVECAAXXX5410610696}{2:09501717040402VZCRVECAAXXX40812675430404021720N}{3:{108:SCONNECT}}{4:
:20:MI090122
:25:1111111111
:28C:0546/027
:60M:D090122VEF000001574457,71
:61:090122D000000007551,23NTRF000000001510//180009
PAGO
:61:090122D000000002705,89NTRF000000001477//180009
PAGO
:61:090122D000000010589,40NTRF000090067581//180009
PAGO
:61:090122D000000012794,76NTRF000090067580//180009
PAGO
:61:090122D000000005684,58NTRF000090067579//180009
PAGO
:61:090122D000000005327,59NTRF000090067578//180009
PAGO
:61:090122D000000001843,20NTRF000090067577//180009
PAGO
:61:090122D000000001326,60NTRF000090067576//180009
PAGO
:61:090122D000000002498,40NTRF000090067575//180009
PAGO
:62M:D090122VEF000001624779,36
-}{5:{CHK:1143FB20924B}}{S:{COP:S}}${1:F21VZCRVECAAXXX5410610696}{4:{177:0404021720}{451:0}}{1:F01VZCRVECAAXXX5410610696}{2:09501717040402VZCRVECAAXXX40812675430404021720N}{3:{108:SCONNECT}}{4:
:20:MI090122
:25:1111111111
:28C:0546/028
:60M:D090122VEF000001624779,36
:61:090122D000000002115,00NTRF000090067574//180009
PAGO
:61:090122D000000000666,00NTRF000090067573//180009
PAGO
:61:090122D000000001153,40NTRF000090067432//180009
PAGO
:61:090122D000000011728,80NTRF000090067429//180009
PAGO
:61:090122D000000002576,53NTRF000090067428//180009
PAGO
:61:090122D000000007751,18NTRF000090067427//180009
PAGO
:61:090122D000000001969,20NTRF000090067426//180009
PAGO
:61:090122D000000001292,40NTRF000090067425//180009
PAGO
:61:090122D000000001722,60NTRF000090067424//180009
PAGO
:62M:D090122VEF000001655754,47
-}{5:{CHK:1143FB20924B}}{S:{COP:S}}${1:F21VZCRVECAAXXX5410610696}{4:{177:0404021720}{451:0}}{1:F01VZCRVECAAXXX5410610696}{2:09501717040402VZCRVECAAXXX40812675430404021720N}{3:{108:SCONNECT}}{4:
:20:MI090122
:25:1111111111
:28C:0546/029
:60M:D090122VEF000001655754,47
:61:090122D000000002023,20NTRF000090067423//180009
PAGO
:61:090122D000000002275,20NTRF000090067422//180009
PAGO
:61:090122D000000006263,85NTRF000044971932//180009
PAGO
:61:090122D000000000899,89NTRF000001000061//180009
PAGO
:61:090122D000000000899,89NTRF000001000060//180009
PAGO
:61:090122D000000005000,00NTRF000001000047//180009
PAGO
:61:090122D000000015000,00NTRF000001000045//180009
PAGO
:61:090122D000000054490,05NTRF000001000044//180009
PAGO
:61:090122D000000002798,21NTRF000001000043//180009
PAGO
:62M:D090122VEF000001745404,76
-}{5:{CHK:1143FB20924B}}{S:{COP:S}}${1:F21VZCRVECAAXXX5410610696}{4:{177:0404021720}{451:0}}{1:F01VZCRVECAAXXX5410610696}{2:09501717040402VZCRVECAAXXX40812675430404021720N}{3:{108:SCONNECT}}{4:
:20:MI090122
:25:1111111111
:28C:0546/030
:60M:D090122VEF000001745404,76
:61:090122D000000006664,72NTRF000001000042//180009
PAGO
:61:090122D000000000250,00NTRF000001000041//180009
PAGO
:61:090122D000000009545,71NTRF000000698999//180009
PAGO
:61:090122D000000006714,03NTRF000000698998//180009
PAGO
:61:090122D000000006119,70NTRF000000698997//180009
PAGO
:61:090122D000000000414,51NTRF000000698996//180009
PAGO
:61:090122D000000001584,10NTRF000000698995//180009
PAGO
:61:090122D000000000647,97NTRF000000698994//180009
PAGO
:61:090122D000000043620,54NTRF000000698993//180009
PAGO
:62M:D090122VEF000001820966,04
-}{5:{CHK:1143FB20924B}}{S:{COP:S}}${1:F21VZCRVECAAXXX5410610696}{4:{177:0404021720}{451:0}}{1:F01VZCRVECAAXXX5410610696}{2:09501717040402VZCRVECAAXXX40812675430404021720N}{3:{108:SCONNECT}}{4:
:20:MI090122
:25:1111111111
:28C:0546/031
:60M:D090122VEF000001820966,04
:61:090122D000000000806,19NTRF000000698991//180009
PAGO
:61:090122D000000003857,47NTRF000000698990//180009
PAGO
:61:090122D000000000070,00NTRF000014055540//180009
PAGO
:61:090122D000000003500,00NTRF000013491259//180009
PAGO
:61:090122D000000001950,00NTRF000009747229//180009
PAGO
:61:090122D000000000250,00NTRF000008827836//180009
PAGO
:61:090122D000000000080,00NTRF000007235019//180009
PAGO
:61:090122D000000000800,00NTRF000006401331//180009
PAGO
:61:090122D000000000100,00NTRF000005998122//180009
PAGO
:62M:D090122VEF000001832379,70
-}{5:{CHK:1143FB20924B}}{S:{COP:S}}${1:F21VZCRVECAAXXX5410610696}{4:{177:0404021720}{451:0}}{1:F01VZCRVECAAXXX5410610696}{2:09501717040402VZCRVECAAXXX40812675430404021720N}{3:{108:SCONNECT}}{4:
:20:MI090122
:25:1111111111
:28C:0546/032
:60M:D090122VEF000001832379,70
:61:090122D000000000700,00NTRF000004363364//180009
PAGO
:61:090122D000000000150,00NTRF000003305472//180009
PAGO
:61:090122D000000020000,00NTRF000099949268//180009
PAGO
:61:090122D000000000730,00NTRF000099947287//180009
PAGO
:61:090122D000000025000,00NTRF000099816452//180009
PAGO
:61:090122D000000000500,00NTRF000099754928//180009
PAGO
:61:090122D000000025000,00NTRF000099707431//180009
PAGO
:61:090122D000000000200,00NTRF000099555996//180009
PAGO
:61:090122D000000000750,00NTRF000099413774//180009
PAGO
:62M:D090122VEF000001905409,70
-}{5:{CHK:1143FB20924B}}{S:{COP:S}}${1:F21VZCRVECAAXXX5410610696}{4:{177:0404021720}{451:0}}{1:F01VZCRVECAAXXX5410610696}{2:09501717040402VZCRVECAAXXX40812675430404021720N}{3:{108:SCONNECT}}{4:
:20:MI090122
:25:1111111111
:28C:0546/033
:60M:D090122VEF000001905409,70
:61:090122D000000000060,00NTRF000099341025//180009
PAGO
:61:090122D000000000060,00NTRF000099293048//180009
PAGO
:61:090122D000000000790,00NTRF000075073058//180009
PAGO
:61:090122D000000000200,00NTRF000075056502//180009
PAGO
:61:090122D000000002495,00NTRF000075051283//180009
PAGO
:61:090122D000000003000,00NTRF000074967090//180009
PAGO
:61:090122D000000000800,00NTRF000074903495//180009
PAGO
:61:090122D000000014175,00NTRF000074856643//180009
PAGO
:61:090122D000000000560,00NTRF000074254890//180009
PAGO
:62M:D090122VEF000001927549,70
-}{5:{CHK:1143FB20924B}}{S:{COP:S}}${1:F21VZCRVECAAXXX5410610696}{4:{177:0404021720}{451:0}}{1:F01VZCRVECAAXXX5410610696}{2:09501717040402VZCRVECAAXXX40812675430404021720N}{3:{108:SCONNECT}}{4:
:20:MI090122
:25:1111111111
:28C:0546/034
:60M:D090122VEF000001927549,70
:61:090122D000000000408,36NTRF000074244168//180009
PAGO
:61:090122D000000001700,00NTRF000074181156//180009
PAGO
:61:090122D000000000100,00NTRF000047975878//180009
PAGO
:61:090122D000000004500,00NTRF000047228519//180009
PAGO
:61:090122D000000002000,00NTRF000047173137//180009
PAGO
:61:090122D000000002340,00NTRF000047157905//180009
PAGO
:61:090122D000000006000,00NTRF000046979183//180009
PAGO
:61:090122D000000000150,00NTRF000046895909//180009
PAGO
:61:090122D000000010355,00NTRF000046505085//180009
PAGO
:62M:D090122VEF000001955103,06
-}{5:{CHK:1143FB20924B}}{S:{COP:S}}${1:F21VZCRVECAAXXX5410610696}{4:{177:0404021720}{451:0}}{1:F01VZCRVECAAXXX5410610696}{2:09501717040402VZCRVECAAXXX40812675430404021720N}{3:{108:SCONNECT}}{4:
:20:MI090122
:25:1111111111
:28C:0546/035
:60M:D090122VEF000001955103,06
:61:090122D000000001665,00NTRF000046337045//180009
PAGO
:61:090122D000000000560,00NTRF000046250554//180009
PAGO
:61:090122D000000001000,00NTRF000024007736//180009
PAGO
:61:090122D000000000150,00NTRF000023888145//180009
PAGO
:61:090122D000000000200,00NTRF000023854502//180009
PAGO
:61:090122D000000004000,00NTRF000023455355//180009
PAGO
:61:090122D000000000065,00NTRF000023449963//180009
PAGO
:61:090122D000000001350,00NTRF000023353625//180009
PAGO
:61:090122D000000001500,00NTRF000023248709//180009
PAGO
:62M:D090122VEF000001965593,06
-}{5:{CHK:1143FB20924B}}{S:{COP:S}}${1:F21VZCRVECAAXXX5410610696}{4:{177:0404021720}{451:0}}{1:F01VZCRVECAAXXX5410610696}{2:09501717040402VZCRVECAAXXX40812675430404021720N}{3:{108:SCONNECT}}{4:
:20:MI090122
:25:1111111111
:28C:0546/036
:60M:D090122VEF000001965593,06
:61:090122D000000000512,80NTRF000023018284//180009
PAGO
:61:090122D000000000360,00NTRF000022867472//180009
PAGO
:61:090122D000000000200,00NTRF000094843005//180009
PAGO
:61:090122D000000000200,00NTRF000094797005//180009
PAGO
:61:090122D000000000200,00NTRF000094733005//180009
PAGO
:61:090122D000000000340,00NTRF000094374909//180009
PAGO
:61:090122D000000000050,00NTRF000093855179//180009
PAGO
:61:090122D000000001000,00NTRF000093826232//180009
PAGO
:61:090122D000000000050,00NTRF000093812179//180009
PAGO
:62M:D090122VEF000001968505,86
-}{5:{CHK:1143FB20924B}}{S:{COP:S}}${1:F21VZCRVECAAXXX5410610696}{4:{177:0404021720}{451:0}}{1:F01VZCRVECAAXXX5410610696}{2:09501717040402VZCRVECAAXXX40812675430404021720N}{3:{108:SCONNECT}}{4:
:20:MI090122
:25:1111111111
:28C:0546/037
:60M:D090122VEF000001968505,86
:61:090122D000000000200,00NTRF000093470548//180009
PAGO
:61:090122D000000000412,00NTRF000093311363//180009
PAGO
:61:090122D000000000602,32NTRF000068145144//180009
PAGO
:61:090122D000000000100,00NTRF000068124273//180009
PAGO
:61:090122D000000000400,00NTRF000067754939//180009
PAGO
:61:090122D000000000528,00NTRF000067406150//180009
PAGO
:61:090122D000000000540,00NTRF000067368215//180009
PAGO
:61:090122D000000001500,00NTRF000067280553//180009
PAGO
:61:090122D000000001000,00NTRF000067259056//180009
PAGO
:62M:D090122VEF000001973788,18
-}{5:{CHK:1143FB20924B}}{S:{COP:S}}${1:F21VZCRVECAAXXX5410610696}{4:{177:0404021720}{451:0}}{1:F01VZCRVECAAXXX5410610696}{2:09501717040402VZCRVECAAXXX40812675430404021720N}{3:{108:SCONNECT}}{4:
:20:MI090122
:25:1111111111
:28C:0546/038
:60M:D090122VEF000001973788,18
:61:090122D000000002346,80NTRF000067000656//180009
PAGO
:61:090122D000000000600,00NTRF000066993644//180009
PAGO
:61:090122D000000000300,00NTRF000039025982//180009
PAGO
:61:090122D000000000010,00NTRF000038445436//180009
PAGO
:61:090122D000000002923,79NTRF000038229443//180009
PAGO
:61:090122D000000000900,00NTRF000038057761//180009
PAGO
:61:090122D000000000150,00NTRF000037158458//180009
PAGO
:61:090122D000000000470,00NTRF000037114208//180009
PAGO
:61:090122D000000000940,00NTRF000037058067//180009
PAGO
:62M:D090122VEF000001982428,77
-}{5:{CHK:1143FB20924B}}{S:{COP:S}}${1:F21VZCRVECAAXXX5410610696}{4:{177:0404021720}{451:0}}{1:F01VZCRVECAAXXX5410610696}{2:09501717040402VZCRVECAAXXX40812675430404021720N}{3:{108:SCONNECT}}{4:
:20:MI090122
:25:1111111111
:28C:0546/039
:60M:D090122VEF000001982428,77
:61:090122D000000002200,00NTRF000036944900//180009
PAGO
:61:090122D000000001000,00NTRF000036686759//180009
PAGO
:61:090122D000000003200,00NTRF000002573842//180009
PAGO
:61:090122D000000000150,00NTRF000002404476//180009
PAGO
:61:090122D000000000500,00NTRF000002200652//180009
PAGO
:61:090122D000000001000,00NTRF000002194366//180009
PAGO
:61:090122D000000000500,00NTRF000002181652//180009
PAGO
:61:090122D000000000032,25NTRF000002063764//180009
PAGO
:61:090122D000000000300,00NTRF000001810040//180009
PAGO
:62M:D090122VEF000001991311,02
-}{5:{CHK:1143FB20924B}}{S:{COP:S}}${1:F21VZCRVECAAXXX5410610696}{4:{177:0404021720}{451:0}}{1:F01VZCRVECAAXXX5410610696}{2:09501717040402VZCRVECAAXXX40812675430404021720N}{3:{108:SCONNECT}}{4:
:20:MI090122
:25:1111111111
:28C:0546/040
:60M:D090122VEF000001991311,02
:61:090122D000000003500,00NTRF000001355508//180009
PAGO
:61:090122D000000000200,00NTRF000001032227//180009
PAGO
:61:090122D000000001580,00NTRF000045018732//180009
PAGO
:61:090122D000000000292,68NTRF000045018632//180009
PAGO
:61:090122D000000000648,69NTRF000045018532//180009
PAGO
:61:090122D000000000440,84NTRF000045018232//180009
PAGO
:61:090122D000000000174,18NTRF000045018132//180009
PAGO
:61:090122D000000000150,58NTRF000045018032//180009
PAGO
:61:090122D000000000252,90NTRF000045017932//180009
PAGO
:62M:D090122VEF000001998550,89
-}{5:{CHK:1143FB20924B}}{S:{COP:S}}${1:F21VZCRVECAAXXX5410610696}{4:{177:0404021720}{451:0}}{1:F01VZCRVECAAXXX5410610696}{2:09501717040402VZCRVECAAXXX40812675430404021720N}{3:{108:SCONNECT}}{4:
:20:MI090122
:25:1111111111
:28C:0546/041
:60M:D090122VEF000001998550,89
:61:090122D000000000276,50NTRF000045017732//180009
PAGO
:61:090122D000000000694,30NTRF000045017632//180009
PAGO
:61:090122D000000003250,00NTRF000094934322//180009
PAGO
:61:090122D000000000350,00NTRF000094888472//180009
PAGO
:61:090122D000000000500,00NTRF000094886488//180009
PAGO
:61:090122D000000000650,00NTRF000094823212//180009
PAGO
:61:090122D000000001800,00NTRF000094802723//180009
PAGO
:61:090122D000000000600,00NTRF000094595696//180009
PAGO
:61:090122D000000000239,04NTRF000094446608//180009
PAGO
:62M:D090122VEF000002006910,73
-}{5:{CHK:1143FB20924B}}{S:{COP:S}}${1:F21VZCRVECAAXXX5410610696}{4:{177:0404021720}{451:0}}{1:F01VZCRVECAAXXX5410610696}{2:09501717040402VZCRVECAAXXX40812675430404021720N}{3:{108:SCONNECT}}{4:
:20:MI090122
:25:1111111111
:28C:0546/042
:60M:D090122VEF000002006910,73
:61:090122D000000000500,00NTRF000094417303//180009
PAGO
:61:090122D000000001500,00NTRF000094414235//180009
PAGO
:61:090122D000000001500,00NTRF000076466202//180009
PAGO
:61:090122D000000000040,00NTRF000076434987//180009
PAGO
:61:090122D000000000500,00NTRF000076389759//180009
PAGO
:61:090122D000000004000,00NTRF000076037000//180009
PAGO
:61:090122D000000000300,00NTRF000075846421//180009
PAGO
:61:090122D000000000400,00NTRF000075807108//180009
PAGO
:61:090122D000000000250,00NTRF000075774868//180009
PAGO
:62M:D090122VEF000002015900,73
-}{5:{CHK:1143FB20924B}}{S:{COP:S}}${1:F21VZCRVECAAXXX5410610696}{4:{177:0404021720}{451:0}}{1:F01VZCRVECAAXXX5410610696}{2:09501717040402VZCRVECAAXXX40812675430404021720N}{3:{108:SCONNECT}}{4:
:20:MI090122
:25:1111111111
:28C:0546/043
:60M:D090122VEF000002015900,73
:61:090122D000000000528,61NTRF000075733668//180009
PAGO
:61:090122D000000000366,00NTRF000075721328//180009
PAGO
:61:090122D000000001720,00NTRF000062983961//180009
PAGO
:61:090122D000000003290,93NTRF000062919436//180009
PAGO
:61:090122D000000000800,00NTRF000062910163//180009
PAGO
:61:090122D000000000500,00NTRF000062718085//180009
PAGO
:61:090122D000000001000,00NTRF000062577764//180009
PAGO
:61:090122D000000001700,00NTRF000062539958//180009
PAGO
:61:090122D000000001050,00NTRF000062366198//180009
PAGO
:62M:D090122VEF000002026856,27
-}{5:{CHK:1143FB20924B}}{S:{COP:S}}${1:F21VZCRVECAAXXX5410610696}{4:{177:0404021720}{451:0}}{1:F01VZCRVECAAXXX5410610696}{2:09501717040402VZCRVECAAXXX40812675430404021720N}{3:{108:SCONNECT}}{4:
:20:MI090122
:25:1111111111
:28C:0546/044
:60M:D090122VEF000002026856,27
:61:090122D000000001200,00NTRF000062280238//180009
PAGO
:61:090122D000000000500,00NTRF000062266317//180009
PAGO
:61:090122D000000000550,00NTRF000047952248//180009
PAGO
:61:090122D000000002180,00NTRF000047832177//180009
PAGO
:61:090122D000000000241,57NTRF000047536293//180009
PAGO
:61:090122D000000000578,82NTRF000047482066//180009
PAGO
:61:090122D000000000425,00NTRF000047396718//180009
PAGO
:61:090122D000000000200,00NTRF000047387342//180009
PAGO
:61:090122D000000000200,00NTRF000046947584//180009
PAGO
:62M:D090122VEF000002032931,66
-}{5:{CHK:1143FB20924B}}{S:{COP:S}}${1:F21VZCRVECAAXXX5410610696}{4:{177:0404021720}{451:0}}{1:F01VZCRVECAAXXX5410610696}{2:09501717040402VZCRVECAAXXX40812675430404021720N}{3:{108:SCONNECT}}{4:
:20:MI090122
:25:1111111111
:28C:0546/045
:60M:D090122VEF000002032931,66
:61:090122D000000000100,00NTRF000046818913//180009
PAGO
:61:090122D000000010000,00NTRF000046745422//180009
PAGO
:61:090122D000000000657,00NTRF000031050850//180009
PAGO
:61:090122D000000011000,00NTRF000030921501//180009
PAGO
:61:090122D000000000200,00NTRF000030777031//180009
PAGO
:61:090122D000000000120,00NTRF000030758296//180009
PAGO
:61:090122D000000000745,00NTRF000030753561//180009
PAGO
:61:090122D000000011111,00NTRF000030648956//180009
PAGO
:61:090122D000000000200,00NTRF000030562209//180009
PAGO
:62M:D090122VEF000002067064,66
-}{5:{CHK:1143FB20924B}}{S:{COP:S}}${1:F21VZCRVECAAXXX5410610696}{4:{177:0404021720}{451:0}}{1:F01VZCRVECAAXXX5410610696}{2:09501717040402VZCRVECAAXXX40812675430404021720N}{3:{108:SCONNECT}}{4:
:20:MI090122
:25:1111111111
:28C:0546/046
:60M:D090122VEF000002067064,66
:61:090122D000000005000,00NTRF000030478300//180009
PAGO
:61:090122D000000005000,00NTRF000030381826//180009
PAGO
:61:090122D000000000276,85NTRF000015156100//180009
PAGO
:61:090122D000000000529,00NTRF000015034731//180009
PAGO
:61:090122D000000002000,00NTRF000014902018//180009
PAGO
:61:090122D000000000350,00NTRF000014881412//180009
PAGO
:61:090122D000000000093,74NTRF000014854677//180009
PAGO
:61:090122D000000000550,00NTRF000014738543//180009
PAGO
:61:090122D000000002732,00NTRF000014637036//180009
PAGO
:62M:D090122VEF000002083596,25
-}{5:{CHK:1143FB20924B}}{S:{COP:S}}${1:F21VZCRVECAAXXX5410610696}{4:{177:0404021720}{451:0}}{1:F01VZCRVECAAXXX5410610696}{2:09501717040402VZCRVECAAXXX40812675430404021720N}{3:{108:SCONNECT}}{4:
:20:MI090122
:25:1111111111
:28C:0546/047
:60M:D090122VEF000002083596,25
:61:090122D000000000500,00NTRF000014433949//180009
PAGO
:61:090122D000000005166,60NTRF000014306411//180009
PAGO
:61:090122D000000007000,00NTRF000098011037//180009
PAGO
:61:090122D000000000300,00NTRF000097988767//180009
PAGO
:61:090122D000000001677,00NTRF000097833113//180009
PAGO
:61:090122D000000000052,25NTRF000097757927//180009
PAGO
:61:090122D000000000250,00NTRF000097692355//180009
PAGO
:61:090122D000000000010,00NTRF000097505123//180009
PAGO
:61:090122D000000000010,00NTRF000097399123//180009
PAGO
:62M:D090122VEF000002098562,10
-}{5:{CHK:1143FB20924B}}{S:{COP:S}}${1:F21VZCRVECAAXXX5410610696}{4:{177:0404021720}{451:0}}{1:F01VZCRVECAAXXX5410610696}{2:09501717040402VZCRVECAAXXX40812675430404021720N}{3:{108:SCONNECT}}{4:
:20:MI090122
:25:1111111111
:28C:0546/048
:60M:D090122VEF000002098562,10
:61:090122D000000000200,00NTRF000097254417//180009
PAGO
:61:090122D000000000081,00NTRF000097141659//180009
PAGO
:61:090122D000000000432,20NTRF000074451878//180009
PAGO
:61:090122D000000000150,00NTRF000074400571//180009
PAGO
:61:090122D000000000200,00NTRF000074278518//180009
PAGO
:61:090122D000000000075,00NTRF000074056497//180009
PAGO
:61:090122D000000000350,00NTRF000073626330//180009
PAGO
:61:090122D000000000034,00NTRF000073086896//180009
PAGO
:61:090122D000000000600,00NTRF000073060092//180009
PAGO
:62M:D090122VEF000002100684,30
-}{5:{CHK:1143FB20924B}}{S:{COP:S}}${1:F21VZCRVECAAXXX5410610696}{4:{177:0404021720}{451:0}}{1:F01VZCRVECAAXXX5410610696}{2:09501717040402VZCRVECAAXXX40812675430404021720N}{3:{108:SCONNECT}}{4:
:20:MI090122
:25:1111111111
:28C:0546/049
:60M:D090122VEF000002100684,30
:61:090122D000000000943,43NTRF000072788581//180009
PAGO
:61:090122D000000000300,00NTRF000050693766//180009
PAGO
:61:090122D000000000106,00NTRF000050591575//180009
PAGO
:61:090122D000000000879,04NTRF000050235088//180009
PAGO
:61:090122D000000000200,00NTRF000050213111//180009
PAGO
:61:090122D000000000125,00NTRF000050083120//180009
PAGO
:61:090122D000000000150,00NTRF000049899882//180009
PAGO
:61:090122D000000000050,00NTRF000049828485//180009
PAGO
:61:090122D000000000222,00NTRF000049143296//180009
PAGO
:62M:D090122VEF000002103659,77
-}{5:{CHK:1143FB20924B}}{S:{COP:S}}${1:F21VZCRVECAAXXX5410610696}{4:{177:0404021720}{451:0}}{1:F01VZCRVECAAXXX5410610696}{2:09501717040402VZCRVECAAXXX40812675430404021720N}{3:{108:SCONNECT}}{4:
:20:MI090122
:25:1111111111
:28C:0546/050
:60M:D090122VEF000002103659,77
:61:090122D000000000150,00NTRF000049116882//180009
PAGO
:61:090122D000000000200,00NTRF000026264299//180009
PAGO
:61:090122D000000000200,00NTRF000026233299//180009
PAGO
:61:090122D000000000500,00NTRF000026022850//180009
PAGO
:61:090122D000000000030,00NTRF000025903307//180009
PAGO
:61:090122D000000001000,00NTRF000025854589//180009
PAGO
:61:090122D000000000400,00NTRF000025151360//180009
PAGO
:61:090122D000000000304,00NTRF000025104716//180009
PAGO
:61:090122D000000000230,00NTRF000025018110//180009
PAGO
:62M:D090122VEF000002106673,77
-}{5:{CHK:1143FB20924B}}{S:{COP:S}}${1:F21VZCRVECAAXXX5410610696}{4:{177:0404021720}{451:0}}{1:F01VZCRVECAAXXX5410610696}{2:09501717040402VZCRVECAAXXX40812675430404021720N}{3:{108:SCONNECT}}{4:
:20:MI090122
:25:1111111111
:28C:0546/051
:60M:D090122VEF000002106673,77
:61:090122D000000000100,00NTRF000024669798//180009
PAGO
:61:090122D000000000250,00NTRF000001856650//180009
PAGO
:61:090122D000000001000,00NTRF000001812565//180009
PAGO
:61:090122D000000001500,00NTRF000001727532//180009
PAGO
:61:090122D000000001426,00NTRF000001385543//180009
PAGO
:61:090122D000000000120,00NTRF000000906413//180009
PAGO
:61:090122D000000003430,00NTRF000000781574//180009
PAGO
:61:090122D000000005419,06NTRF000000629561//180009
PAGO
:61:090122D000000000800,00NTRF000000515719//180009
PAGO
:62M:D090122VEF000002120718,83
-}{5:{CHK:1143FB20924B}}{S:{COP:S}}${1:F21VZCRVECAAXXX5410610696}{4:{177:0404021720}{451:0}}{1:F01VZCRVECAAXXX5410610696}{2:09501717040402VZCRVECAAXXX40812675430404021720N}{3:{108:SCONNECT}}{4:
:20:MI090122
:25:1111111111
:28C:0546/052
:60M:D090122VEF000002120718,83
:61:090122D000000000300,00NTRF000000489190//180009
PAGO
:61:090122D000000000793,14NTRF000000080346//180009
PAGO
:61:090122D000000468696,52NTRF000000080345//180009
PAGO
:61:090122D000000002037,00NTRF000000080344//180009
PAGO
:61:090122D000000002423,18NTRF000000080343//180009
PAGO
:61:090122D000000019424,40NTRF000000080342//180009
PAGO
:61:090122D000000008898,35NTRF000000080341//180009
PAGO
:61:090122D000000016066,48NTRF000000080340//180009
PAGO
:61:090122D000000002272,35NTRF000000080339//180009
PAGO
:62M:D090122VEF000002641630,25
-}{5:{CHK:1143FB20924B}}{S:{COP:S}}${1:F21VZCRVECAAXXX5410610696}{4:{177:0404021720}{451:0}}{1:F01VZCRVECAAXXX5410610696}{2:09501717040402VZCRVECAAXXX40812675430404021720N}{3:{108:SCONNECT}}{4:
:20:MI090122
:25:1111111111
:28C:0546/053
:60M:D090122VEF000002641630,25
:61:090122D000000002542,48NTRF000000080338//180009
PAGO
:61:090122D000000000336,50NTRF000021010324//180009
PAGO
:61:090122D000000056598,50NTRF000021010323//180009
PAGO
:61:090122D000000000599,50NTRF000021010322//180009
PAGO
:61:090122D000000000499,50NTRF000021010321//180009
PAGO
:61:090122D000000007815,50NTRF000021010320//180009
PAGO
:61:090122D000000008741,50NTRF000021010319//180009
PAGO
:61:090122D000000015956,50NTRF000021010318//180009
PAGO
:61:090122D000000002316,50NTRF000021010317//180009
PAGO
:62M:D090122VEF000002737036,73
-}{5:{CHK:1143FB20924B}}{S:{COP:S}}${1:F21VZCRVECAAXXX5410610696}{4:{177:0404021720}{451:0}}{1:F01VZCRVECAAXXX5410610696}{2:09501717040402VZCRVECAAXXX40812675430404021720N}{3:{108:SCONNECT}}{4:
:20:MI090122
:25:1111111111
:28C:0546/054
:60M:D090122VEF000002737036,73
:61:090122D000000000400,00NTRF000021010316//180009
PAGO
:61:090122D000000000315,31NTRF000000049493//180009
PAGO
:61:090122D000000000270,38NTRF000000049492//180009
PAGO
:61:090122D000000000446,15NTRF000000049490//180009
PAGO
:61:090122D000000000598,97NTRF000000049489//180009
PAGO
:61:090122D000000000258,36NTRF000000049488//180009
PAGO
:61:090122D000000000413,38NTRF000000049487//180009
PAGO
:61:090122D000000000378,93NTRF000000049486//180009
PAGO
:61:090122D000000000429,81NTRF000000049485//180009
PAGO
:62M:D090122VEF000002740548,02
-}{5:{CHK:1143FB20924B}}{S:{COP:S}}${1:F21VZCRVECAAXXX5410610696}{4:{177:0404021720}{451:0}}{1:F01VZCRVECAAXXX5410610696}{2:09501717040402VZCRVECAAXXX40812675430404021720N}{3:{108:SCONNECT}}{4:
:20:MI090122
:25:1111111111
:28C:0546/055
:60M:D090122VEF000002740548,02
:61:090122D000000000260,04NTRF000000049484//180009
PAGO
:61:090122D000000000845,16NTRF000000049184//180009
PAGO
:61:090122D000000000274,24NTRF000000049183//180009
PAGO
:61:090122D000000000428,44NTRF000000049182//180009
PAGO
:61:090122D000000000300,61NTRF000000049181//180009
PAGO
:61:090122D000000000923,38NTRF000000049180//180009
PAGO
:61:090122D000000000322,40NTRF000000049179//180009
PAGO
:61:090122D000000001128,43NTRF000000049178//180009
PAGO
:61:090122D000000000565,61NTRF000000049177//180009
PAGO
:62M:D090122VEF000002745596,33
-}{5:{CHK:1143FB20924B}}{S:{COP:S}}${1:F21VZCRVECAAXXX5410610696}{4:{177:0404021720}{451:0}}{1:F01VZCRVECAAXXX5410610696}{2:09501717040402VZCRVECAAXXX40812675430404021720N}{3:{108:SCONNECT}}{4:
:20:MI090122
:25:1111111111
:28C:0546/056
:60M:D090122VEF000002745596,33
:61:090122D000000004133,19NTRF000000049144//180009
PAGO
:61:090122D000000000347,06NTRF000000001476//180009
PAGO
:61:090122D000000001074,07NTRF000000001475//180009
PAGO
:61:090122D000000000619,57NTRF000000001474//180009
PAGO
:61:090122D000000001763,14NTRF000000001473//180009
PAGO
:61:090122D000000003274,53NTRF000000001472//180009
PAGO
:61:090122D000000000928,17NTRF000000001471//180009
PAGO
:61:090122D000000008088,34NTRF000000001470//180009
PAGO
:61:090122D000000008781,98NTRF000000001469//180009
PAGO
:62M:D090122VEF000002774606,38
-}{5:{CHK:1143FB20924B}}{S:{COP:S}}${1:F21VZCRVECAAXXX5410610696}{4:{177:0404021720}{451:0}}{1:F01VZCRVECAAXXX5410610696}{2:09501717040402VZCRVECAAXXX40812675430404021720N}{3:{108:SCONNECT}}{4:
:20:MI090122
:25:1111111111
:28C:0546/057
:60M:D090122VEF000002774606,38
:61:090122D000000000443,27NTRF000000001468//180009
PAGO
:61:090122D000000002998,80NTRF000090067572//180009
PAGO
:61:090122D000000002550,60NTRF000090067571//180009
PAGO
:61:090122D000000001202,40NTRF000090067570//180009
PAGO
:61:090122D000000001481,40NTRF000090067569//180009
PAGO
:61:090122D000000001481,40NTRF000090067568//180009
PAGO
:61:090122D000000002698,20NTRF000090067567//180009
PAGO
:61:090122D000000000720,00NTRF000090067566//180009
PAGO
:61:090122D000000003007,80NTRF000090067565//180009
PAGO
:62M:D090122VEF000002791190,25
-}{5:{CHK:1143FB20924B}}{S:{COP:S}}${1:F21VZCRVECAAXXX5410610696}{4:{177:0404021720}{451:0}}{1:F01VZCRVECAAXXX5410610696}{2:09501717040402VZCRVECAAXXX40812675430404021720N}{3:{108:SCONNECT}}{4:
:20:MI090122
:25:1111111111
:28C:0546/058
:60M:D090122VEF000002791190,25
:61:090122D000000001306,80NTRF000090067564//180009
PAGO
:61:090122D000000002111,40NTRF000090067421//180009
PAGO
:61:090122D000000000819,89NTRF000090067420//180009
PAGO
:61:090122D000000001476,00NTRF000090067419//180009
PAGO
:61:090122D000000001846,80NTRF000090067418//180009
PAGO
:61:090122D000000014682,60NTRF000090067416//180009
PAGO
:61:090122D000000001000,80NTRF000090067415//180009
PAGO
:61:090122D000000003364,20NTRF000090067414//180009
PAGO
:61:090122D000000006363,00NTRF000090067413//180009
PAGO
:62M:D090122VEF000002824161,74
-}{5:{CHK:1143FB20924B}}{S:{COP:S}}${1:F21VZCRVECAAXXX5410610696}{4:{177:0404021720}{451:0}}{1:F01VZCRVECAAXXX5410610696}{2:09501717040402VZCRVECAAXXX40812675430404021720N}{3:{108:SCONNECT}}{4:
:20:MI090122
:25:1111111111
:28C:0546/059
:60M:D090122VEF000002824161,74
:61:090122D000000001164,60NTRF000090067412//180009
PAGO
:61:090122D000000190834,76NTRF000001000040//180009
PAGO
:61:090122D000000006248,94NTRF000001000039//180009
PAGO
:61:090122D000000008448,00NTRF000001000038//180009
PAGO
:61:090122D000000004335,53NTRF000001000037//180009
PAGO
:61:090122D000000000718,77NTRF000001000036//180009
PAGO
:61:090122D000000000385,65NTRF000000699137//180009
PAGO
:61:090122D000000007612,28NTRF000000699136//180009
PAGO
:61:090122D000000000163,28NTRF000000699135//180009
PAGO
:62M:D090122VEF000003044073,55
-}{5:{CHK:1143FB20924B}}{S:{COP:S}}${1:F21VZCRVECAAXXX5410610696}{4:{177:0404021720}{451:0}}{1:F01VZCRVECAAXXX5410610696}{2:09501717040402VZCRVECAAXXX40812675430404021720N}{3:{108:SCONNECT}}{4:
:20:MI090122
:25:1111111111
:28C:0546/060
:60M:D090122VEF000003044073,55
:61:090122D000000002528,85NTRF000000699134//180009
PAGO
:61:090122D000000000008,00NTRF000000698989//180009
PAGO
:61:090122D000000000200,00NTRF000000698987//180009
PAGO
:61:090122D000000001086,64NTRF000000698986//180009
PAGO
:61:090122D000000000044,01NTRF000000698985//180009
PAGO
:61:090122D000000000283,37NTRF000000698984//180009
PAGO
:61:090122D000000002051,26NTRF000000698982//180009
PAGO
:61:090122D000000000500,00NTRF000001708425//180009
PAGO
:61:090122D000000000200,00NTRF000099783297//180009
PAGO
:62M:D090122VEF000003050975,68
-}{5:{CHK:1143FB20924B}}{S:{COP:S}}${1:F21VZCRVECAAXXX5410610696}{4:{177:0404021720}{451:0}}{1:F01VZCRVECAAXXX5410610696}{2:09501717040402VZCRVECAAXXX40812675430404021720N}{3:{108:SCONNECT}}{4:
:20:MI090122
:25:1111111111
:28C:0546/061
:60M:D090122VEF000003050975,68
:61:090122D000000000500,00NTRF000099549695//180009
PAGO
:61:090122D000000000835,87NTRF000098462119//180009
PAGO
:61:090122D000000000060,00NTRF000094008363//180009
PAGO
:61:090122D000000002000,00NTRF000089970044//180009
PAGO
:61:090122D000000000075,00NTRF000087326247//180009
PAGO
:61:090122D000000000150,00NTRF000086903568//180009
PAGO
:61:090122D000000000410,75NTRF000086571506//180009
PAGO
:61:090122D000000001000,00NTRF000099257427//180009
PAGO
:61:090122D000000003000,00NTRF000099187065//180009
PAGO
:62M:D090122VEF000003059007,30
-}{5:{CHK:1143FB20924B}}{S:{COP:S}}${1:F21VZCRVECAAXXX5410610696}{4:{177:0404021720}{451:0}}{1:F01VZCRVECAAXXX5410610696}{2:09501717040402VZCRVECAAXXX40812675430404021720N}{3:{108:SCONNECT}}{4:
:20:MI090122
:25:1111111111
:28C:0546/062
:60M:D090122VEF000003059007,30
:61:090122D000000001200,00NTRF000099002656//180009
PAGO
:61:090122D000000003000,00NTRF000098899567//180009
PAGO
:61:090122D000000001600,00NTRF000098236797//180009
PAGO
:61:090122D000000000400,00NTRF000098048605//180009
PAGO
:61:090122D000000000300,00NTRF000097940870//180009
PAGO
:61:090122D000000001000,00NTRF000097893983//180009
PAGO
:61:090122D000000000450,00NTRF000097706857//180009
PAGO
:61:090122D000000026000,00NTRF000073927690//180009
PAGO
:61:090122D000000000200,00NTRF000073810141//180009
PAGO
:62M:D090122VEF000003093157,30
-}{5:{CHK:1143FB20924B}}{S:{COP:S}}${1:F21VZCRVECAAXXX5410610696}{4:{177:0404021720}{451:0}}{1:F01VZCRVECAAXXX5410610696}{2:09501717040402VZCRVECAAXXX40812675430404021720N}{3:{108:SCONNECT}}{4:
:20:MI090122
:25:1111111111
:28C:0546/063
:60M:D090122VEF000003093157,30
:61:090122D000000001040,00NTRF000073551211//180009
PAGO
:61:090122D000000003000,00NTRF000073490638//180009
PAGO
:61:090122D000000000500,00NTRF000073447285//180009
PAGO
:61:090122D000000001500,00NTRF000073406058//180009
PAGO
:61:090122D000000000200,00NTRF000073257420//180009
PAGO
:61:090122D000000000200,00NTRF000073183063//180009
PAGO
:61:090122D000000003400,00NTRF000073122290//180009
PAGO
:61:090122D000000000853,66NTRF000046061187//180009
PAGO
:61:090122D000000003534,00NTRF000045946978//180009
PAGO
:62M:D090122VEF000003107384,96
-}{5:{CHK:1143FB20924B}}{S:{COP:S}}${1:F21VZCRVECAAXXX5410610696}{4:{177:0404021720}{451:0}}{1:F01VZCRVECAAXXX5410610696}{2:09501717040402VZCRVECAAXXX40812675430404021720N}{3:{108:SCONNECT}}{4:
:20:MI090122
:25:1111111111
:28C:0546/064
:60M:D090122VEF000003107384,96
:61:090122D000000000955,00NTRF000045941904//180009
PAGO
:61:090122D000000014000,00NTRF000045920119//180009
PAGO
:61:090122D000000000145,30NTRF000045830510//180009
PAGO
:61:090122D000000001000,00NTRF000045630898//180009
PAGO
:61:090122D000000000018,00NTRF000045236531//180009
PAGO
:61:090122D000000000545,00NTRF000044376670//180009
PAGO
:61:090122D000000000950,86NTRF000042836435//180009
PAGO
:61:090122D000000001300,00NTRF000022849047//180009
PAGO
:61:090122D000000002200,00NTRF000022631311//180009
PAGO
:62M:D090122VEF000003128499,12
-}{5:{CHK:1143FB20924B}}{S:{COP:S}}${1:F21VZCRVECAAXXX5410610696}{4:{177:0404021720}{451:0}}{1:F01VZCRVECAAXXX5410610696}{2:09501717040402VZCRVECAAXXX40812675430404021720N}{3:{108:SCONNECT}}{4:
:20:MI090122
:25:1111111111
:28C:0546/065
:60M:D090122VEF000003128499,12
:61:090122D000000000800,00NTRF000022328145//180009
PAGO
:61:090122D000000020000,00NTRF000022226857//180009
PAGO
:61:090122D000000000695,00NTRF000022199163//180009
PAGO
:61:090122D000000000160,00NTRF000021885676//180009
PAGO
:61:090122D000000000100,00NTRF000021863461//180009
PAGO
:61:090122D000000000440,00NTRF000021754832//180009
PAGO
:61:090122D000000000341,00NTRF000021752089//180009
PAGO
:61:090122D000000001000,00NTRF000093238595//180009
PAGO
:61:090122D000000001000,00NTRF000093218595//180009
PAGO
:62M:D090122VEF000003153035,12
-}{5:{CHK:1143FB20924B}}{S:{COP:S}}${1:F21VZCRVECAAXXX5410610696}{4:{177:0404021720}{451:0}}{1:F01VZCRVECAAXXX5410610696}{2:09501717040402VZCRVECAAXXX40812675430404021720N}{3:{108:SCONNECT}}{4:
:20:MI090122
:25:1111111111
:28C:0546/066
:60M:D090122VEF000003153035,12
:61:090122D000000005000,00NTRF000093209208//180009
PAGO
:61:090122D000000000150,00NTRF000093134000//180009
PAGO
:61:090122D000000000030,00NTRF000093054563//180009
PAGO
:61:090122D000000001000,00NTRF000092900619//180009
PAGO
:61:090122D000000001000,00NTRF000092796619//180009
PAGO
:61:090122D000000000500,00NTRF000092632003//180009
PAGO
:61:090122D000000000500,00NTRF000092576982//180009
PAGO
:61:090122D000000000250,00NTRF000066935536//180009
PAGO
:61:090122D000000000300,00NTRF000066902325//180009
PAGO
:62M:D090122VEF000003161765,12
-}{5:{CHK:1143FB20924B}}{S:{COP:S}}${1:F21VZCRVECAAXXX5410610696}{4:{177:0404021720}{451:0}}{1:F01VZCRVECAAXXX5410610696}{2:09501717040402VZCRVECAAXXX40812675430404021720N}{3:{108:SCONNECT}}{4:
:20:MI090122
:25:1111111111
:28C:0546/067
:60M:D090122VEF000003161765,12
:61:090122D000000000350,00NTRF000066769667//180009
PAGO
:61:090122D000000000228,00NTRF000066753753//180009
PAGO
:61:090122D000000000273,00NTRF000066725239//180009
PAGO
:61:090122D000000000130,00NTRF000066657459//180009
PAGO
:61:090122D000000007660,00NTRF000066149672//180009
PAGO
:61:090122D000000000456,00NTRF000066145272//180009
PAGO
:61:090122D000000000515,00NTRF000066050622//180009
PAGO
:61:090122D000000000200,00NTRF000036065636//180009
PAGO
:61:090122D000000004970,00NTRF000035672872//180009
PAGO
:62M:D090122VEF000003176547,12
-}{5:{CHK:1143FB20924B}}{S:{COP:S}}${1:F21VZCRVECAAXXX5410610696}{4:{177:0404021720}{451:0}}{1:F01VZCRVECAAXXX5410610696}{2:09501717040402VZCRVECAAXXX40812675430404021720N}{3:{108:SCONNECT}}{4:
:20:MI090122
:25:1111111111
:28C:0546/068
:60M:D090122VEF000003176547,12
:61:090122D000000000200,00NTRF000035654490//180009
PAGO
:61:090122D000000000450,00NTRF000035527735//180009
PAGO
:61:090122D000000000400,00NTRF000035138378//180009
PAGO
:61:090122D000000001226,66NTRF000035127533//180009
PAGO
:61:090122D000000000041,00NTRF000035080341//180009
PAGO
:61:090122D000000000270,00NTRF000034921512//180009
PAGO
:61:090122D000000000100,00NTRF000034768524//180009
PAGO
:61:090122D000000000150,05NTRF000000502684//180009
PAGO
:61:090122D000000000100,00NTRF000000274996//180009
PAGO
:62M:D090122VEF000003179484,83
-}{5:{CHK:1143FB20924B}}{S:{COP:S}}${1:F21VZCRVECAAXXX5410610696}{4:{177:0404021720}{451:0}}{1:F01VZCRVECAAXXX5410610696}{2:09501717040402VZCRVECAAXXX40812675430404021720N}{3:{108:SCONNECT}}{4:
:20:MI090122
:25:1111111111
:28C:0546/069
:60M:D090122VEF000003179484,83
:61:090122D000000000370,00NTRF000045017532//180009
PAGO
:61:090122D000000000161,10NTRF000045017432//180009
PAGO
:61:090122D000000000353,09NTRF000045017332//180009
PAGO
:61:090122D000000000060,00NTRF000045017232//180009
PAGO
:61:090122D000000003062,70NTRF000045017132//180009
PAGO
:61:090122D000000013976,80NTRF000045016932//180009
PAGO
:61:090122D000000000475,69NTRF000045016832//180009
PAGO
:61:090122D000000000542,20NTRF000045016732//180009
PAGO
:61:090122D000000001493,50NTRF000045016632//180009
PAGO
:62M:D090122VEF000003199979,91
-}{5:{CHK:1143FB20924B}}{S:{COP:S}}${1:F21VZCRVECAAXXX5410610696}{4:{177:0404021720}{451:0}}{1:F01VZCRVECAAXXX5410610696}{2:09501717040402VZCRVECAAXXX40812675430404021720N}{3:{108:SCONNECT}}{4:
:20:MI090122
:25:1111111111
:28C:0546/070
:60M:D090122VEF000003199979,91
:61:090122D000000002525,00NTRF000094285633//180009
PAGO
:61:090122D000000000500,00NTRF000094284733//180009
PAGO
:61:090122D000000002180,00NTRF000094209384//180009
PAGO
:61:090122D000000000290,00NTRF000094138446//180009
PAGO
:61:090122D000000000545,70NTRF000093980248//180009
PAGO
:61:090122D000000001500,00NTRF000093814824//180009
PAGO
:61:090122D000000001000,00NTRF000093770126//180009
PAGO
:61:090122D000000000800,00NTRF000093708419//180009
PAGO
:61:090122D000000001000,00NTRF000093686483//180009
PAGO
:62M:D090122VEF000003210320,61
-}{5:{CHK:1143FB20924B}}{S:{COP:S}}${1:F21VZCRVECAAXXX5410610696}{4:{177:0404021720}{451:0}}{1:F01VZCRVECAAXXX5410610696}{2:09501717040402VZCRVECAAXXX40812675430404021720N}{3:{108:SCONNECT}}{4:
:20:MI090122
:25:1111111111
:28C:0546/071
:60M:D090122VEF000003210320,61
:61:090122D000000000580,00NTRF000075606850//180009
PAGO
:61:090122D000000000944,00NTRF000075598878//180009
PAGO
:61:090122D000000000550,00NTRF000075566914//180009
PAGO
:61:090122D000000000624,00NTRF000075533818//180009
PAGO
:61:090122D000000000200,00NTRF000075528413//180009
PAGO
:61:090122D000000000150,00NTRF000075416813//180009
PAGO
:61:090122D000000000300,00NTRF000075341011//180009
PAGO
:61:090122D000000000600,00NTRF000075217622//180009
PAGO
:61:090122D000000000626,73NTRF000075169518//180009
PAGO
:62M:D090122VEF000003214895,34
-}{5:{CHK:1143FB20924B}}{S:{COP:S}}${1:F21VZCRVECAAXXX5410610696}{4:{177:0404021720}{451:0}}{1:F01VZCRVECAAXXX5410610696}{2:09501717040402VZCRVECAAXXX40812675430404021720N}{3:{108:SCONNECT}}{4:
:20:MI090122
:25:1111111111
:28C:0546/072
:60M:D090122VEF000003214895,34
:61:090122D000000001500,00NTRF000062239870//180009
PAGO
:61:090122D000000001200,00NTRF000062225482//180009
PAGO
:61:090122D000000000500,00NTRF000061864662//180009
PAGO
:61:090122D000000000045,00NTRF000061831802//180009
PAGO
:61:090122D000000003000,00NTRF000061663832//180009
PAGO
:61:090122D000000005000,00NTRF000061624517//180009
PAGO
:61:090122D000000000500,00NTRF000061566999//180009
PAGO
:61:090122D000000000425,63NTRF000060850344//180009
PAGO
:61:090122D000000000818,00NTRF000060835190//180009
PAGO
:62M:D090122VEF000003227883,97
-}{5:{CHK:1143FB20924B}}{S:{COP:S}}${1:F21VZCRVECAAXXX5410610696}{4:{177:0404021720}{451:0}}{1:F01VZCRVECAAXXX5410610696}{2:09501717040402VZCRVECAAXXX40812675430404021720N}{3:{108:SCONNECT}}{4:
:20:MI090122
:25:1111111111
:28C:0546/073
:60M:D090122VEF000003227883,97
:61:090122D000000009000,00NTRF000046597839//180009
PAGO
:61:090122D000000000416,00NTRF000046480208//180009
PAGO
:61:090122D000000000050,00NTRF000046439627//180009
PAGO
:61:090122D000000000162,00NTRF000046351648//180009
PAGO
:61:090122D000000000600,00NTRF000046339239//180009
PAGO
:61:090122D000000000254,22NTRF000046298530//180009
PAGO
:61:090122D000000000600,00NTRF000046230607//180009
PAGO
:61:090122D000000003000,00NTRF000046047796//180009
PAGO
:61:090122D000000000800,00NTRF000046024195//180009
PAGO
:62M:D090122VEF000003242766,19
-}{5:{CHK:1143FB20924B}}{S:{COP:S}}${1:F21VZCRVECAAXXX5410610696}{4:{177:0404021720}{451:0}}{1:F01VZCRVECAAXXX5410610696}{2:09501717040402VZCRVECAAXXX40812675430404021720N}{3:{108:SCONNECT}}{4:
:20:MI090122
:25:1111111111
:28C:0546/074
:60M:D090122VEF000003242766,19
:61:090122D000000000742,45NTRF000030330972//180009
PAGO
:61:090122D000000000350,00NTRF000030328434//180009
PAGO
:61:090122D000000000650,00NTRF000030275226//180009
PAGO
:61:090122D000000000080,00NTRF000030240076//180009
PAGO
:61:090122D000000001918,40NTRF000030235619//180009
PAGO
:61:090122D000000000700,00NTRF000030086585//180009
PAGO
:61:090122D000000000705,00NTRF000029715568//180009
PAGO
:61:090122D000000004000,00NTRF000029628173//180009
PAGO
:61:090122D000000000608,00NTRF000029608156//180009
PAGO
:62M:D090122VEF000003252520,04
-}{5:{CHK:1143FB20924B}}{S:{COP:S}}${1:F21VZCRVECAAXXX5410610696}{4:{177:0404021720}{451:0}}{1:F01VZCRVECAAXXX5410610696}{2:09501717040402VZCRVECAAXXX40812675430404021720N}{3:{108:SCONNECT}}{4:
:20:MI090122
:25:1111111111
:28C:0546/075
:60M:D090122VEF000003252520,04
:61:090122D000000000500,00NTRF000014261220//180009
PAGO
:61:090122D000000000045,00NTRF000014037848//180009
PAGO
:61:090122D000000000100,00NTRF000013813117//180009
PAGO
:61:090122D000000000155,00NTRF000013786709//180009
PAGO
:61:090122D000000000681,00NTRF000013472621//180009
PAGO
:61:090122D000000005000,00NTRF000013453581//180009
PAGO
:61:090122D000000000050,00NTRF000013053602//180009
PAGO
:61:090122D000000004800,00NTRF000012953385//180009
PAGO
:61:090122D000000002728,00NTRF000012932477//180009
PAGO
:62M:D090122VEF000003266579,04
-}{5:{CHK:1143FB20924B}}{S:{COP:S}}${1:F21VZCRVECAAXXX5410610696}{4:{177:0404021720}{451:0}}{1:F01VZCRVECAAXXX5410610696}{2:09501717040402VZCRVECAAXXX40812675430404021720N}{3:{108:SCONNECT}}{4:
:20:MI090122
:25:1111111111
:28C:0546/076
:60M:D090122VEF000003266579,04
:61:090122D000000003350,00NTRF000097126445//180009
PAGO
:61:090122D000000002400,00NTRF000097085511//180009
PAGO
:61:090122D000000000200,53NTRF000096940447//180009
PAGO
:61:090122D000000000172,25NTRF000096818004//180009
PAGO
:61:090122D000000001000,00NTRF000096572966//180009
PAGO
:61:090122D000000000300,00NTRF000096384839//180009
PAGO
:61:090122D000000000450,00NTRF000096366968//180009
PAGO
:61:090122D000000000100,00NTRF000096331335//180009
PAGO
:61:090122D000000001000,00NTRF000096301007//180009
PAGO
:62M:D090122VEF000003275551,82
-}{5:{CHK:1143FB20924B}}{S:{COP:S}}${1:F21VZCRVECAAXXX5410610696}{4:{177:0404021720}{451:0}}{1:F01VZCRVECAAXXX5410610696}{2:09501717040402VZCRVECAAXXX40812675430404021720N}{3:{108:SCONNECT}}{4:
:20:MI090122
:25:1111111111
:28C:0546/077
:60M:D090122VEF000003275551,82
:61:090122D000000000490,00NTRF000072719498//180009
PAGO
:61:090122D000000000800,00NTRF000072668414//180009
PAGO
:61:090122D000000000500,00NTRF000072599674//180009
PAGO
:61:090122D000000000410,00NTRF000072541795//180009
PAGO
:61:090122D000000000500,00NTRF000072494674//180009
PAGO
:61:090122D000000000500,00NTRF000071843074//180009
PAGO
:61:090122D000000000400,00NTRF000071822279//180009
PAGO
:61:090122D000000000221,00NTRF000071776052//180009
PAGO
:61:090122D000000002304,05NTRF000071687683//180009
PAGO
:62M:D090122VEF000003281676,87
-}{5:{CHK:1143FB20924B}}{S:{COP:S}}${1:F21VZCRVECAAXXX5410610696}{4:{177:0404021720}{451:0}}{1:F01VZCRVECAAXXX5410610696}{2:09501717040402VZCRVECAAXXX40812675430404021720N}{3:{108:SCONNECT}}{4:
:20:MI090122
:25:1111111111
:28C:0546/078
:60M:D090122VEF000003281676,87
:61:090122D000000000150,00NTRF000049061882//180009
PAGO
:61:090122D000000000150,00NTRF000049004882//180009
PAGO
:61:090122D000000001000,00NTRF000048563179//180009
PAGO
:61:090122D000000000100,00NTRF000047261325//180009
PAGO
:61:090122D000000000600,00NTRF000047261101//180009
PAGO
:61:090122D000000000200,00NTRF000047091054//180009
PAGO
:61:090122D000000000200,00NTRF000047051054//180009
PAGO
:61:090122D000000000200,00NTRF000046878054//180009
PAGO
:61:090122D000000000200,00NTRF000024127214//180009
PAGO
:62M:D090122VEF000003284476,87
-}{5:{CHK:1143FB20924B}}{S:{COP:S}}${1:F21VZCRVECAAXXX5410610696}{4:{177:0404021720}{451:0}}{1:F01VZCRVECAAXXX5410610696}{2:09501717040402VZCRVECAAXXX40812675430404021720N}{3:{108:SCONNECT}}{4:
:20:MI090122
:25:1111111111
:28C:0546/079
:60M:D090122VEF000003284476,87
:61:090122D000000000137,00NTRF000023977554//180009
PAGO
:61:090122D000000000320,00NTRF000023908392//180009
PAGO
:61:090122D000000000600,00NTRF000023462792//180009
PAGO
:61:090122D000000000800,00NTRF000022598207//180009
PAGO
:61:090122D000000000420,00NTRF000022544278//180009
PAGO
:61:090122D000000003545,26NTRF000022530530//180009
PAGO
:61:090122D000000000103,58NTRF000022433625//180009
PAGO
:61:090122D000000002000,00NTRF000020932349//180009
PAGO
:61:090122D000000000902,20NTRF000000303894//180009
PAGO
:62M:D090122VEF000003293304,91
-}{5:{CHK:1143FB20924B}}{S:{COP:S}}${1:F21VZCRVECAAXXX5410610696}{4:{177:0404021720}{451:0}}{1:F01VZCRVECAAXXX5410610696}{2:09501717040402VZCRVECAAXXX40812675430404021720N}{3:{108:SCONNECT}}{4:
:20:MI090122
:25:1111111111
:28C:0546/080
:60M:D090122VEF000003293304,91
:61:090122D000000000850,00NTRF000000109485//180009
PAGO
:61:090122D000000001350,00NTRF000000042627//180009
PAGO
:61:090122D000000000945,86NTRF000000892290//180009
PAGO
:61:090122D000000014929,64NTRF000000892285//180009
PAGO
:61:090122D000000001096,42NTRF000000892284//180009
PAGO
:61:090122D000000000673,30NTRF000000892281//180009
PAGO
:61:090122D000000004783,13NTRF000000892280//180009
PAGO
:61:090122D000000000916,22NTRF000000892240//180009
PAGO
:61:090122D000000003407,55NTRF000000080337//180009
PAGO
:62M:D090122VEF000003322257,03
-}{5:{CHK:1143FB20924B}}{S:{COP:S}}${1:F21VZCRVECAAXXX5410610696}{4:{177:0404021720}{451:0}}{1:F01VZCRVECAAXXX5410610696}{2:09501717040402VZCRVECAAXXX40812675430404021720N}{3:{108:SCONNECT}}{4:
:20:MI090122
:25:1111111111
:28C:0546/081
:60M:D090122VEF000003322257,03
:61:090122D000000007530,79NTRF000000080336//180009
PAGO
:61:090122D000000008137,44NTRF000000080335//180009
PAGO
:61:090122D000000009588,29NTRF000000080334//180009
PAGO
:61:090122D000000002277,77NTRF000000080333//180009
PAGO
:61:090122D000000049742,73NTRF000000080332//180009
PAGO
:61:090122D000000004380,01NTRF000000080331//180009
PAGO
:61:090122D000000248307,37NTRF000000080329//180009
PAGO
:61:090122D000000047231,51NTRF000000080328//180009
PAGO
:61:090122D000000072934,95NTRF000000100001//180009
PAGO
:62M:D090122VEF000003772387,89
-}{5:{CHK:1143FB20924B}}{S:{COP:S}}${1:F21VZCRVECAAXXX5410610696}{4:{177:0404021720}{451:0}}{1:F01VZCRVECAAXXX5410610696}{2:09501717040402VZCRVECAAXXX40812675430404021720N}{3:{108:SCONNECT}}{4:
:20:MI090122
:25:1111111111
:28C:0546/082
:60M:D090122VEF000003772387,89
:61:090122D000000004331,84NTRF000000033505//180009
PAGO
:61:090122D000000005104,73NTRF000000010014//180009
PAGO
:61:090122D000000049711,02NTRF000000010012//180009
PAGO
:61:090122D000000003518,34NTRF000000010010//180009
PAGO
:61:090122D000000046134,71NTRF000000010009//180009
PAGO
:61:090122D000000006523,87NTRF000000010008//180009
PAGO
:61:090122D000000200000,00NTRF000000057210//180009
PAGO
:61:090122D000001000000,00NTRF000000057208//180009
PAGO
:61:090122D000000000300,18NTRF000000049483//180009
PAGO
:62M:D090122VEF000005088012,58
-}{5:{CHK:1143FB20924B}}{S:{COP:S}}${1:F21VZCRVECAAXXX5410610696}{4:{177:0404021720}{451:0}}{1:F01VZCRVECAAXXX5410610696}{2:09501717040402VZCRVECAAXXX40812675430404021720N}{3:{108:SCONNECT}}{4:
:20:MI090122
:25:1111111111
:28C:0546/083
:60M:D090122VEF000005088012,58
:61:090122D000000000413,38NTRF000000049482//180009
PAGO
:61:090122D000000000318,91NTRF000000049481//180009
PAGO
:61:090122D000000000622,27NTRF000000049480//180009
PAGO
:61:090122D000000000232,65NTRF000000049479//180009
PAGO
:61:090122D000000000260,04NTRF000000049478//180009
PAGO
:61:090122D000000000364,19NTRF000000049477//180009
PAGO
:61:090122D000000000328,64NTRF000000049476//180009
PAGO
:61:090122D000000000271,70NTRF000000049475//180009
PAGO
:61:090122D000000004250,18NTRF000000049143//180009
PAGO
:62M:D090122VEF000005095074,54
-}{5:{CHK:1143FB20924B}}{S:{COP:S}}${1:F21VZCRVECAAXXX5410610696}{4:{177:0404021720}{451:0}}{1:F01VZCRVECAAXXX5410610696}{2:09501717040402VZCRVECAAXXX40812675430404021720N}{3:{108:SCONNECT}}{4:
:20:MI090122
:25:1111111111
:28C:0546/084
:60M:D090122VEF000005095074,54
:61:090122D000000048035,38NTRF000000010007//180009
PAGO
:61:090122D000000021383,38NTRF000000010006//180009
PAGO
:61:090122D000000003232,38NTRF000000001641//180009
PAGO
:61:090122D000000000031,95NTRF000000001640//180009
PAGO
:61:090122D000000000834,97NTRF000000001639//180009
PAGO
:61:090122D000000000155,18NTRF000000001638//180009
PAGO
:61:090122D000000000041,08NTRF000000001637//180009
PAGO
:61:090122D000000006461,18NTRF000000001636//180009
PAGO
:61:090122D000000015144,80NTRF000000001467//180009
PAGO
:62M:D090122VEF000005190394,84
-}{5:{CHK:1143FB20924B}}{S:{COP:S}}${1:F21VZCRVECAAXXX5410610696}{4:{177:0404021720}{451:0}}{1:F01VZCRVECAAXXX5410610696}{2:09501717040402VZCRVECAAXXX40812675430404021720N}{3:{108:SCONNECT}}{4:
:20:MI090122
:25:1111111111
:28C:0546/085
:60M:D090122VEF000005190394,84
:61:090122D000000000210,58NTRF000000001466//180009
PAGO
:61:090122D000000001605,56NTRF000000001465//180009
PAGO
:61:090122D000000000397,99NTRF000000001464//180009
PAGO
:61:090122D000000002190,72NTRF000000001463//180009
PAGO
:61:090122D000000002200,60NTRF000000001462//180009
PAGO
:61:090122D000000000249,66NTRF000000001461//180009
PAGO
:61:090122D000000000999,46NTRF000000001460//180009
PAGO
:61:090122D000000010135,48NTRF000000001459//180009
PAGO
:61:090122D000000002086,20NTRF000090067563//180009
PAGO
:62M:D090122VEF000005210471,09
-}{5:{CHK:1143FB20924B}}{S:{COP:S}}${1:F21VZCRVECAAXXX5410610696}{4:{177:0404021720}{451:0}}{1:F01VZCRVECAAXXX5410610696}{2:09501717040402VZCRVECAAXXX40812675430404021720N}{3:{108:SCONNECT}}{4:
:20:MI090122
:25:1111111111
:28C:0546/086
:60M:D090122VEF000005210471,09
:61:090122D000000056968,08NTRF000090067562//180009
PAGO
:61:090122D000000126118,52NTRF000090067561//180009
PAGO
:61:090122D000000006125,40NTRF000090067560//180009
PAGO
:61:090122D000000008766,00NTRF000090067559//180009
PAGO
:61:090122D000000007630,20NTRF000090067558//180009
PAGO
:61:090122D000000001118,60NTRF000090067557//180009
PAGO
:61:090122D000000002250,00NTRF000090067556//180009
PAGO
:61:090122D000000008281,80NTRF000090067555//180009
PAGO
:61:090122D000000001890,00NTRF000090067411//180009
PAGO
:62M:D090122VEF000005429619,69
-}{5:{CHK:1143FB20924B}}{S:{COP:S}}${1:F21VZCRVECAAXXX5410610696}{4:{177:0404021720}{451:0}}{1:F01VZCRVECAAXXX5410610696}{2:09501717040402VZCRVECAAXXX40812675430404021720N}{3:{108:SCONNECT}}{4:
:20:MI090122
:25:1111111111
:28C:0546/087
:60M:D090122VEF000005429619,69
:61:090122D000000003351,60NTRF000090067410//180009
PAGO
:61:090122D000000004676,40NTRF000090067409//180009
PAGO
:61:090122D000000002361,60NTRF000090067408//180009
PAGO
:61:090122D000000018568,80NTRF000090067407//180009
PAGO
:61:090122D000000001938,60NTRF000090067406//180009
PAGO
:61:090122D000000008051,40NTRF000090067405//180009
PAGO
:61:090122D000000016462,53NTRF000090067404//180009
PAGO
:61:090122D000000001569,60NTRF000090067403//180009
PAGO
:61:090122D000000004936,93NTRF000000699133//180009
PAGO
:62M:D090122VEF000005491537,15
-}{5:{CHK:1143FB20924B}}{S:{COP:S}}${1:F21VZCRVECAAXXX5410610696}{4:{177:0404021720}{451:0}}{1:F01VZCRVECAAXXX5410610696}{2:09501717040402VZCRVECAAXXX40812675430404021720N}{3:{108:SCONNECT}}{4:
:20:MI090122
:25:1111111111
:28C:0546/088
:60M:D090122VEF000005491537,15
:61:090122D000000000427,01NTRF000000699132//180009
PAGO
:61:090122D000000000639,42NTRF000000699131//180009
PAGO
:61:090122D000000000317,98NTRF000000699130//180009
PAGO
:61:090122D000000008556,83NTRF000000699129//180009
PAGO
:61:090122D000000001271,23NTRF000000699128//180009
PAGO
:61:090122D000000000967,80NTRF000000699127//180009
PAGO
:61:090122D000000000628,99NTRF000000699126//180009
PAGO
:61:090122D000000000544,61NTRF000000699125//180009
PAGO
:61:090122D000000000700,00NTRF000084336359//180009
PAGO
:62M:D090122VEF000005505591,02
-}{5:{CHK:1143FB20924B}}{S:{COP:S}}${1:F21VZCRVECAAXXX5410610696}{4:{177:0404021720}{451:0}}{1:F01VZCRVECAAXXX5410610696}{2:09501717040402VZCRVECAAXXX40812675430404021720N}{3:{108:SCONNECT}}{4:
:20:MI090122
:25:1111111111
:28C:0546/089
:60M:D090122VEF000005505591,02
:61:090122D000000000100,00NTRF000083942914//180009
PAGO
:61:090122D000000000100,00NTRF000083824914//180009
PAGO
:61:090122D000000000150,00NTRF000083260144//180009
PAGO
:61:090122D000000000250,00NTRF000082710954//180009
PAGO
:61:090122D000000000098,49NTRF000079541405//180009
PAGO
:61:090122D000000000175,00NTRF000079035798//180009
PAGO
:61:090122D000000000300,00NTRF000078913367//180009
PAGO
:61:090122D000000002000,00NTRF000077112733//180009
PAGO
:61:090122D000000006500,00NTRF000097629971//180009
PAGO
:62M:D090122VEF000005515264,51
-}{5:{CHK:1143FB20924B}}{S:{COP:S}}${1:F21VZCRVECAAXXX5410610696}{4:{177:0404021720}{451:0}}{1:F01VZCRVECAAXXX5410610696}{2:09501717040402VZCRVECAAXXX40812675430404021720N}{3:{108:SCONNECT}}{4:
:20:MI090122
:25:1111111111
:28C:0546/090
:60M:D090122VEF000005515264,51
:61:090122D000000000001,00NTRF000097613602//180009
PAGO
:61:090122D000000000600,00NTRF000097535775//180009
PAGO
:61:090122D000000003750,00NTRF000097524585//180009
PAGO
:61:090122D000000000300,00NTRF000097264539//180009
PAGO
:61:090122D000000000220,00NTRF000097088274//180009
PAGO
:61:090122D000000007500,00NTRF000096987004//180009
PAGO
:61:090122D000000006500,00NTRF000096933053//180009
PAGO
:61:090122D000000000242,00NTRF000096875800//180009
PAGO
:61:090122D000000001118,70NTRF000072968503//180009
PAGO
:62M:D090122VEF000005535496,21
-}{5:{CHK:1143FB20924B}}{S:{COP:S}}${1:F21VZCRVECAAXXX5410610696}{4:{177:0404021720}{451:0}}{1:F01VZCRVECAAXXX5410610696}{2:09501717040402VZCRVECAAXXX40812675430404021720N}{3:{108:SCONNECT}}{4:
:20:MI090122
:25:1111111111
:28C:0546/091
:60M:D090122VEF000005535496,21
:61:090122D000000000400,00NTRF000072920823//180009
PAGO
:61:090122D000000001500,00NTRF000072777984//180009
PAGO
:61:090122D000000002750,00NTRF000072631930//180009
PAGO
:61:090122D000000000391,00NTRF000072391889//180009
PAGO
:61:090122D000000000500,00NTRF000072288359//180009
PAGO
:61:090122D000000000445,00NTRF000072105110//180009
PAGO
:61:090122D000000005100,00NTRF000071839599//180009
PAGO
:61:090122D000000000080,64NTRF000071678762//180009
PAGO
:61:090122D000000000900,00NTRF000044311164//180009
PAGO
:62M:D090122VEF000005547562,85
-}{5:{CHK:1143FB20924B}}{S:{COP:S}}${1:F21VZCRVECAAXXX5410610696}{4:{177:0404021720}{451:0}}{1:F01VZCRVECAAXXX5410610696}{2:09501717040402VZCRVECAAXXX40812675430404021720N}{3:{108:SCONNECT}}{4:
:20:MI090122
:25:1111111111
:28C:0546/092
:60M:D090122VEF000005547562,85
:61:090122D000000000400,00NTRF000043938726//180009
PAGO
:61:090122D000000002424,44NTRF000043768844//180009
PAGO
:61:090122D000000001100,00NTRF000043705965//180009
PAGO
:61:090122D000000000500,00NTRF000043611138//180009
PAGO
:61:090122D000000002500,00NTRF000043499172//180009
PAGO
:61:090122D000000000272,00NTRF000043490241//180009
PAGO
:61:090122D000000001000,00NTRF000043267476//180009
PAGO
:61:090122D000000003360,00NTRF000043058046//180009
PAGO
:61:090122D000000000200,00NTRF000021469257//180009
PAGO
:62M:D090122VEF000005559319,29
-}{5:{CHK:1143FB20924B}}{S:{COP:S}}${1:F21VZCRVECAAXXX5410610696}{4:{177:0404021720}{451:0}}{1:F01VZCRVECAAXXX5410610696}{2:09501717040402VZCRVECAAXXX40812675430404021720N}{3:{108:SCONNECT}}{4:
:20:MI090122
:25:1111111111
:28C:0546/093
:60M:D090122VEF000005559319,29
:61:090122D000000001000,00NTRF000021269305//180009
PAGO
:61:090122D000000000700,00NTRF000021218706//180009
PAGO
:61:090122D000000000470,00NTRF000021066851//180009
PAGO
:61:090122D000000003331,23NTRF000021041854//180009
PAGO
:61:090122D000000000300,00NTRF000020823693//180009
PAGO
:61:090122D000000000400,00NTRF000020280685//180009
PAGO
:61:090122D000000000550,00NTRF000019965706//180009
PAGO
:61:090122D000000001500,00NTRF000019844446//180009
PAGO
:61:090122D000000000500,00NTRF000092525982//180009
PAGO
:62M:D090122VEF000005568070,52
-}{5:{CHK:1143FB20924B}}{S:{COP:S}}${1:F21VZCRVECAAXXX5410610696}{4:{177:0404021720}{451:0}}{1:F01VZCRVECAAXXX5410610696}{2:09501717040402VZCRVECAAXXX40812675430404021720N}{3:{108:SCONNECT}}{4:
:20:MI090122
:25:1111111111
:28C:0546/094
:60M:D090122VEF000005568070,52
:61:090122D000000001000,00NTRF000092345712//180009
PAGO
:61:090122D000000002000,00NTRF000092199212//180009
PAGO
:61:090122D000000001500,73NTRF000091771213//180009
PAGO
:61:090122D000000000500,00NTRF000091282627//180009
PAGO
:61:090122D000000000100,00NTRF000091242761//180009
PAGO
:61:090122D000000000100,00NTRF000091143761//180009
PAGO
:61:090122D000000000300,00NTRF000091002038//180009
PAGO
:61:090122D000000002500,00NTRF000090974778//180009
PAGO
:61:090122D000000001500,00NTRF000066034220//180009
PAGO
:62M:D090122VEF000005577571,25
-}{5:{CHK:1143FB20924B}}{S:{COP:S}}${1:F21VZCRVECAAXXX5410610696}{4:{177:0404021720}{451:0}}{1:F01VZCRVECAAXXX5410610696}{2:09501717040402VZCRVECAAXXX40812675430404021720N}{3:{108:SCONNECT}}{4:
:20:MI090122
:25:1111111111
:28C:0546/095
:60M:D090122VEF000005577571,25
:61:090122D000000002000,00NTRF000065834031//180009
PAGO
:61:090122D000000000115,00NTRF000065759320//180009
PAGO
:61:090122D000000000600,00NTRF000065415288//180009
PAGO
:61:090122D000000000116,00NTRF000065082273//180009
PAGO
:61:090122D000000001500,00NTRF000064687480//180009
PAGO
:61:090122D000000000060,00NTRF000064685833//180009
PAGO
:61:090122D000000000060,00NTRF000064647833//180009
PAGO
:61:090122D000000000110,00NTRF000063891111//180009
PAGO
:61:090122D000000000150,00NTRF000034674006//180009
PAGO
:62M:D090122VEF000005582282,25
-}{5:{CHK:1143FB20924B}}{S:{COP:S}}${1:F21VZCRVECAAXXX5410610696}{4:{177:0404021720}{451:0}}{1:F01VZCRVECAAXXX5410610696}{2:09501717040402VZCRVECAAXXX40812675430404021720N}{3:{108:SCONNECT}}{4:
:20:MI090122
:25:1111111111
:28C:0546/096
:60M:D090122VEF000005582282,25
:61:090122D000000001500,00NTRF000034657785//180009
PAGO
:61:090122D000000001500,00NTRF000034566785//180009
PAGO
:61:090122D000000000300,00NTRF000034237002//180009
PAGO
:61:090122D000000000200,00NTRF000034086709//180009
PAGO
:61:090122D000000000200,00NTRF000034031709//180009
PAGO
:61:090122D000000000100,00NTRF000033813321//180009
PAGO
:61:090122D000000001060,00NTRF000033636299//180009
PAGO
:61:090122D000000000050,00NTRF000032905197//180009
PAGO
:61:090122D000000007055,29NTRF000045016532//180009
PAGO
:62M:D090122VEF000005594247,54
-}{5:{CHK:1143FB20924B}}{S:{COP:S}}${1:F21VZCRVECAAXXX5410610696}{4:{177:0404021720}{451:0}}{1:F01VZCRVECAAXXX5410610696}{2:09501717040402VZCRVECAAXXX40812675430404021720N}{3:{108:SCONNECT}}{4:
:20:MI090122
:25:1111111111
:28C:0546/097
:60M:D090122VEF000005594247,54
:61:090122D000000000356,79NTRF000045016332//180009
PAGO
:61:090122D000000000450,96NTRF000045016232//180009
PAGO
:61:090122D000000000127,36NTRF000045015532//180009
PAGO
:61:090122D000000001103,52NTRF000045015432//180009
PAGO
:61:090122D000000001133,69NTRF000045015332//180009
PAGO
:61:090122D000000000123,50NTRF000045015232//180009
PAGO
:61:090122D000000000058,14NTRF000045015132//180009
PAGO
:61:090122D000000000076,09NTRF000045015032//180009
PAGO
:61:090122D000000000150,00NTRF000093680809//180009
PAGO
:62M:D090122VEF000005597827,59
-}{5:{CHK:1143FB20924B}}{S:{COP:S}}${1:F21VZCRVECAAXXX5410610696}{4:{177:0404021720}{451:0}}{1:F01VZCRVECAAXXX5410610696}{2:09501717040402VZCRVECAAXXX40812675430404021720N}{3:{108:SCONNECT}}{4:
:20:MI090122
:25:1111111111
:28C:0546/098
:60M:D090122VEF000005597827,59
:61:090122D000000005000,00NTRF000093655278//180009
PAGO
:61:090122D000000000052,00NTRF000093619841//180009
PAGO
:61:090122D000000011000,00NTRF000093612290//180009
PAGO
:61:090122D000000001300,00NTRF000093273571//180009
PAGO
:61:090122D000000000625,00NTRF000093024104//180009
PAGO
:61:090122D000000000700,00NTRF000092651204//180009
PAGO
:61:090122D000000006000,00NTRF000092644461//180009
PAGO
:61:090122D000000010759,11NTRF000092616648//180009
PAGO
:61:090122D000000000900,00NTRF000075129592//180009
PAGO
:62M:D090122VEF000005634163,70
-}{5:{CHK:1143FB20924B}}{S:{COP:S}}${1:F21VZCRVECAAXXX5410610696}{4:{177:0404021720}{451:0}}{1:F01VZCRVECAAXXX5410610696}{2:09501717040402VZCRVECAAXXX40812675430404021720N}{3:{108:SCONNECT}}{4:
:20:MI090122
:25:1111111111
:28C:0546/099
:60M:D090122VEF000005634163,70
:61:090122D000000000580,00NTRF000075093229//180009
PAGO
:61:090122D000000000106,05NTRF000075092003//180009
PAGO
:61:090122D000000001060,00NTRF000074942967//180009
PAGO
:61:090122D000000000100,00NTRF000074827083//180009
PAGO
:61:090122D000000001000,00NTRF000074702646//180009
PAGO
:61:090122D000000000252,00NTRF000074637998//180009
PAGO
:61:090122D000000000100,00NTRF000074455846//180009
PAGO
:61:090122D000000000800,00NTRF000074220967//180009
PAGO
:61:090122D000000030000,00NTRF000060681218//180009
PAGO
:62M:D090122VEF000005668161,75
-}{5:{CHK:1143FB20924B}}{S:{COP:S}}${1:F21VZCRVECAAXXX5410610696}{4:{177:0404021720}{451:0}}{1:F01VZCRVECAAXXX5410610696}{2:09501717040402VZCRVECAAXXX40812675430404021720N}{3:{108:SCONNECT}}{4:
:20:MI090122
:25:1111111111
:28C:0546/100
:60M:D090122VEF000005668161,75
:61:090122D000000002840,00NTRF000060651625//180009
PAGO
:61:090122D000000000400,00NTRF000060499272//180009
PAGO
:61:090122D000000000180,00NTRF000060440140//180009
PAGO
:61:090122D000000000700,00NTRF000060425012//180009
PAGO
:61:090122D000000000400,00NTRF000060420069//180009
PAGO
:61:090122D000000000500,00NTRF000060174510//180009
PAGO
:61:090122D000000000146,29NTRF000060136058//180009
PAGO
:61:090122D000000007950,00NTRF000059963992//180009
PAGO
:61:090122D000000001000,00NTRF000046019984//180009
PAGO
:62M:D090122VEF000005682278,04
-}{5:{CHK:1143FB20924B}}{S:{COP:S}}${1:F21VZCRVECAAXXX5410610696}{4:{177:0404021720}{451:0}}{1:F01VZCRVECAAXXX5410610696}{2:09501717040402VZCRVECAAXXX40812675430404021720N}{3:{108:SCONNECT}}{4:
:20:MI090122
:25:1111111111
:28C:0546/101
:60M:D090122VEF000005682278,04
:61:090122D000000001500,00NTRF000045827573//180009
PAGO
:61:090122D000000001000,00NTRF000045693799//180009
PAGO
:61:090122D000000004200,00NTRF000045452184//180009
PAGO
:61:090122D000000000800,00NTRF000045372847//180009
PAGO
:61:090122D000000006000,00NTRF000045226602//180009
PAGO
:61:090122D000000000500,00NTRF000045214741//180009
PAGO
:61:090122D000000000950,00NTRF000045100082//180009
PAGO
:61:090122D000000000950,00NTRF000045041171//180009
PAGO
:61:090122D000000001100,00NTRF000029536886//180009
PAGO
:62M:D090122VEF000005699278,04
-}{5:{CHK:1143FB20924B}}{S:{COP:S}}${1:F21VZCRVECAAXXX5410610696}{4:{177:0404021720}{451:0}}{1:F01VZCRVECAAXXX5410610696}{2:09501717040402VZCRVECAAXXX40812675430404021720N}{3:{108:SCONNECT}}{4:
:20:MI090122
:25:1111111111
:28C:0546/102
:60M:D090122VEF000005699278,04
:61:090122D000000016282,11NTRF000029477014//180009
PAGO
:61:090122D000000000900,00NTRF000029317677//180009
PAGO
:61:090122D000000001000,00NTRF000028988688//180009
PAGO
:61:090122D000000033431,02NTRF000028904119//180009
PAGO
:61:090122D000000000280,00NTRF000028831765//180009
PAGO
:61:090122D000000000100,00NTRF000028825273//180009
PAGO
:61:090122D000000025000,00NTRF000028811015//180009
PAGO
:61:090122D000000004000,00NTRF000028745514//180009
PAGO
:61:090122D000000000500,00NTRF000012881611//180009
PAGO
:62M:D090122VEF000005780771,17
-}{5:{CHK:1143FB20924B}}{S:{COP:S}}${1:F21VZCRVECAAXXX5410610696}{4:{177:0404021720}{451:0}}{1:F01VZCRVECAAXXX5410610696}{2:09501717040402VZCRVECAAXXX40812675430404021720N}{3:{108:SCONNECT}}{4:
:20:MI090122
:25:1111111111
:28C:0546/103
:60M:D090122VEF000005780771,17
:61:090122D000000001549,00NTRF000012636523//180009
PAGO
:61:090122D000000001000,00NTRF000012483667//180009
PAGO
:61:090122D000000003341,93NTRF000012438846//180009
PAGO
:61:090122D000000000300,00NTRF000012436597//180009
PAGO
:61:090122D000000000100,00NTRF000012403767//180009
PAGO
:61:090122D000000000130,00NTRF000012261487//180009
PAGO
:61:090122D000000002000,00NTRF000012250006//180009
PAGO
:61:090122D000000000200,00NTRF000012101670//180009
PAGO
:61:090122D000000002061,29NTRF000096299666//180009
PAGO
:62M:D090122VEF000005791453,39
-}{5:{CHK:1143FB20924B}}{S:{COP:S}}${1:F21VZCRVECAAXXX5410610696}{4:{177:0404021720}{451:0}}{1:F01VZCRVECAAXXX5410610696}{2:09501717040402VZCRVECAAXXX40812675430404021720N}{3:{108:SCONNECT}}{4:
:20:MI090122
:25:1111111111
:28C:0546/104
:60M:D090122VEF000005791453,39
:61:090122D000000000200,00NTRF000095518363//180009
PAGO
:61:090122D000000000080,00NTRF000095483305//180009
PAGO
:61:090122D000000001000,00NTRF000095418943//180009
PAGO
:61:090122D000000000170,00NTRF000095100368//180009
PAGO
:61:090122D000000000740,00NTRF000094785906//180009
PAGO
:61:090122D000000001000,00NTRF000094099573//180009
PAGO
:61:090122D000000000700,00NTRF000094087127//180009
PAGO
:61:090122D000000000100,00NTRF000093903991//180009
PAGO
:61:090122D000000001000,00NTRF000071588200//180009
PAGO
:62M:D090122VEF000005796443,39
-}{5:{CHK:1143FB20924B}}{S:{COP:S}}${1:F21VZCRVECAAXXX5410610696}{4:{177:0404021720}{451:0}}{1:F01VZCRVECAAXXX5410610696}{2:09501717040402VZCRVECAAXXX40812675430404021720N}{3:{108:SCONNECT}}{4:
:20:MI090122
:25:1111111111
:28C:0546/105
:60M:D090122VEF000005796443,39
:61:090122D000000000579,67NTRF000071554081//180009
PAGO
:61:090122D000000000530,00NTRF000071472645//180009
PAGO
:61:090122D000000002800,00NTRF000071021509//180009
PAGO
:61:090122D000000007269,24NTRF000070979878//180009
PAGO
:61:090122D000000000200,00NTRF000070949907//180009
PAGO
:61:090122D000000000200,00NTRF000070874907//180009
PAGO
:61:090122D000000000300,00NTRF000070828176//180009
PAGO
:61:090122D000000000200,00NTRF000070808907//180009
PAGO
:61:090122D000000000100,00NTRF000046861486//180009
PAGO
:62M:D090122VEF000005808622,30
-}{5:{CHK:1143FB20924B}}{S:{COP:S}}${1:F21VZCRVECAAXXX5410610696}{4:{177:0404021720}{451:0}}{1:F01VZCRVECAAXXX5410610696}{2:09501717040402VZCRVECAAXXX40812675430404021720N}{3:{108:SCONNECT}}{4:
:20:MI090122
:25:1111111111
:28C:0546/106
:60M:D090122VEF000005808622,30
:61:090122D000000000200,00NTRF000046785147//180009
PAGO
:61:090122D000000000158,00NTRF000046720073//180009
PAGO
:61:090122D000000000762,52NTRF000046656238//180009
PAGO
:61:090122D000000000252,20NTRF000046577607//180009
PAGO
:61:090122D000000000217,00NTRF000046501476//180009
PAGO
:61:090122D000000006359,00NTRF000046435077//180009
PAGO
:61:090122D000000006359,00NTRF000046318077//180009
PAGO
:61:090122D000000000210,00NTRF000046316405//180009
PAGO
:61:090122D000000000200,00NTRF000022397289//180009
PAGO
:62M:D090122VEF000005823340,02
-}{5:{CHK:1143FB20924B}}{S:{COP:S}}${1:F21VZCRVECAAXXX5410610696}{4:{177:0404021720}{451:0}}{1:F01VZCRVECAAXXX5410610696}{2:09501717040402VZCRVECAAXXX40812675430404021720N}{3:{108:SCONNECT}}{4:
:20:MI090122
:25:1111111111
:28C:0546/107
:60M:D090122VEF000005823340,02
:61:090122D000000000800,00NTRF000022352207//180009
PAGO
:61:090122D000000000800,00NTRF000022314207//180009
PAGO
:61:090122D000000000150,00NTRF000022286771//180009
PAGO
:61:090122D000000000400,00NTRF000021344684//180009
PAGO
:61:090122D000000000620,00NTRF000021262376//180009
PAGO
:61:090122D000000000051,00NTRF000021033775//180009
PAGO
:61:090122D000000000875,00NTRF000020992258//180009
PAGO
:61:090122D000000001720,50NTRF000000892118//180009
PAGO
:61:090122D000000002448,05NTRF000000892065//180009
PAGO
:62M:D090122VEF000005831204,57
-}{5:{CHK:1143FB20924B}}{S:{COP:S}}${1:F21VZCRVECAAXXX5410610696}{4:{177:0404021720}{451:0}}{1:F01VZCRVECAAXXX5410610696}{2:09501717040402VZCRVECAAXXX40812675430404021720N}{3:{108:SCONNECT}}{4:
:20:MI090122
:25:1111111111
:28C:0546/108
:60M:D090122VEF000005831204,57
:61:090122D000000003519,00NTRF000000113533//180009
PAGO
:61:090122D000000014932,73NTRF000000113531//180009
PAGO
:61:090122D000000004812,00NTRF000000113530//180009
PAGO
:61:090122D000000002527,00NTRF000000113529//180009
PAGO
:61:090122D000000004724,30NTRF000000113528//180009
PAGO
:61:090122D000000002400,30NTRF000000113527//180009
PAGO
:61:090122D000000000460,12NTRF000000113526//180009
PAGO
:61:090122D000000014282,28NTRF000000080327//180009
PAGO
:61:090122D000000458261,87NTRF000000080326//180009
PAGO
:62M:D090122VEF000006337124,17
-}{5:{CHK:1143FB20924B}}{S:{COP:S}}${1:F21VZCRVECAAXXX5410610696}{4:{177:0404021720}{451:0}}{1:F01VZCRVECAAXXX5410610696}{2:09501717040402VZCRVECAAXXX40812675430404021720N}{3:{108:SCONNECT}}{4:
:20:MI090122
:25:1111111111
:28C:0546/109
:60M:D090122VEF000006337124,17
:61:090122D000000692228,21NTRF000000080325//180009
PAGO
:61:090122D000000021158,64NTRF000000080324//180009
PAGO
:61:090122D000000059551,39NTRF000000080323//180009
PAGO
:61:090122D000000295636,90NTRF000000080322//180009
PAGO
:61:090122D000000021659,07NTRF000000080321//180009
PAGO
:61:090122D000000044861,76NTRF000000080319//180009
PAGO
:61:090122D000000049957,88NTRF000000080317//180009
PAGO
:61:090122D000000300000,00NTRF000090006695//180009
PAGO
:61:090122D000000421353,05NTRF000020136918//180009
PAGO
:62M:D090122VEF000008243531,07
-}{5:{CHK:1143FB20924B}}{S:{COP:S}}${1:F21VZCRVECAAXXX5410610696}{4:{177:0404021720}{451:0}}{1:F01VZCRVECAAXXX5410610696}{2:09501717040402VZCRVECAAXXX40812675430404021720N}{3:{108:SCONNECT}}{4:
:20:MI090122
:25:1111111111
:28C:0546/110
:60M:D090122VEF000008243531,07
:61:090122D000000026433,00NTRF000020136917//180009
PAGO
:61:090122D000000047779,15NTRF000020136916//180009
PAGO
:61:090122D000000005907,75NTRF000020136915//180009
PAGO
:61:090122D000000071273,10NTRF000020136914//180009
PAGO
:61:090122D000000210256,95NTRF000020136913//180009
PAGO
:61:090122D000000082601,75NTRF000020136912//180009
PAGO
:61:090122D000000000482,12NTRF000000049474//180009
PAGO
:61:090122D000000000201,64NTRF000000049473//180009
PAGO
:61:090122D000000000273,93NTRF000000049472//180009
PAGO
:62M:D090122VEF000008688740,46
-}{5:{CHK:1143FB20924B}}{S:{COP:S}}${1:F21VZCRVECAAXXX5410610696}{4:{177:0404021720}{451:0}}{1:F01VZCRVECAAXXX5410610696}{2:09501717040402VZCRVECAAXXX40812675430404021720N}{3:{108:SCONNECT}}{4:
:20:MI090122
:25:1111111111
:28C:0546/111
:60M:D090122VEF000008688740,46
:61:090122D000000000213,58NTRF000000049471//180009
PAGO
:61:090122D000000000560,04NTRF000000049470//180009
PAGO
:61:090122D000000000567,09NTRF000000049469//180009
PAGO
:61:090122D000000000212,89NTRF000000049468//180009
PAGO
:61:090122D000000000393,44NTRF000000049467//180009
PAGO
:61:090122D000000000310,04NTRF000000049466//180009
PAGO
:61:090122D000000002569,46NTRF000000001634//180009
PAGO
:61:090122D000000002337,81NTRF000000001633//180009
PAGO
:61:090122D000000001689,42NTRF000000001632//180009
PAGO
:62M:D090122VEF000008697594,23
-}{5:{CHK:1143FB20924B}}{S:{COP:S}}${1:F21VZCRVECAAXXX5410610696}{4:{177:0404021720}{451:0}}{1:F01VZCRVECAAXXX5410610696}{2:09501717040402VZCRVECAAXXX40812675430404021720N}{3:{108:SCONNECT}}{4:
:20:MI090122
:25:1111111111
:28C:0546/112
:60M:D090122VEF000008697594,23
:61:090122D000000006159,71NTRF000000001631//180009
PAGO
:61:090122D000000000456,22NTRF000000001630//180009
PAGO
:61:090122D000000002829,68NTRF000000001629//180009
PAGO
:61:090122D000000000933,69NTRF000000001628//180009
PAGO
:61:090122D000000001095,36NTRF000000001627//180009
PAGO
:61:090122D000000001442,24NTRF000000001626//180009
PAGO
:61:090122D000000002787,50NTRF000000001458//180009
PAGO
:61:090122D000000000044,14NTRF000000001457//180009
PAGO
:61:090122D000000001095,36NTRF000000001456//180009
PAGO
:62M:D090122VEF000008714438,13
-}{5:{CHK:1143FB20924B}}{S:{COP:S}}${1:F21VZCRVECAAXXX5410610696}{4:{177:0404021720}{451:0}}{1:F01VZCRVECAAXXX5410610696}{2:09501717040402VZCRVECAAXXX40812675430404021720N}{3:{108:SCONNECT}}{4:
:20:MI090122
:25:1111111111
:28C:0546/113
:60M:D090122VEF000008714438,13
:61:090122D000000000051,00NTRF000000001455//180009
PAGO
:61:090122D000000005211,98NTRF000000001454//180009
PAGO
:61:090122D000000000031,95NTRF000000001453//180009
PAGO
:61:090122D000000001722,33NTRF000000001452//180009
PAGO
:61:090122D000000000448,60NTRF000000001451//180009
PAGO
:61:090122D000000002617,93NTRF000000001450//180009
PAGO
:61:090122D000000001652,90NTRF000090067554//180009
PAGO
:61:090122D000000005381,80NTRF000090067553//180009
PAGO
:61:090122D000000001387,80NTRF000090067552//180009
PAGO
:62M:D090122VEF000008732944,42
-}{5:{CHK:1143FB20924B}}{S:{COP:S}}${1:F21VZCRVECAAXXX5410610696}{4:{177:0404021720}{451:0}}{1:F01VZCRVECAAXXX5410610696}{2:09501717040402VZCRVECAAXXX40812675430404021720N}{3:{108:SCONNECT}}{4:
:20:MI090122
:25:1111111111
:28C:0546/114
:60M:D090122VEF000008732944,42
:61:090122D000000002869,20NTRF000090067551//180009
PAGO
:61:090122D000000002471,40NTRF000090067550//180009
PAGO
:61:090122D000000005707,80NTRF000090067549//180009
PAGO
:61:090122D000000005526,00NTRF000090067548//180009
PAGO
:61:090122D000000007322,40NTRF000090067547//180009
PAGO
:61:090122D000000000802,80NTRF000090067546//180009
PAGO
:61:090122D000000001830,60NTRF000090067402//180009
PAGO
:61:090122D000000004672,80NTRF000090067401//180009
PAGO
:61:090122D000000005371,20NTRF000090067400//180009
PAGO
:62M:D090122VEF000008769518,62
-}{5:{CHK:1143FB20924B}}{S:{COP:S}}${1:F21VZCRVECAAXXX5410610696}{4:{177:0404021720}{451:0}}{1:F01VZCRVECAAXXX5410610696}{2:09501717040402VZCRVECAAXXX40812675430404021720N}{3:{108:SCONNECT}}{4:
:20:MI090122
:25:1111111111
:28C:0546/115
:60M:D090122VEF000008769518,62
:61:090122D000000000981,00NTRF000090067399//180009
PAGO
:61:090122D000000013181,40NTRF000090067398//180009
PAGO
:61:090122D000000004307,40NTRF000090067397//180009
PAGO
:61:090122D000000002776,82NTRF000090067396//180009
PAGO
:61:090122D000000002796,01NTRF000090067395//180009
PAGO
:61:090122D000000000342,24NTRF000090067394//180009
PAGO
:61:090122D000000002928,96NTRF000090067682//180009
PAGO
:61:090122D000000000455,04NTRF000090067681//180009
PAGO
:61:090122D000000001467,36NTRF000090067680//180009
PAGO
:62M:D090122VEF000008798754,85
-}{5:{CHK:1143FB20924B}}{S:{COP:S}}${1:F21VZCRVECAAXXX5410610696}{4:{177:0404021720}{451:0}}{1:F01VZCRVECAAXXX5410610696}{2:09501717040402VZCRVECAAXXX40812675430404021720N}{3:{108:SCONNECT}}{4:
:20:MI090122
:25:1111111111
:28C:0546/116
:60M:D090122VEF000008798754,85
:61:090122D000000000160,72NTRF000044991432//180009
PAGO
:61:090122D000000000103,77NTRF000044991332//180009
PAGO
:61:090122D000000006366,03NTRF000000699124//180009
PAGO
:61:090122D000000001067,56NTRF000000699123//180009
PAGO
:61:090122D000000026409,14NTRF000000699122//180009
PAGO
:61:090122D000000011234,37NTRF000000699121//180009
PAGO
:61:090122D000000003023,86NTRF000000699120//180009
PAGO
:61:090122D000000001324,37NTRF000000699119//180009
PAGO
:61:090122D000000032062,36NTRF000000699118//180009
PAGO
:62M:D090122VEF000008880507,03
-}{5:{CHK:1143FB20924B}}{S:{COP:S}}${1:F21VZCRVECAAXXX5410610696}{4:{177:0404021720}{451:0}}{1:F01VZCRVECAAXXX5410610696}{2:09501717040402VZCRVECAAXXX40812675430404021720N}{3:{108:SCONNECT}}{4:
:20:MI090122
:25:1111111111
:28C:0546/117
:60M:D090122VEF000008880507,03
:61:090122D000000003173,02NTRF000000699117//180009
PAGO
:61:090122D000000000279,39NTRF000000699116//180009
PAGO
:61:090122D000000003000,00NTRF000076022588//180009
PAGO
:61:090122D000000000315,00NTRF000073883933//180009
PAGO
:61:090122D000000000300,00NTRF000073473609//180009
PAGO
:61:090122D000000000300,00NTRF000073411609//180009
PAGO
:61:090122D000000000300,00NTRF000073310609//180009
PAGO
:61:090122D000000008000,00NTRF000072291878//180009
PAGO
:61:090122D000000000200,00NTRF000070861216//180009
PAGO
:62M:D090122VEF000008896374,44
-}{5:{CHK:1143FB20924B}}{S:{COP:S}}${1:F21VZCRVECAAXXX5410610696}{4:{177:0404021720}{451:0}}{1:F01VZCRVECAAXXX5410610696}{2:09501717040402VZCRVECAAXXX40812675430404021720N}{3:{108:SCONNECT}}{4:
:20:MI090122
:25:1111111111
:28C:0546/118
:60M:D090122VEF000008896374,44
:61:090122D000000002000,00NTRF000070588480//180009
PAGO
:61:090122D000000000500,00NTRF000067684319//180009
PAGO
:61:090122D000000000450,00NTRF000096568275//180009
PAGO
:61:090122D000000000500,00NTRF000096309040//180009
PAGO
:61:090122D000000000300,00NTRF000096270091//180009
PAGO
:61:090122D000000000300,00NTRF000096260311//180009
PAGO
:61:090122D000000001598,00NTRF000096194705//180009
PAGO
:61:090122D000000000250,00NTRF000096155722//180009
PAGO
:61:090122D000000000185,67NTRF000096120625//180009
PAGO
:62M:D090122VEF000008902458,11
-}{5:{CHK:1143FB20924B}}{S:{COP:S}}${1:F21VZCRVECAAXXX5410610696}{4:{177:0404021720}{451:0}}{1:F01VZCRVECAAXXX5410610696}{2:09501717040402VZCRVECAAXXX40812675430404021720N}{3:{108:SCONNECT}}{4:
:20:MI090122
:25:1111111111
:28C:0546/119
:60M:D090122VEF000008902458,11
:61:090122D000000000150,00NTRF000095992951//180009
PAGO
:61:090122D000000000675,00NTRF000095541241//180009
PAGO
:61:090122D000000001240,00NTRF000071422283//180009
PAGO
:61:090122D000000000266,00NTRF000070911829//180009
PAGO
:61:090122D000000000700,00NTRF000070730292//180009
PAGO
:61:090122D000000001500,00NTRF000070696836//180009
PAGO
:61:090122D000000002900,00NTRF000070631858//180009
PAGO
:61:090122D000000000565,66NTRF000070296048//180009
PAGO
:61:090122D000000000300,00NTRF000070050643//180009
PAGO
:62M:D090122VEF000008910754,77
-}{5:{CHK:1143FB20924B}}{S:{COP:S}}${1:F21VZCRVECAAXXX5410610696}{4:{177:0404021720}{451:0}}{1:F01VZCRVECAAXXX5410610696}{2:09501717040402VZCRVECAAXXX40812675430404021720N}{3:{108:SCONNECT}}{4:
:20:MI090122
:25:1111111111
:28C:0546/120
:60M:D090122VEF000008910754,77
:61:090122D000000004705,00NTRF000069964471//180009
PAGO
:61:090122D000000000214,68NTRF000069585082//180009
PAGO
:61:090122D000000000650,00NTRF000042730034//180009
PAGO
:61:090122D000000000600,00NTRF000041916107//180009
PAGO
:61:090122D000000000430,00NTRF000041608038//180009
PAGO
:61:090122D000000002045,44NTRF000041230793//180009
PAGO
:61:090122D000000000300,00NTRF000041160382//180009
PAGO
:61:090122D000000000500,00NTRF000040919205//180009
PAGO
:61:090122D000000001200,00NTRF000040445147//180009
PAGO
:62M:D090122VEF000008921399,89
-}{5:{CHK:1143FB20924B}}{S:{COP:S}}${1:F21VZCRVECAAXXX5410610696}{4:{177:0404021720}{451:0}}{1:F01VZCRVECAAXXX5410610696}{2:09501717040402VZCRVECAAXXX40812675430404021720N}{3:{108:SCONNECT}}{4:
:20:MI090122
:25:1111111111
:28C:0546/121
:60M:D090122VEF000008921399,89
:61:090122D000000000150,00NTRF000040214517//180009
PAGO
:61:090122D000000001971,14NTRF000038063566//180009
PAGO
:61:090122D000000005000,00NTRF000019739961//180009
PAGO
:61:090122D000000000500,00NTRF000019658018//180009
PAGO
:61:090122D000000000700,00NTRF000019612635//180009
PAGO
:61:090122D000000001400,00NTRF000019553016//180009
PAGO
:61:090122D000000000043,66NTRF000019347176//180009
PAGO
:61:090122D000000002500,00NTRF000019130422//180009
PAGO
:61:090122D000000000068,00NTRF000018865035//180009
PAGO
:62M:D090122VEF000008933732,69
-}{5:{CHK:1143FB20924B}}{S:{COP:S}}${1:F21VZCRVECAAXXX5410610696}{4:{177:0404021720}{451:0}}{1:F01VZCRVECAAXXX5410610696}{2:09501717040402VZCRVECAAXXX40812675430404021720N}{3:{108:SCONNECT}}{4:
:20:MI090122
:25:1111111111
:28C:0546/122
:60M:D090122VEF000008933732,69
:61:090122D000000043000,00NTRF000018855181//180009
PAGO
:61:090122D000000000050,00NTRF000018623507//180009
PAGO
:61:090122D000000000500,00NTRF000090723901//180009
PAGO
:61:090122D000000000500,00NTRF000090691901//180009
PAGO
:61:090122D000000000500,00NTRF000090662901//180009
PAGO
:61:090122D000000000200,00NTRF000090603937//180009
PAGO
:61:090122D000000000200,00NTRF000090492937//180009
PAGO
:61:090122D000000000138,00NTRF000090304482//180009
PAGO
:61:090122D000000000114,00NTRF000090233913//180009
PAGO
:62M:D090122VEF000008978934,69
-}{5:{CHK:1143FB20924B}}{S:{COP:S}}${1:F21VZCRVECAAXXX5410610696}{4:{177:0404021720}{451:0}}{1:F01VZCRVECAAXXX5410610696}{2:09501717040402VZCRVECAAXXX40812675430404021720N}{3:{108:SCONNECT}}{4:
:20:MI090122
:25:1111111111
:28C:0546/123
:60M:D090122VEF000008978934,69
:61:090122D000000000300,00NTRF000090019561//180009
PAGO
:61:090122D000000000300,00NTRF000089925808//180009
PAGO
:61:090122D000000000120,00NTRF000063821451//180009
PAGO
:61:090122D000000000128,00NTRF000063575345//180009
PAGO
:61:090122D000000000200,00NTRF000063477076//180009
PAGO
:61:090122D000000000100,00NTRF000062689198//180009
PAGO
:61:090122D000000000150,00NTRF000062444425//180009
PAGO
:61:090122D000000000500,00NTRF000062420082//180009
PAGO
:61:090122D000000000500,00NTRF000062364082//180009
PAGO
:62M:D090122VEF000008981232,69
-}{5:{CHK:1143FB20924B}}{S:{COP:S}}${1:F21VZCRVECAAXXX5410610696}{4:{177:0404021720}{451:0}}{1:F01VZCRVECAAXXX5410610696}{2:09501717040402VZCRVECAAXXX40812675430404021720N}{3:{108:SCONNECT}}{4:
:20:MI090122
:25:1111111111
:28C:0546/124
:60M:D090122VEF000008981232,69
:61:090122D000000000036,00NTRF000062175693//180009
PAGO
:61:090122D000000000300,00NTRF000061939220//180009
PAGO
:61:090122D000000003000,00NTRF000032670326//180009
PAGO
:61:090122D000000000500,00NTRF000031865388//180009
PAGO
:61:090122D000000000500,00NTRF000031831388//180009
PAGO
:61:090122D000000000500,00NTRF000031781388//180009
PAGO
:61:090122D000000001750,00NTRF000031252512//180009
PAGO
:61:090122D000000000130,00NTRF000030914195//180009
PAGO
:61:090122D000000001000,00NTRF000030274114//180009
PAGO
:62M:D090122VEF000008988948,69
-}{5:{CHK:1143FB20924B}}{S:{COP:S}}${1:F21VZCRVECAAXXX5410610696}{4:{177:0404021720}{451:0}}{1:F01VZCRVECAAXXX5410610696}{2:09501717040402VZCRVECAAXXX40812675430404021720N}{3:{108:SCONNECT}}{4:
:20:MI090122
:25:1111111111
:28C:0546/125
:60M:D090122VEF000008988948,69
:61:090122D000000000100,00NTRF000030058966//180009
PAGO
:61:090122D000000000077,11NTRF000045014932//180009
PAGO
:61:090122D000000000375,77NTRF000045014132//180009
PAGO
:61:090122D000000000034,15NTRF000045014032//180009
PAGO
:61:090122D000000000136,23NTRF000045013932//180009
PAGO
:61:090122D000000000144,49NTRF000045013832//180009
PAGO
:61:090122D000000000717,25NTRF000045013732//180009
PAGO
:61:090122D000000000322,52NTRF000045013232//180009
PAGO
:61:090122D000000000080,75NTRF000045012332//180009
PAGO
:62M:D090122VEF000008990936,96
-}{5:{CHK:1143FB20924B}}{S:{COP:S}}${1:F21VZCRVECAAXXX5410610696}{4:{177:0404021720}{451:0}}{1:F01VZCRVECAAXXX5410610696}{2:09501717040402VZCRVECAAXXX40812675430404021720N}{3:{108:SCONNECT}}{4:
:20:MI090122
:25:1111111111
:28C:0546/126
:60M:D090122VEF000008990936,96
:61:090122D000000000172,04NTRF000045012232//180009
PAGO
:61:090122D000000000625,00NTRF000092421683//180009
PAGO
:61:090122D000000001550,00NTRF000092342586//180009
PAGO
:61:090122D000000001800,00NTRF000092295401//180009
PAGO
:61:090122D000000000144,00NTRF000092238691//180009
PAGO
:61:090122D000000004000,00NTRF000091936098//180009
PAGO
:61:090122D000000001600,00NTRF000091710642//180009
PAGO
:61:090122D000000000150,00NTRF000091242919//180009
PAGO
:61:090122D000000001040,00NTRF000090538240//180009
PAGO
:62M:D090122VEF000009002018,00
-}{5:{CHK:1143FB20924B}}{S:{COP:S}}${1:F21VZCRVECAAXXX5410610696}{4:{177:0404021720}{451:0}}{1:F01VZCRVECAAXXX5410610696}{2:09501717040402VZCRVECAAXXX40812675430404021720N}{3:{108:SCONNECT}}{4:
:20:MI090122
:25:1111111111
:28C:0546/127
:60M:D090122VEF000009002018,00
:61:090122D000000000571,00NTRF000090521709//180009
PAGO
:61:090122D000000000710,00NTRF000074139873//180009
PAGO
:61:090122D000000000500,00NTRF000073953915//180009
PAGO
:61:090122D000000001330,00NTRF000073888549//180009
PAGO
:61:090122D000000000075,00NTRF000073795332//180009
PAGO
:61:090122D000000000600,00NTRF000073736335//180009
PAGO
:61:090122D000000002000,00NTRF000073697880//180009
PAGO
:61:090122D000000005500,00NTRF000073692012//180009
PAGO
:61:090122D000000008700,00NTRF000073502020//180009
PAGO
:62M:D090122VEF000009022004,00
-}{5:{CHK:1143FB20924B}}{S:{COP:S}}${1:F21VZCRVECAAXXX5410610696}{4:{177:0404021720}{451:0}}{1:F01VZCRVECAAXXX5410610696}{2:09501717040402VZCRVECAAXXX40812675430404021720N}{3:{108:SCONNECT}}{4:
:20:MI090122
:25:1111111111
:28C:0546/128
:60M:D090122VEF000009022004,00
:61:090122D000000007300,00NTRF000073396491//180009
PAGO
:61:090122D000000000550,00NTRF000059910204//180009
PAGO
:61:090122D000000000300,00NTRF000059873213//180009
PAGO
:61:090122D000000000063,00NTRF000059853539//180009
PAGO
:61:090122D000000000060,00NTRF000059825976//180009
PAGO
:61:090122D000000000600,00NTRF000059776589//180009
PAGO
:61:090122D000000000200,00NTRF000059277126//180009
PAGO
:61:090122D000000000260,00NTRF000059202644//180009
PAGO
:61:090122D000000000200,00NTRF000059198146//180009
PAGO
:62M:D090122VEF000009031537,00
-}{5:{CHK:1143FB20924B}}{S:{COP:S}}${1:F21VZCRVECAAXXX5410610696}{4:{177:0404021720}{451:0}}{1:F01VZCRVECAAXXX5410610696}{2:09501717040402VZCRVECAAXXX40812675430404021720N}{3:{108:SCONNECT}}{4:
:20:MI090122
:25:1111111111
:28C:0546/129
:60M:D090122VEF000009031537,00
:61:090122D000000004000,00NTRF000059002253//180009
PAGO
:61:090122D000000002000,00NTRF000044812447//180009
PAGO
:61:090122D000000002400,00NTRF000044773816//180009
PAGO
:61:090122D000000000222,00NTRF000044710057//180009
PAGO
:61:090122D000000000200,00NTRF000044693751//180009
PAGO
:61:090122D000000000200,00NTRF000044628254//180009
PAGO
:61:090122D000000000300,00NTRF000044239718//180009
PAGO
:61:090122D000000000467,00NTRF000044231443//180009
PAGO
:61:090122D000000001000,00NTRF000044191694//180009
PAGO
:62M:D090122VEF000009042326,00
-}{5:{CHK:1143FB20924B}}{S:{COP:S}}${1:F21VZCRVECAAXXX5410610696}{4:{177:0404021720}{451:0}}{1:F01VZCRVECAAXXX5410610696}{2:09501717040402VZCRVECAAXXX40812675430404021720N}{3:{108:SCONNECT}}{4:
:20:MI090122
:25:1111111111
:28C:0546/130
:60M:D090122VEF000009042326,00
:61:090122D000000000080,00NTRF000044162304//180009
PAGO
:61:090122D000000002800,00NTRF000028656038//180009
PAGO
:61:090122D000000000300,00NTRF000028441253//180009
PAGO
:61:090122D000000000680,00NTRF000028427488//180009
PAGO
:61:090122D000000000450,00NTRF000028215946//180009
PAGO
:61:090122D000000000295,10NTRF000028118286//180009
PAGO
:61:090122D000000001482,00NTRF000027862926//180009
PAGO
:61:090122D000000000110,00NTRF000027812325//180009
PAGO
:61:090122D000000000370,00NTRF000027654872//180009
PAGO
:62M:D090122VEF000009048893,10
-}{5:{CHK:1143FB20924B}}{S:{COP:S}}${1:F21VZCRVECAAXXX5410610696}{4:{177:0404021720}{451:0}}{1:F01VZCRVECAAXXX5410610696}{2:09501717040402VZCRVECAAXXX40812675430404021720N}{3:{108:SCONNECT}}{4:
:20:MI090122
:25:1111111111
:28C:0546/131
:60M:D090122VEF000009048893,10
:61:090122D000000001500,00NTRF000027170491//180009
PAGO
:61:090122D000000001500,00NTRF000012053971//180009
PAGO
:61:090122D000000004000,00NTRF000011799781//180009
PAGO
:61:090122D000000002000,00NTRF000011313632//180009
PAGO
:61:090122D000000006000,00NTRF000011128092//180009
PAGO
:61:090122D000000000290,00NTRF000011078217//180009
PAGO
:61:090122D000000000090,00NTRF000010943374//180009
PAGO
:61:090122D000000000943,47NTRF000010862633//180009
PAGO
:61:090122D000000000700,00NTRF000010604357//180009
PAGO
:62M:D090122VEF000009065916,57
-}{5:{CHK:1143FB20924B}}{S:{COP:S}}${1:F21VZCRVECAAXXX5410610696}{4:{177:0404021720}{451:0}}{1:F01VZCRVECAAXXX5410610696}{2:09501717040402VZCRVECAAXXX40812675430404021720N}{3:{108:SCONNECT}}{4:
:20:MI090122
:25:1111111111
:28C:0546/132
:60M:D090122VEF000009065916,57
:61:090122D000000000600,00NTRF000010241678//180009
PAGO
:61:090122D000000000262,57NTRF000093887123//180009
PAGO
:61:090122D000000000600,00NTRF000093775859//180009
PAGO
:61:090122D000000000200,00NTRF000093586920//180009
PAGO
:61:090122D000000000550,00NTRF000093398002//180009
PAGO
:61:090122D000000002967,00NTRF000093331304//180009
PAGO
:61:090122D000000002107,98NTRF000093279858//180009
PAGO
:61:090122D000000000278,07NTRF000093198267//180009
PAGO
:61:090122D000000000050,00NTRF000092919921//180009
PAGO
:62M:D090122VEF000009073532,19
-}{5:{CHK:1143FB20924B}}{S:{COP:S}}${1:F21VZCRVECAAXXX5410610696}{4:{177:0404021720}{451:0}}{1:F01VZCRVECAAXXX5410610696}{2:09501717040402VZCRVECAAXXX40812675430404021720N}{3:{108:SCONNECT}}{4:
:20:MI090122
:25:1111111111
:28C:0546/133
:60M:D090122VEF000009073532,19
:61:090122D000000000800,00NTRF000092856803//180009
PAGO
:61:090122D000000004626,10NTRF000070699659//180009
PAGO
:61:090122D000000000100,00NTRF000070688572//180009
PAGO
:61:090122D000000001000,00NTRF000070654227//180009
PAGO
:61:090122D000000000129,29NTRF000070586187//180009
PAGO
:61:090122D000000001626,00NTRF000070534606//180009
PAGO
:61:090122D000000000186,00NTRF000070412184//180009
PAGO
:61:090122D000000005000,00NTRF000070231519//180009
PAGO
:61:090122D000000000477,47NTRF000070098985//180009
PAGO
:62M:D090122VEF000009087477,05
-}{5:{CHK:1143FB20924B}}{S:{COP:S}}${1:F21VZCRVECAAXXX5410610696}{4:{177:0404021720}{451:0}}{1:F01VZCRVECAAXXX5410610696}{2:09501717040402VZCRVECAAXXX40812675430404021720N}{3:{108:SCONNECT}}{4:
:20:MI090122
:25:1111111111
:28C:0546/134
:60M:D090122VEF000009087477,05
:61:090122D000000000068,63NTRF000069956460//180009
PAGO
:61:090122D000000006359,00NTRF000046261077//180009
PAGO
:61:090122D000000001000,00NTRF000046026118//180009
PAGO
:61:090122D000000000105,38NTRF000045904972//180009
PAGO
:61:090122D000000000800,00NTRF000045739687//180009
PAGO
:61:090122D000000001000,00NTRF000045408759//180009
PAGO
:61:090122D000000001092,17NTRF000045328573//180009
PAGO
:61:090122D000000002000,00NTRF000045233574//180009
PAGO
:61:090122D000000000130,00NTRF000044926434//180009
PAGO
:62M:D090122VEF000009100032,23
-}{5:{CHK:1143FB20924B}}{S:{COP:S}}${1:F21VZCRVECAAXXX5410610696}{4:{177:0404021720}{451:0}}{1:F01VZCRVECAAXXX5410610696}{2:09501717040402VZCRVECAAXXX40812675430404021720N}{3:{108:SCONNECT}}{4:
:20:MI090122
:25:1111111111
:28C:0546/135
:60M:D090122VEF000009100032,23
:61:090122D000000000300,00NTRF000044668375//180009
PAGO
:61:090122D000000000100,00NTRF000020847124//180009
PAGO
:61:090122D000000000100,00NTRF000020813124//180009
PAGO
:61:090122D000000000320,00NTRF000020759451//180009
PAGO
:61:090122D000000005000,00NTRF000020665889//180009
PAGO
:61:090122D000000011250,00NTRF000020521151//180009
PAGO
:61:090122D000000000100,00NTRF000020254392//180009
PAGO
:61:090122D000000000500,00NTRF000020242076//180009
PAGO
:61:090122D000000000414,78NTRF000020028014//180009
PAGO
:62M:D090122VEF000009118117,01
-}{5:{CHK:1143FB20924B}}{S:{COP:S}}${1:F21VZCRVECAAXXX5410610696}{4:{177:0404021720}{451:0}}{1:F01VZCRVECAAXXX5410610696}{2:09501717040402VZCRVECAAXXX40812675430404021720N}{3:{108:SCONNECT}}{4:
:20:MI090122
:25:1111111111
:28C:0546/136
:60M:D090122VEF000009118117,01
:61:090122D000000000300,00NTRF000019262412//180009
PAGO
:61:090122D000000036372,26NTRF000000113525//180009
PAGO
:61:090122D000000001891,93NTRF000000113524//180009
PAGO
:61:090122D000000052312,24NTRF000000113523//180009
PAGO
:61:090122D000000010786,90NTRF000000113522//180009
PAGO
:61:090122D000000009802,79NTRF000000113521//180009
PAGO
:61:090122D000000012126,75NTRF000000113520//180009
PAGO
:61:090122D000000012262,25NTRF000000113519//180009
PAGO
:61:090122D000000000255,85NTRF000000113518//180009
PAGO
:62M:D090122VEF000009254227,98
-}{5:{CHK:1143FB20924B}}{S:{COP:S}}${1:F21VZCRVECAAXXX5410610696}{4:{177:0404021720}{451:0}}{1:F01VZCRVECAAXXX5410610696}{2:09501717040402VZCRVECAAXXX40812675430404021720N}{3:{108:SCONNECT}}{4:
:20:MI090122
:25:1111111111
:28C:0546/137
:60M:D090122VEF000009254227,98
:61:090122D000000005384,33NTRF000000113517//180009
PAGO
:61:090122D000001476476,55NTRF000000080316//180009
PAGO
:61:090122D000000015694,71NTRF000000080315//180009
PAGO
:61:090122D000000074548,04NTRF000000080314//180009
PAGO
:61:090122D000000092970,46NTRF000000080313//180009
PAGO
:61:090122D000000002604,00NTRF000000080312//180009
PAGO
:61:090122D000000002673,84NTRF000000080311//180009
PAGO
:61:090122D000000067762,98NTRF000000080310//180009
PAGO
:61:090122D000000099711,20NTRF000000080309//180009
PAGO
:62M:D090122VEF000011092054,09
-}{5:{CHK:1143FB20924B}}{S:{COP:S}}${1:F21VZCRVECAAXXX5410610696}{4:{177:0404021720}{451:0}}{1:F01VZCRVECAAXXX5410610696}{2:09501717040402VZCRVECAAXXX40812675430404021720N}{3:{108:SCONNECT}}{4:
:20:MI090122
:25:1111111111
:28C:0546/138
:60M:D090122VEF000011092054,09
:61:090122D000000035115,10NTRF000000080308//180009
PAGO
:61:090122D000000033682,11NTRF000020136911//180009
PAGO
:61:090122D000000013163,64NTRF000020136910//180009
PAGO
:61:090122D000000111924,30NTRF000020136909//180009
PAGO
:61:090122D000000033759,62NTRF000020136908//180009
PAGO
:61:090122D000000007290,92NTRF000020136906//180009
PAGO
:61:090122D000000081448,40NTRF000020136905//180009
PAGO
:61:090122D000000036595,80NTRF000020136904//180009
PAGO
:61:090122D000000021043,52NTRF000020136903//180009
PAGO
:62M:D090122VEF000011466077,50
-}{5:{CHK:1143FB20924B}}{S:{COP:S}}${1:F21VZCRVECAAXXX5410610696}{4:{177:0404021720}{451:0}}{1:F01VZCRVECAAXXX5410610696}{2:09501717040402VZCRVECAAXXX40812675430404021720N}{3:{108:SCONNECT}}{4:
:20:MI090122
:25:1111111111
:28C:0546/139
:60M:D090122VEF000011466077,50
:61:090122D000000004697,03NTRF000020136900//180009
PAGO
:61:090122D000000000258,36NTRF000000049465//180009
PAGO
:61:090122D000000000296,69NTRF000000049464//180009
PAGO
:61:090122D000000000232,65NTRF000000049463//180009
PAGO
:61:090122D000000000419,70NTRF000000049462//180009
PAGO
:61:090122D000000000333,72NTRF000000049461//180009
PAGO
:61:090122D000000000186,67NTRF000000049460//180009
PAGO
:61:090122D000000000476,41NTRF000000049459//180009
PAGO
:61:090122D000000000258,36NTRF000000049458//180009
PAGO
:62M:D090122VEF000011473237,09
-}{5:{CHK:1143FB20924B}}{S:{COP:S}}${1:F21VZCRVECAAXXX5410610696}{4:{177:0404021720}{451:0}}{1:F01VZCRVECAAXXX5410610696}{2:09501717040402VZCRVECAAXXX40812675430404021720N}{3:{108:SCONNECT}}{4:
:20:MI090122
:25:1111111111
:28C:0546/140
:60M:D090122VEF000011473237,09
:61:090122D000000000344,48NTRF000000049457//180009
PAGO
:61:090122D000000001199,80NTRF000000001625//180009
PAGO
:61:090122D000000000021,63NTRF000000001624//180009
PAGO
:61:090122D000000000657,22NTRF000000001623//180009
PAGO
:61:090122D000000000183,02NTRF000000001622//180009
PAGO
:61:090122D000000000017,61NTRF000000001621//180009
PAGO
:61:090122D000000003960,39NTRF000000001620//180009
PAGO
:61:090122D000000001362,17NTRF000000001619//180009
PAGO
:61:090122D000000001210,92NTRF000000001618//180009
PAGO
:62M:D090122VEF000011482194,33
-}{5:{CHK:1143FB20924B}}{S:{COP:S}}${1:F21VZCRVECAAXXX5410610696}{4:{177:0404021720}{451:0}}{1:F01VZCRVECAAXXX5410610696}{2:09501717040402VZCRVECAAXXX40812675430404021720N}{3:{108:SCONNECT}}{4:
:20:MI090122
:25:1111111111
:28C:0546/141
:60M:D090122VEF000011482194,33
:61:090122D000000001850,22NTRF000000001617//180009
PAGO
:61:090122D000000001326,35NTRF000000001449//180009
PAGO
:61:090122D000000000438,14NTRF000000001448//180009
PAGO
:61:090122D000000002282,74NTRF000000001447//180009
PAGO
:61:090122D000000000745,21NTRF000000001446//180009
PAGO
:61:090122D000000000912,28NTRF000000001445//180009
PAGO
:61:090122D000000001444,89NTRF000000001444//180009
PAGO
:61:090122D000000001643,04NTRF000000001443//180009
PAGO
:61:090122D000000000230,00NTRF000000057196//180009
PAGO
:62M:D090122VEF000011493067,20
-}{5:{CHK:1143FB20924B}}{S:{COP:S}}${1:F21VZCRVECAAXXX5410610696}{4:{177:0404021720}{451:0}}{1:F01VZCRVECAAXXX5410610696}{2:09501717040402VZCRVECAAXXX40812675430404021720N}{3:{108:SCONNECT}}{4:
:20:MI090122
:25:1111111111
:28C:0546/142
:60M:D090122VEF000011493067,20
:61:090122D000000000359,00NTRF000000057194//180009
PAGO
:61:090122D000000003538,80NTRF000090067545//180009
PAGO
:61:090122D000000003216,60NTRF000090067544//180009
PAGO
:61:090122D000000002379,60NTRF000090067543//180009
PAGO
:61:090122D000000006902,60NTRF000090067542//180009
PAGO
:61:090122D000000001137,60NTRF000090067541//180009
PAGO
:61:090122D000000004219,20NTRF000090067540//180009
PAGO
:61:090122D000000006618,60NTRF000090067539//180009
PAGO
:61:090122D000000024382,80NTRF000090067538//180009
PAGO
:62M:D090122VEF000011545822,00
-}{5:{CHK:1143FB20924B}}{S:{COP:S}}${1:F21VZCRVECAAXXX5410610696}{4:{177:0404021720}{451:0}}{1:F01VZCRVECAAXXX5410610696}{2:09501717040402VZCRVECAAXXX40812675430404021720N}{3:{108:SCONNECT}}{4:
:20:MI090122
:25:1111111111
:28C:0546/143
:60M:D090122VEF000011545822,00
:61:090122D000000037591,20NTRF000090067537//180009
PAGO
:61:090122D000000012648,17NTRF000090067393//180009
PAGO
:61:090122D000000009774,07NTRF000090067392//180009
PAGO
:61:090122D000000002526,22NTRF000090067391//180009
PAGO
:61:090122D000000000656,76NTRF000090067388//180009
PAGO
:61:090122D000000002472,18NTRF000090067387//180009
PAGO
:61:090122D000000000812,76NTRF000090067386//180009
PAGO
:61:090122D000000001092,96NTRF000090067385//180009
PAGO
:61:090122D000000001309,92NTRF000090067384//180009
PAGO
:62M:D090122VEF000011614706,24
-}{5:{CHK:1143FB20924B}}{S:{COP:S}}${1:F21VZCRVECAAXXX5410610696}{4:{177:0404021720}{451:0}}{1:F01VZCRVECAAXXX5410610696}{2:09501717040402VZCRVECAAXXX40812675430404021720N}{3:{108:SCONNECT}}{4:
:20:MI090122
:25:1111111111
:28C:0546/144
:60M:D090122VEF000011614706,24
:61:090122D000000002423,34NTRF000090067383//180009
PAGO
:61:090122D000000000150,00NTRF000044991232//180009
PAGO
:61:090122D000000000050,00NTRF000044991132//180009
PAGO
:61:090122D000000000397,00NTRF000044991032//180009
PAGO
:61:090122D000000000100,00NTRF000044990932//180009
PAGO
:61:090122D000000000150,00NTRF000044990832//180009
PAGO
:61:090122D000000000395,00NTRF000044990732//180009
PAGO
:61:090122D000000000187,67NTRF000044990632//180009
PAGO
:61:090122D000000000180,00NTRF000044990532//180009
PAGO
:62M:D090122VEF000011618739,25
-}{5:{CHK:1143FB20924B}}{S:{COP:S}}${1:F21VZCRVECAAXXX5410610696}{4:{177:0404021720}{451:0}}{1:F01VZCRVECAAXXX5410610696}{2:09501717040402VZCRVECAAXXX40812675430404021720N}{3:{108:SCONNECT}}{4:
:20:MI090122
:25:1111111111
:28C:0546/145
:60M:D090122VEF000011618739,25
:61:090122D000000000229,83NTRF000044990432//180009
PAGO
:61:090122D000000000120,00NTRF000000699115//180009
PAGO
:61:090122D000000000167,15NTRF000000699114//180009
PAGO
:61:090122D000000000355,37NTRF000000699113//180009
PAGO
:61:090122D000000000323,64NTRF000000699112//180009
PAGO
:61:090122D000000000227,28NTRF000000699111//180009
PAGO
:61:090122D000000000140,00NTRF000000699110//180009
PAGO
:61:090122D000000001107,07NTRF000000699109//180009
PAGO
:61:090122D000000000269,13NTRF000000699108//180009
PAGO
:62M:D090122VEF000011621678,72
-}{5:{CHK:1143FB20924B}}{S:{COP:S}}${1:F21VZCRVECAAXXX5410610696}{4:{177:0404021720}{451:0}}{1:F01VZCRVECAAXXX5410610696}{2:09501717040402VZCRVECAAXXX40812675430404021720N}{3:{108:SCONNECT}}{4:
:20:MI090122
:25:1111111111
:28C:0546/146
:60M:D090122VEF000011621678,72
:61:090122D000000000404,13NTRF000000699107//180009
PAGO
:61:090122D000000002352,00NTRF000064525246//180009
PAGO
:61:090122D000000001000,00NTRF000062329092//180009
PAGO
:61:090122D000000005141,54NTRF000062306589//180009
PAGO
:61:090122D000000011000,00NTRF000060769618//180009
PAGO
:61:090122D000000001400,00NTRF000060765829//180009
PAGO
:61:090122D000000000200,00NTRF000059991887//180009
PAGO
:61:090122D000000000200,00NTRF000059972887//180009
PAGO
:61:090122D000000000200,00NTRF000059476402//180009
PAGO
:62M:D090122VEF000011643576,39
-}{5:{CHK:1143FB20924B}}{S:{COP:S}}${1:F21VZCRVECAAXXX5410610696}{4:{177:0404021720}{451:0}}{1:F01VZCRVECAAXXX5410610696}{2:09501717040402VZCRVECAAXXX40812675430404021720N}{3:{108:SCONNECT}}{4:
:20:MI090122
:25:1111111111
:28C:0546/147
:60M:D090122VEF000011643576,39
:61:090122D000000000600,00NTRF000058350691//180009
PAGO
:61:090122D000000000777,77NTRF000095289895//180009
PAGO
:61:090122D000000000210,00NTRF000094992804//180009
PAGO
:61:090122D000000000611,00NTRF000094867824//180009
PAGO
:61:090122D000000000150,00NTRF000094330984//180009
PAGO
:61:090122D000000002500,00NTRF000094321902//180009
PAGO
:61:090122D000000001627,27NTRF000094001237//180009
PAGO
:61:090122D000000000080,00NTRF000093869009//180009
PAGO
:61:090122D000000000900,00NTRF000093861424//180009
PAGO
:62M:D090122VEF000011651032,43
-}{5:{CHK:1143FB20924B}}{S:{COP:S}}${1:F21VZCRVECAAXXX5410610696}{4:{177:0404021720}{451:0}}{1:F01VZCRVECAAXXX5410610696}{2:09501717040402VZCRVECAAXXX40812675430404021720N}{3:{108:SCONNECT}}{4:
:20:MI090122
:25:1111111111
:28C:0546/148
:60M:D090122VEF000011651032,43
:61:090122D000000010000,00NTRF000093718535//180009
PAGO
:61:090122D000000000577,00NTRF000069259341//180009
PAGO
:61:090122D000000000100,00NTRF000069130372//180009
PAGO
:61:090122D000000000200,00NTRF000069120588//180009
PAGO
:61:090122D000000000040,00NTRF000068630950//180009
PAGO
:61:090122D000000000800,00NTRF000068204104//180009
PAGO
:61:090122D000000000250,00NTRF000067700729//180009
PAGO
:61:090122D000000015361,37NTRF000067677754//180009
PAGO
:61:090122D000000060000,00NTRF000067611129//180009
PAGO
:62M:D090122VEF000011738360,80
-}{5:{CHK:1143FB20924B}}{S:{COP:S}}${1:F21VZCRVECAAXXX5410610696}{4:{177:0404021720}{451:0}}{1:F01VZCRVECAAXXX5410610696}{2:09501717040402VZCRVECAAXXX40812675430404021720N}{3:{108:SCONNECT}}{4:
:20:MI090122
:25:1111111111
:28C:0546/149
:60M:D090122VEF000011738360,80
:61:090122D000000001085,00NTRF000067470899//180009
PAGO
:61:090122D000000000142,00NTRF000040111198//180009
PAGO
:61:090122D000000003500,00NTRF000039991216//180009
PAGO
:61:090122D000000000272,50NTRF000039424330//180009
PAGO
:61:090122D000000000638,53NTRF000039264244//180009
PAGO
:61:090122D000000003000,00NTRF000039082623//180009
PAGO
:61:090122D000000001600,00NTRF000038655151//180009
PAGO
:61:090122D000000000060,00NTRF000038433828//180009
PAGO
:61:090122D000000000200,00NTRF000038309377//180009
PAGO
:62M:D090122VEF000011748858,83
-}{5:{CHK:1143FB20924B}}{S:{COP:S}}${1:F21VZCRVECAAXXX5410610696}{4:{177:0404021720}{451:0}}{1:F01VZCRVECAAXXX5410610696}{2:09501717040402VZCRVECAAXXX40812675430404021720N}{3:{108:SCONNECT}}{4:
:20:MI090122
:25:1111111111
:28C:0546/150
:60M:D090122VEF000011748858,83
:61:090122D000000009000,00NTRF000038177179//180009
PAGO
:61:090122D000000001500,00NTRF000018376557//180009
PAGO
:61:090122D000000001532,00NTRF000018319096//180009
PAGO
:61:090122D000000017000,00NTRF000018252079//180009
PAGO
:61:090122D000000000100,00NTRF000018221064//180009
PAGO
:61:090122D000000000030,00NTRF000017715246//180009
PAGO
:61:090122D000000000321,00NTRF000017162817//180009
PAGO
:61:090122D000000003000,00NTRF000016524774//180009
PAGO
:61:090122D000000005000,00NTRF000016136578//180009
PAGO
:62M:D090122VEF000011786341,83
-}{5:{CHK:1143FB20924B}}{S:{COP:S}}${1:F21VZCRVECAAXXX5410610696}{4:{177:0404021720}{451:0}}{1:F01VZCRVECAAXXX5410610696}{2:09501717040402VZCRVECAAXXX40812675430404021720N}{3:{108:SCONNECT}}{4:
:20:MI090122
:25:1111111111
:28C:0546/151
:60M:D090122VEF000011786341,83
:61:090122D000000000400,00NTRF000015870755//180009
PAGO
:61:090122D000000000014,39NTRF000089615012//180009
PAGO
:61:090122D000000000047,82NTRF000088830236//180009
PAGO
:61:090122D000000000200,00NTRF000088677600//180009
PAGO
:61:090122D000000000255,00NTRF000088507529//180009
PAGO
:61:090122D000000000118,00NTRF000088487656//180009
PAGO
:61:090122D000000000200,00NTRF000088344234//180009
PAGO
:61:090122D000000002500,00NTRF000088283358//180009
PAGO
:61:090122D000000000182,00NTRF000087873168//180009
PAGO
:62M:D090122VEF000011790259,04
-}{5:{CHK:1143FB20924B}}{S:{COP:S}}${1:F21VZCRVECAAXXX5410610696}{4:{177:0404021720}{451:0}}{1:F01VZCRVECAAXXX5410610696}{2:09501717040402VZCRVECAAXXX40812675430404021720N}{3:{108:SCONNECT}}{4:
:20:MI090122
:25:1111111111
:28C:0546/152
:60M:D090122VEF000011790259,04
:61:090122D000000000500,00NTRF000087821444//180009
PAGO
:61:090122D000000000200,00NTRF000061889636//180009
PAGO
:61:090122D000000000300,00NTRF000061885220//180009
PAGO
:61:090122D000000001049,48NTRF000061856807//180009
PAGO
:61:090122D000000000300,00NTRF000061800220//180009
PAGO
:61:090122D000000000204,33NTRF000061699241//180009
PAGO
:61:090122D000000001033,32NTRF000061389819//180009
PAGO
:61:090122D000000000410,00NTRF000060978778//180009
PAGO
:61:090122D000000000260,00NTRF000060904433//180009
PAGO
:62M:D090122VEF000011794516,17
-}{5:{CHK:1143FB20924B}}{S:{COP:S}}${1:F21VZCRVECAAXXX5410610696}{4:{177:0404021720}{451:0}}{1:F01VZCRVECAAXXX5410610696}{2:09501717040402VZCRVECAAXXX40812675430404021720N}{3:{108:SCONNECT}}{4:
:20:MI090122
:25:1111111111
:28C:0546/153
:60M:D090122VEF000011794516,17
:61:090122D000000001000,00NTRF000060734162//180009
PAGO
:61:090122D000000000100,00NTRF000030011966//180009
PAGO
:61:090122D000000000100,00NTRF000029959966//180009
PAGO
:61:090122D000000000100,00NTRF000029904966//180009
PAGO
:61:090122D000000000100,00NTRF000029848966//180009
PAGO
:61:090122D000000000525,00NTRF000029728400//180009
PAGO
:61:090122D000000000700,00NTRF000028934218//180009
PAGO
:61:090122D000000000926,00NTRF000028591267//180009
PAGO
:61:090122D000000000090,00NTRF000028511805//180009
PAGO
:62M:D090122VEF000011798157,17
-}{5:{CHK:1143FB20924B}}{S:{COP:S}}${1:F21VZCRVECAAXXX5410610696}{4:{177:0404021720}{451:0}}{1:F01VZCRVECAAXXX5410610696}{2:09501717040402VZCRVECAAXXX40812675430404021720N}{3:{108:SCONNECT}}{4:
:20:MI090122
:25:1111111111
:28C:0546/154
:60M:D090122VEF000011798157,17
:61:090122D000000000100,00NTRF000027976382//180009
PAGO
:61:090122D000000000186,48NTRF000045012132//180009
PAGO
:61:090122D000000000407,55NTRF000045012032//180009
PAGO
:61:090122D000000000449,16NTRF000045011932//180009
PAGO
:61:090122D000000000325,08NTRF000045011832//180009
PAGO
:61:090122D000000000556,70NTRF000045011132//180009
PAGO
:61:090122D000000000476,97NTRF000045011032//180009
PAGO
:61:090122D000000000794,43NTRF000045010932//180009
PAGO
:61:090122D000000000349,60NTRF000045009732//180009
PAGO
:62M:D090122VEF000011801803,14
-}{5:{CHK:1143FB20924B}}{S:{COP:S}}${1:F21VZCRVECAAXXX5410610696}{4:{177:0404021720}{451:0}}{1:F01VZCRVECAAXXX5410610696}{2:09501717040402VZCRVECAAXXX40812675430404021720N}{3:{108:SCONNECT}}{4:
:20:MI090122
:25:1111111111
:28C:0546/155
:60M:D090122VEF000011801803,14
:61:090122D000000000054,67NTRF000045009632//180009
PAGO
:61:090122D000000000020,00NTRF000090321210//180009
PAGO
:61:090122D000000008175,00NTRF000090154583//180009
PAGO
:61:090122D000000000560,00NTRF000090036627//180009
PAGO
:61:090122D000000001200,00NTRF000090012901//180009
PAGO
:61:090122D000000000600,00NTRF000089874203//180009
PAGO
:61:090122D000000004000,00NTRF000089744088//180009
PAGO
:61:090122D000000001100,00NTRF000089682279//180009
PAGO
:61:090122D000000002000,00NTRF000089534234//180009
PAGO
:62M:D090122VEF000011819512,81
-}{5:{CHK:1143FB20924B}}{S:{COP:S}}${1:F21VZCRVECAAXXX5410610696}{4:{177:0404021720}{451:0}}{1:F01VZCRVECAAXXX5410610696}{2:09501717040402VZCRVECAAXXX40812675430404021720N}{3:{108:SCONNECT}}{4:
:20:MI090122
:25:1111111111
:28C:0546/156
:60M:D090122VEF000011819512,81
:61:090122D000000000100,00NTRF000073374493//180009
PAGO
:61:090122D000000000950,00NTRF000073343422//180009
PAGO
:61:090122D000000000600,00NTRF000073313460//180009
PAGO
:61:090122D000000001100,00NTRF000073193785//180009
PAGO
:61:090122D000000003150,00NTRF000073151290//180009
PAGO
:61:090122D000000000300,00NTRF000073146343//180009
PAGO
:61:090122D000000001100,00NTRF000073114727//180009
PAGO
:61:090122D000000000850,00NTRF000073111404//180009
PAGO
:61:090122D000000000021,71NTRF000073012941//180009
PAGO
:62M:D090122VEF000011827684,52
-}{5:{CHK:1143FB20924B}}{S:{COP:S}}${1:F21VZCRVECAAXXX5410610696}{4:{177:0404021720}{451:0}}{1:F01VZCRVECAAXXX5410610696}{2:09501717040402VZCRVECAAXXX40812675430404021720N}{3:{108:SCONNECT}}{4:
:20:MI090122
:25:1111111111
:28C:0546/157
:60M:D090122VEF000011827684,52
:61:090122D000000003052,00NTRF000058945874//180009
PAGO
:61:090122D000000001000,00NTRF000058727044//180009
PAGO
:61:090122D000000000500,00NTRF000058711133//180009
PAGO
:61:090122D000000013500,00NTRF000058667433//180009
PAGO
:61:090122D000000000600,00NTRF000058183942//180009
PAGO
:61:090122D000000000140,23NTRF000058174423//180009
PAGO
:61:090122D000000000540,00NTRF000057918297//180009
PAGO
:61:090122D000000044000,00NTRF000057745624//180009
PAGO
:61:090122D000000000500,00NTRF000057264443//180009
PAGO
:62M:D090122VEF000011891516,75
-}{5:{CHK:1143FB20924B}}{S:{COP:S}}${1:F21VZCRVECAAXXX5410610696}{4:{177:0404021720}{451:0}}{1:F01VZCRVECAAXXX5410610696}{2:09501717040402VZCRVECAAXXX40812675430404021720N}{3:{108:SCONNECT}}{4:
:20:MI090122
:25:1111111111
:28C:0546/158
:60M:D090122VEF000011891516,75
:61:090122D000000015000,00NTRF000044091339//180009
PAGO
:61:090122D000000000850,00NTRF000044019233//180009
PAGO
:61:090122D000000000050,00NTRF000044002188//180009
PAGO
:61:090122D000000004700,00NTRF000043826960//180009
PAGO
:61:090122D000000002300,00NTRF000043769741//180009
PAGO
:61:090122D000000002006,69NTRF000043525966//180009
PAGO
:61:090122D000000000200,00NTRF000043522129//180009
PAGO
:61:090122D000000001000,00NTRF000043454651//180009
PAGO
:61:090122D000000000500,00NTRF000043333123//180009
PAGO
:62M:D090122VEF000011918123,44
-}{5:{CHK:1143FB20924B}}{S:{COP:S}}${1:F21VZCRVECAAXXX5410610696}{4:{177:0404021720}{451:0}}{1:F01VZCRVECAAXXX5410610696}{2:09501717040402VZCRVECAAXXX40812675430404021720N}{3:{108:SCONNECT}}{4:
:20:MI090122
:25:1111111111
:28C:0546/159
:60M:D090122VEF000011918123,44
:61:090122D000000001200,00NTRF000026998732//180009
PAGO
:61:090122D000000002633,00NTRF000026963900//180009
PAGO
:61:090122D000000000500,00NTRF000026919740//180009
PAGO
:61:090122D000000000235,00NTRF000026836511//180009
PAGO
:61:090122D000000005400,00NTRF000026591853//180009
PAGO
:61:090122D000000000079,00NTRF000026552597//180009
PAGO
:61:090122D000000001200,00NTRF000026549179//180009
PAGO
:61:090122D000000000061,04NTRF000026451799//180009
PAGO
:61:090122D000000000120,00NTRF000026322302//180009
PAGO
:62M:D090122VEF000011929551,48
-}{5:{CHK:1143FB20924B}}{S:{COP:S}}${1:F21VZCRVECAAXXX5410610696}{4:{177:0404021720}{451:0}}{1:F01VZCRVECAAXXX5410610696}{2:09501717040402VZCRVECAAXXX40812675430404021720N}{3:{108:SCONNECT}}{4:
:20:MI090122
:25:1111111111
:28C:0546/160
:60M:D090122VEF000011929551,48
:61:090122D000000000700,00NTRF000010224946//180009
PAGO
:61:090122D000000002000,00NTRF000010153932//180009
PAGO
:61:090122D000000001200,00NTRF000010146057//180009
PAGO
:61:090122D000000000260,00NTRF000010062657//180009
PAGO
:61:090122D000000000050,00NTRF000009849835//180009
PAGO
:61:090122D000000001000,00NTRF000009641580//180009
PAGO
:61:090122D000000001000,00NTRF000009637153//180009
PAGO
:61:090122D000000000057,00NTRF000009573429//180009
PAGO
:61:090122D000000003230,00NTRF000009312847//180009
PAGO
:62M:D090122VEF000011939048,48
-}{5:{CHK:1143FB20924B}}{S:{COP:S}}${1:F21VZCRVECAAXXX5410610696}{4:{177:0404021720}{451:0}}{1:F01VZCRVECAAXXX5410610696}{2:09501717040402VZCRVECAAXXX40812675430404021720N}{3:{108:SCONNECT}}{4:
:20:MI090122
:25:1111111111
:28C:0546/161
:60M:D090122VEF000011939048,48
:61:090122D000000000550,00NTRF000092833633//180009
PAGO
:61:090122D000000000100,00NTRF000092690648//180009
PAGO
:61:090122D000000000100,00NTRF000092671648//180009
PAGO
:61:090122D000000001000,00NTRF000092632900//180009
PAGO
:61:090122D000000000237,84NTRF000092432052//180009
PAGO
:61:090122D000000000160,00NTRF000092054170//180009
PAGO
:61:090122D000000000160,00NTRF000092005170//180009
PAGO
:61:090122D000000000300,00NTRF000091848688//180009
PAGO
:61:090122D000000000260,00NTRF000091674083//180009
PAGO
:62M:D090122VEF000011941916,32
-}{5:{CHK:1143FB20924B}}{S:{COP:S}}${1:F21VZCRVECAAXXX5410610696}{4:{177:0404021720}{451:0}}{1:F01VZCRVECAAXXX5410610696}{2:09501717040402VZCRVECAAXXX40812675430404021720N}{3:{108:SCONNECT}}{4:
:20:MI090122
:25:1111111111
:28C:0546/162
:60M:D090122VEF000011941916,32
:61:090122D000000000400,00NTRF000069714654//180009
PAGO
:61:090122D000000000350,00NTRF000069626631//180009
PAGO
:61:090122D000000001580,00NTRF000069539000//180009
PAGO
:61:090122D000000000300,00NTRF000069329285//180009
PAGO
:61:090122D000000000500,00NTRF000069234205//180009
PAGO
:61:090122D000000000250,00NTRF000068806723//180009
PAGO
:61:090122D000000001000,00NTRF000068620853//180009
PAGO
:61:090122D000000000380,00NTRF000068216997//180009
PAGO
:61:090122D000000000400,00NTRF000067621984//180009
PAGO
:62M:D090122VEF000011947076,32
-}{5:{CHK:1143FB20924B}}{S:{COP:S}}${1:F21VZCRVECAAXXX5410610696}{4:{177:0404021720}{451:0}}{1:F01VZCRVECAAXXX5410610696}{2:09501717040402VZCRVECAAXXX40812675430404021720N}{3:{108:SCONNECT}}{4:
:20:MI090122
:25:1111111111
:28C:0546/163
:60M:D090122VEF000011947076,32
:61:090122D000000000522,00NTRF000044621973//180009
PAGO
:61:090122D000000001000,00NTRF000044341616//180009
PAGO
:61:090122D000000002014,00NTRF000044037235//180009
PAGO
:61:090122D000000000100,00NTRF000043863704//180009
PAGO
:61:090122D000000000220,00NTRF000043689033//180009
PAGO
:61:090122D000000001320,00NTRF000043518718//180009
PAGO
:61:090122D000000000100,00NTRF000043332812//180009
PAGO
:61:090122D000000002000,00NTRF000043317575//180009
PAGO
:61:090122D000000001293,00NTRF000043313204//180009
PAGO
:62M:D090122VEF000011955645,32
-}{5:{CHK:1143FB20924B}}{S:{COP:S}}${1:F21VZCRVECAAXXX5410610696}{4:{177:0404021720}{451:0}}{1:F01VZCRVECAAXXX5410610696}{2:09501717040402VZCRVECAAXXX40812675430404021720N}{3:{108:SCONNECT}}{4:
:20:MI090122
:25:1111111111
:28C:0546/164
:60M:D090122VEF000011955645,32
:61:090122D000000000100,00NTRF000019993392//180009
PAGO
:61:090122D000000000100,00NTRF000019945392//180009
PAGO
:61:090122D000000000200,00NTRF000019885356//180009
PAGO
:61:090122D000000000240,00NTRF000019869350//180009
PAGO
:61:090122D000000000500,00NTRF000019739583//180009
PAGO
:61:090122D000000000002,26NTRF000019412441//180009
PAGO
:61:090122D000000001100,00NTRF000019394609//180009
PAGO
:61:090122D000000000300,00NTRF000019362412//180009
PAGO
:61:090122D000000000100,00NTRF000019272622//180009
PAGO
:62M:D090122VEF000011958287,58
-}{5:{CHK:1143FB20924B}}{S:{COP:S}}${1:F21VZCRVECAAXXX5410610696}{4:{177:0404021720}{451:0}}{1:F01VZCRVECAAXXX5410610696}{2:09501717040402VZCRVECAAXXX40812675430404021720N}{3:{108:SCONNECT}}{4:
:20:MI090122
:25:1111111111
:28C:0546/165
:60M:D090122VEF000011958287,58
:61:090122D000000015094,77NTRF000000113516//180009
PAGO
:61:090122D000000005578,26NTRF000000113515//180009
PAGO
:61:090122D000000003589,18NTRF000000113514//180009
PAGO
:61:090122D000000006861,02NTRF000000113513//180009
PAGO
:61:090122D000000013929,20NTRF000000113512//180009
PAGO
:61:090122D000000005180,21NTRF000000113511//180009
PAGO
:61:090122D000000008018,00NTRF000000113510//180009
PAGO
:61:090122D000000022865,97NTRF000000113509//180009
PAGO
:61:090122D000000014661,56NTRF000000113508//180009
PAGO
:62M:D090122VEF000012054065,75
-}{5:{CHK:1143FB20924B}}{S:{COP:S}}${1:F21VZCRVECAAXXX5410610696}{4:{177:0404021720}{451:0}}{1:F01VZCRVECAAXXX5410610696}{2:09501717040402VZCRVECAAXXX40812675430404021720N}{3:{108:SCONNECT}}{4:
:20:MI090122
:25:1111111111
:28C:0546/166
:60M:D090122VEF000012054065,75
:61:090122D000000003912,08NTRF000000080306//180009
PAGO
:61:090122D000000031587,60NTRF000000080305//180009
PAGO
:61:090122D000000012860,51NTRF000000080304//180009
PAGO
:61:090122D000000004653,12NTRF000000080303//180009
PAGO
:61:090122D000000003849,86NTRF000000080302//180009
PAGO
:61:090122D000000015016,11NTRF000000080301//180009
PAGO
:61:090122D000000097086,83NTRF000000080300//180009
PAGO
:61:090122D000000085253,00NTRF000000080299//180009
PAGO
:61:090122D000000242181,18NTRF000000080298//180009
PAGO
:62M:D090122VEF000012550466,04
-}{5:{CHK:1143FB20924B}}{S:{COP:S}}${1:F21VZCRVECAAXXX5410610696}{4:{177:0404021720}{451:0}}{1:F01VZCRVECAAXXX5410610696}{2:09501717040402VZCRVECAAXXX40812675430404021720N}{3:{108:SCONNECT}}{4:
:20:MI090122
:25:1111111111
:28C:0546/167
:60M:D090122VEF000012550466,04
:61:090122D000000038529,36NTRF000020136899//180009
PAGO
:61:090122D000000011844,39NTRF000020136898//180009
PAGO
:61:090122D000000220777,10NTRF000020136895//180009
PAGO
:61:090122D000000167783,30NTRF000020136894//180009
PAGO
:61:090122D000000017297,12NTRF000020136892//180009
PAGO
:61:090122D000000114751,02NTRF000020136891//180009
PAGO
:61:090122D000000024844,46NTRF000020136890//180009
PAGO
:61:090122D000000035121,98NTRF000020136889//180009
PAGO
:61:090122D000000249392,82NTRF000020136888//180009
PAGO
:62M:D090122VEF000013430807,59
-}{5:{CHK:1143FB20924B}}{S:{COP:S}}${1:F21VZCRVECAAXXX5410610696}{4:{177:0404021720}{451:0}}{1:F01VZCRVECAAXXX5410610696}{2:09501717040402VZCRVECAAXXX40812675430404021720N}{3:{108:SCONNECT}}{4:
:20:MI090122
:25:1111111111
:28C:0546/168
:60M:D090122VEF000013430807,59
:61:090122D000000000488,31NTRF000000049456//180009
PAGO
:61:090122D000000000478,91NTRF000000049455//180009
PAGO
:61:090122D000000000275,59NTRF000000049454//180009
PAGO
:61:090122D000000000682,98NTRF000000049453//180009
PAGO
:61:090122D000000000157,05NTRF000000049452//180009
PAGO
:61:090122D000000000387,58NTRF000000049451//180009
PAGO
:61:090122D000000000198,20NTRF000000049450//180009
PAGO
:61:090122D000000000687,64NTRF000000049399//180009
PAGO
:61:090122D000000000232,65NTRF000000049331//180009
PAGO
:62M:D090122VEF000013434396,50
-}{5:{CHK:1143FB20924B}}{S:{COP:S}}${1:F21VZCRVECAAXXX5410610696}{4:{177:0404021720}{451:0}}{1:F01VZCRVECAAXXX5410610696}{2:09501717040402VZCRVECAAXXX40812675430404021720N}{3:{108:SCONNECT}}{4:
:20:MI090122
:25:1111111111
:28C:0546/169
:60M:D090122VEF000013434396,50
:61:090122D000000000179,28NTRF000000001616//180009
PAGO
:61:090122D000000001421,37NTRF000000001615//180009
PAGO
:61:090122D000000000155,18NTRF000000001614//180009
PAGO
:61:090122D000000000687,18NTRF000000001613//180009
PAGO
:61:090122D000000000257,73NTRF000000001612//180009
PAGO
:61:090122D000000004052,90NTRF000000001611//180009
PAGO
:61:090122D000000008734,64NTRF000000001610//180009
PAGO
:61:090122D000000001654,49NTRF000000001609//180009
PAGO
:61:090122D000000000624,33NTRF000000001608//180009
PAGO
:62M:D090122VEF000013452163,60
-}{5:{CHK:1143FB20924B}}{S:{COP:S}}${1:F21VZCRVECAAXXX5410610696}{4:{177:0404021720}{451:0}}{1:F01VZCRVECAAXXX5410610696}{2:09501717040402VZCRVECAAXXX40812675430404021720N}{3:{108:SCONNECT}}{4:
:20:MI090122
:25:1111111111
:28C:0546/170
:60M:D090122VEF000013452163,60
:61:090122D000000013000,00NTRF000000057188//180009
PAGO
:61:090122D000000064500,00NTRF000000057186//180009
PAGO
:61:090122D000000365000,00NTRF000000057184//180009
PAGO
:61:090122D000000002025,00NTRF000090067679//180009
PAGO
:61:090122D000000005562,00NTRF000090067678//180009
PAGO
:61:090122D000000008751,60NTRF000090067677//180009
PAGO
:61:090122D000000007828,20NTRF000090067676//180009
PAGO
:61:090122D000000012643,20NTRF000090067675//180009
PAGO
:61:090122D000000003016,95NTRF000090067674//180009
PAGO
:62M:D090122VEF000013934490,55
-}{5:{CHK:1143FB20924B}}{S:{COP:S}}${1:F21VZCRVECAAXXX5410610696}{4:{177:0404021720}{451:0}}{1:F01VZCRVECAAXXX5410610696}{2:09501717040402VZCRVECAAXXX40812675430404021720N}{3:{108:SCONNECT}}{4:
:20:MI090122
:25:1111111111
:28C:0546/171
:60M:D090122VEF000013934490,55
:61:090122D000000006472,80NTRF000090067533//180009
PAGO
:61:090122D000000008086,36NTRF000090067532//180009
PAGO
:61:090122D000000001404,00NTRF000090067531//180009
PAGO
:61:090122D000000003429,00NTRF000090067530//180009
PAGO
:61:090122D000000015420,60NTRF000090067529//180009
PAGO
:61:090122D000000002514,60NTRF000090067528//180009
PAGO
:61:090122D000000001332,00NTRF000090067527//180009
PAGO
:61:090122D000000006089,40NTRF000090067526//180009
PAGO
:61:090122D000000002532,60NTRF000090067525//180009
PAGO
:62M:D090122VEF000013981771,91
-}{5:{CHK:1143FB20924B}}{S:{COP:S}}${1:F21VZCRVECAAXXX5410610696}{4:{177:0404021720}{451:0}}{1:F01VZCRVECAAXXX5410610696}{2:09501717040402VZCRVECAAXXX40812675430404021720N}{3:{108:SCONNECT}}{4:
:20:MI090122
:25:1111111111
:28C:0546/172
:60M:D090122VEF000013981771,91
:61:090122D000000002176,91NTRF000090067382//180009
PAGO
:61:090122D000000001794,72NTRF000090067381//180009
PAGO
:61:090122D000000001616,94NTRF000090067379//180009
PAGO
:61:090122D000000001745,34NTRF000090067371//180009
PAGO
:61:090122D000000004050,15NTRF000090067369//180009
PAGO
:61:090122D000000002937,84NTRF000090067368//180009
PAGO
:61:090122D000000002108,45NTRF000090067367//180009
PAGO
:61:090122D000000002842,20NTRF000090067366//180009
PAGO
:61:090122D000000003292,38NTRF000090067365//180009
PAGO
:62M:D090122VEF000014004336,84
-}{5:{CHK:1143FB20924B}}{S:{COP:S}}${1:F21VZCRVECAAXXX5410610696}{4:{177:0404021720}{451:0}}{1:F01VZCRVECAAXXX5410610696}{2:09501717040402VZCRVECAAXXX40812675430404021720N}{3:{108:SCONNECT}}{4:
:20:MI090122
:25:1111111111
:28C:0546/173
:60M:D090122VEF000014004336,84
:61:090122D000000000040,00NTRF000044990332//180009
PAGO
:61:090122D000000000043,04NTRF000044990232//180009
PAGO
:61:090122D000000000170,00NTRF000044990132//180009
PAGO
:61:090122D000000000144,60NTRF000044990032//180009
PAGO
:61:090122D000000000193,40NTRF000044989832//180009
PAGO
:61:090122D000000011350,01NTRF000044989732//180009
PAGO
:61:090122D000000000396,02NTRF000044989532//180009
PAGO
:61:090122D000000000102,93NTRF000044989432//180009
PAGO
:61:090122D000000000351,58NTRF000044989332//180009
PAGO
:62M:D090122VEF000014017128,42
-}{5:{CHK:1143FB20924B}}{S:{COP:S}}${1:F21VZCRVECAAXXX5410610696}{4:{177:0404021720}{451:0}}{1:F01VZCRVECAAXXX5410610696}{2:09501717040402VZCRVECAAXXX40812675430404021720N}{3:{108:SCONNECT}}{4:
:20:MI090122
:25:1111111111
:28C:0546/174
:60M:D090122VEF000014017128,42
:61:090122D000000000390,00NTRF000000699106//180009
PAGO
:61:090122D000000000385,30NTRF000000699105//180009
PAGO
:61:090122D000000000214,43NTRF000000699104//180009
PAGO
:61:090122D000000000306,00NTRF000000699103//180009
PAGO
:61:090122D000000018492,53NTRF000000699102//180009
PAGO
:61:090122D000000017069,20NTRF000000699101//180009
PAGO
:61:090122D000000000695,79NTRF000000699100//180009
PAGO
:61:090122D000000002867,23NTRF000000699099//180009
PAGO
:61:090122D000000000238,64NTRF000000699098//180009
PAGO
:62M:D090122VEF000014057787,54
-}{5:{CHK:1143FB20924B}}{S:{COP:S}}${1:F21VZCRVECAAXXX5410610696}{4:{177:0404021720}{451:0}}{1:F01VZCRVECAAXXX5410610696}{2:09501717040402VZCRVECAAXXX40812675430404021720N}{3:{108:SCONNECT}}{4:
:20:MI090122
:25:1111111111
:28C:0546/175
:60M:D090122VEF000014057787,54
:61:090122D000000000220,00NTRF000057587764//180009
PAGO
:61:090122D000000000500,00NTRF000057577149//180009
PAGO
:61:090122D000000000020,00NTRF000056949309//180009
PAGO
:61:090122D000000000180,00NTRF000056947069//180009
PAGO
:61:090122D000000000110,00NTRF000053505586//180009
PAGO
:61:090122D000000000200,00NTRF000052992887//180009
PAGO
:61:090122D000000000200,00NTRF000052979654//180009
PAGO
:61:090122D000000000230,00NTRF000052292133//180009
PAGO
:61:090122D000000000050,00NTRF000052015971//180009
PAGO
:62M:D090122VEF000014059497,54
-}{5:{CHK:1143FB20924B}}{S:{COP:S}}${1:F21VZCRVECAAXXX5410610696}{4:{177:0404021720}{451:0}}{1:F01VZCRVECAAXXX5410610696}{2:09501717040402VZCRVECAAXXX40812675430404021720N}{3:{108:SCONNECT}}{4:
:20:MI090122
:25:1111111111
:28C:0546/176
:60M:D090122VEF000014059497,54
:61:090122D000000001500,00NTRF000093113547//180009
PAGO
:61:090122D000000009000,00NTRF000092955176//180009
PAGO
:61:090122D000000002000,00NTRF000092911476//180009
PAGO
:61:090122D000000000500,00NTRF000092850548//180009
PAGO
:61:090122D000000000087,00NTRF000092811304//180009
PAGO
:61:090122D000000000500,00NTRF000092778717//180009
PAGO
:61:090122D000000000214,05NTRF000092761269//180009
PAGO
:61:090122D000000001000,00NTRF000092535913//180009
PAGO
:61:090122D000000001100,00NTRF000092464828//180009
PAGO
:62M:D090122VEF000014075398,59
-}{5:{CHK:1143FB20924B}}{S:{COP:S}}${1:F21VZCRVECAAXXX5410610696}{4:{177:0404021720}{451:0}}{1:F01VZCRVECAAXXX5410610696}{2:09501717040402VZCRVECAAXXX40812675430404021720N}{3:{108:SCONNECT}}{4:
:20:MI090122
:25:1111111111
:28C:0546/177
:60M:D090122VEF000014075398,59
:61:090122D000000000050,00NTRF000067450904//180009
PAGO
:61:090122D000000000048,00NTRF000067193539//180009
PAGO
:61:090122D000000000007,75NTRF000067124393//180009
PAGO
:61:090122D000000000580,00NTRF000067027723//180009
PAGO
:61:090122D000000000200,00NTRF000066972509//180009
PAGO
:61:090122D000000004700,00NTRF000066937917//180009
PAGO
:61:090122D000000000280,00NTRF000066752045//180009
PAGO
:61:090122D000000000200,00NTRF000066505042//180009
PAGO
:61:090122D000000000350,00NTRF000066041136//180009
PAGO
:62M:D090122VEF000014081814,34
-}{5:{CHK:1143FB20924B}}{S:{COP:S}}${1:F21VZCRVECAAXXX5410610696}{4:{177:0404021720}{451:0}}{1:F01VZCRVECAAXXX5410610696}{2:09501717040402VZCRVECAAXXX40812675430404021720N}{3:{108:SCONNECT}}{4:
:20:MI090122
:25:1111111111
:28C:0546/178
:60M:D090122VEF000014081814,34
:61:090122D000000000300,00NTRF000037918703//180009
PAGO
:61:090122D000000000475,50NTRF000037611785//180009
PAGO
:61:090122D000000000100,00NTRF000037596883//180009
PAGO
:61:090122D000000000250,00NTRF000037557980//180009
PAGO
:61:090122D000000000122,94NTRF000037452272//180009
PAGO
:61:090122D000000001650,00NTRF000037350456//180009
PAGO
:61:090122D000000000600,00NTRF000037244573//180009
PAGO
:61:090122D000000001900,00NTRF000037142967//180009
PAGO
:61:090122D000000001000,00NTRF000034452156//180009
PAGO
:62M:D090122VEF000014088212,78
-}{5:{CHK:1143FB20924B}}{S:{COP:S}}${1:F21VZCRVECAAXXX5410610696}{4:{177:0404021720}{451:0}}{1:F01VZCRVECAAXXX5410610696}{2:09501717040402VZCRVECAAXXX40812675430404021720N}{3:{108:SCONNECT}}{4:
:20:MI090122
:25:1111111111
:28C:0546/179
:60M:D090122VEF000014088212,78
:61:090122D000000004000,00NTRF000015530021//180009
PAGO
:61:090122D000000000200,00NTRF000015462356//180009
PAGO
:61:090122D000000000004,93NTRF000015391621//180009
PAGO
:61:090122D000000040000,00NTRF000015382499//180009
PAGO
:61:090122D000000000900,00NTRF000015281059//180009
PAGO
:61:090122D000000000614,00NTRF000015272388//180009
PAGO
:61:090122D000000006500,00NTRF000014804645//180009
PAGO
:61:090122D000000002000,00NTRF000014397731//180009
PAGO
:61:090122D000000000100,00NTRF000014189850//180009
PAGO
:62M:D090122VEF000014142531,71
-}{5:{CHK:1143FB20924B}}{S:{COP:S}}${1:F21VZCRVECAAXXX5410610696}{4:{177:0404021720}{451:0}}{1:F01VZCRVECAAXXX5410610696}{2:09501717040402VZCRVECAAXXX40812675430404021720N}{3:{108:SCONNECT}}{4:
:20:MI090122
:25:1111111111
:28C:0546/180
:60M:D090122VEF000014142531,71
:61:090122D000000000200,00NTRF000087311803//180009
PAGO
:61:090122D000000000570,00NTRF000086666622//180009
PAGO
:61:090122D000000000223,00NTRF000086459794//180009
PAGO
:61:090122D000000000200,00NTRF000086372960//180009
PAGO
:61:090122D000000000055,00NTRF000085961940//180009
PAGO
:61:090122D000000000800,00NTRF000085821648//180009
PAGO
:61:090122D000000000300,00NTRF000085139124//180009
PAGO
:61:090122D000000000100,00NTRF000085130537//180009
PAGO
:61:090122D000000000100,00NTRF000085049537//180009
PAGO
:62M:D090122VEF000014145079,71
-}{5:{CHK:1143FB20924B}}{S:{COP:S}}${1:F21VZCRVECAAXXX5410610696}{4:{177:0404021720}{451:0}}{1:F01VZCRVECAAXXX5410610696}{2:09501717040402VZCRVECAAXXX40812675430404021720N}{3:{108:SCONNECT}}{4:
:20:MI090122
:25:1111111111
:28C:0546/181
:60M:D090122VEF000014145079,71
:61:090122D000000000798,00NTRF000060081875//180009
PAGO
:61:090122D000000000200,00NTRF000059383557//180009
PAGO
:61:090122D000000000500,00NTRF000059110455//180009
PAGO
:61:090122D000000000360,00NTRF000059034424//180009
PAGO
:61:090122D000000000321,00NTRF000058972424//180009
PAGO
:61:090122D000000000450,00NTRF000058752010//180009
PAGO
:61:090122D000000000450,00NTRF000058703010//180009
PAGO
:61:090122D000000000300,00NTRF000058576163//180009
PAGO
:61:090122D000000000524,00NTRF000057619505//180009
PAGO
:62M:D090122VEF000014148982,71
-}{5:{CHK:1143FB20924B}}{S:{COP:S}}${1:F21VZCRVECAAXXX5410610696}{4:{177:0404021720}{451:0}}{1:F01VZCRVECAAXXX5410610696}{2:09501717040402VZCRVECAAXXX40812675430404021720N}{3:{108:SCONNECT}}{4:
:20:MI090122
:25:1111111111
:28C:0546/182
:60M:D090122VEF000014148982,71
:61:090122D000000000060,00NTRF000027806506//180009
PAGO
:61:090122D000000003705,07NTRF000027740192//180009
PAGO
:61:090122D000000000515,00NTRF000027522008//180009
PAGO
:61:090122D000000003000,00NTRF000027279226//180009
PAGO
:61:090122D000000000115,00NTRF000027236834//180009
PAGO
:61:090122D000000003500,00NTRF000026579188//180009
PAGO
:61:090122D000000000095,00NTRF000026405905//180009
PAGO
:61:090122D000000000030,00NTRF000026207216//180009
PAGO
:61:090122D000000000635,00NTRF000026048013//180009
PAGO
:62M:D090122VEF000014160637,78
-}{5:{CHK:1143FB20924B}}{S:{COP:S}}${1:F21VZCRVECAAXXX5410610696}{4:{177:0404021720}{451:0}}{1:F01VZCRVECAAXXX5410610696}{2:09501717040402VZCRVECAAXXX40812675430404021720N}{3:{108:SCONNECT}}{4:
:20:MI090122
:25:1111111111
:28C:0546/183
:60M:D090122VEF000014160637,78
:61:090122D000000000503,89NTRF000045009532//180009
PAGO
:61:090122D000000000040,18NTRF000045009432//180009
PAGO
:61:090122D000000000380,52NTRF000045009332//180009
PAGO
:61:090122D000000000159,41NTRF000045009232//180009
PAGO
:61:090122D000000000228,91NTRF000045009132//180009
PAGO
:61:090122D000000000481,34NTRF000045009032//180009
PAGO
:61:090122D000000000138,24NTRF000045008232//180009
PAGO
:61:090122D000000000239,40NTRF000045008132//180009
PAGO
:61:090122D000000000080,27NTRF000045006932//180009
PAGO
:62M:D090122VEF000014162889,94
-}{5:{CHK:1143FB20924B}}{S:{COP:S}}${1:F21VZCRVECAAXXX5410610696}{4:{177:0404021720}{451:0}}{1:F01VZCRVECAAXXX5410610696}{2:09501717040402VZCRVECAAXXX40812675430404021720N}{3:{108:SCONNECT}}{4:
:20:MI090122
:25:1111111111
:28C:0546/184
:60M:D090122VEF000014162889,94
:61:090122D000000000495,65NTRF000089225297//180009
PAGO
:61:090122D000001000000,00NTRF000089111502//180009
PAGO
:61:090122D000000000209,14NTRF000088753515//180009
PAGO
:61:090122D000000000200,00NTRF000088714588//180009
PAGO
:61:090122D000000000391,00NTRF000088621631//180009
PAGO
:61:090122D000000000100,00NTRF000088453218//180009
PAGO
:61:090122D000000000150,00NTRF000088412693//180009
PAGO
:61:090122D000000000900,00NTRF000088201947//180009
PAGO
:61:090122D000000000136,00NTRF000088198829//180009
PAGO
:62M:D090122VEF000015165471,73
-}{5:{CHK:1143FB20924B}}{S:{COP:S}}${1:F21VZCRVECAAXXX5410610696}{4:{177:0404021720}{451:0}}{1:F01VZCRVECAAXXX5410610696}{2:09501717040402VZCRVECAAXXX40812675430404021720N}{3:{108:SCONNECT}}{4:
:20:MI090122
:25:1111111111
:28C:0546/185
:60M:D090122VEF000015165471,73
:61:090122D000000000131,00NTRF000072980636//180009
PAGO
:61:090122D000000000465,00NTRF000072623528//180009
PAGO
:61:090122D000000010000,00NTRF000072590027//180009
PAGO
:61:090122D000000000335,00NTRF000072524498//180009
PAGO
:61:090122D000000080000,00NTRF000072458346//180009
PAGO
:61:090122D000000010000,00NTRF000072437731//180009
PAGO
:61:090122D000000002500,00NTRF000072430629//180009
PAGO
:61:090122D000000002500,00NTRF000072339567//180009
PAGO
:61:090122D000000000600,00NTRF000071899955//180009
PAGO
:62M:D090122VEF000015272002,73
-}{5:{CHK:1143FB20924B}}{S:{COP:S}}${1:F21VZCRVECAAXXX5410610696}{4:{177:0404021720}{451:0}}{1:F01VZCRVECAAXXX5410610696}{2:09501717040402VZCRVECAAXXX40812675430404021720N}{3:{108:SCONNECT}}{4:
:20:MI090122
:25:1111111111
:28C:0546/186
:60M:D090122VEF000015272002,73
:61:090122D000000000360,00NTRF000057262223//180009
PAGO
:61:090122D000000000200,00NTRF000057258777//180009
PAGO
:61:090122D000000000080,00NTRF000057204091//180009
PAGO
:61:090122D000000000210,00NTRF000057087398//180009
PAGO
:61:090122D000000000050,00NTRF000057020811//180009
PAGO
:61:090122D000000000433,86NTRF000056696019//180009
PAGO
:61:090122D000000001200,00NTRF000056665256//180009
PAGO
:61:090122D000000000600,00NTRF000056595750//180009
PAGO
:61:090122D000000000200,00NTRF000056580373//180009
PAGO
:62M:D090122VEF000015275336,59
-}{5:{CHK:1143FB20924B}}{S:{COP:S}}${1:F21VZCRVECAAXXX5410610696}{4:{177:0404021720}{451:0}}{1:F01VZCRVECAAXXX5410610696}{2:09501717040402VZCRVECAAXXX40812675430404021720N}{3:{108:SCONNECT}}{4:
:20:MI090122
:25:1111111111
:28C:0546/187
:60M:D090122VEF000015275336,59
:61:090122D000000001000,00NTRF000043262390//180009
PAGO
:61:090122D000000003000,00NTRF000043146012//180009
PAGO
:61:090122D000000000600,00NTRF000043092066//180009
PAGO
:61:090122D000000001211,22NTRF000042853288//180009
PAGO
:61:090122D000000000673,00NTRF000042686152//180009
PAGO
:61:090122D000000000500,00NTRF000042607869//180009
PAGO
:61:090122D000000000248,47NTRF000042488779//180009
PAGO
:61:090122D000000000130,80NTRF000042092730//180009
PAGO
:61:090122D000000002000,00NTRF000041988129//180009
PAGO
:62M:D090122VEF000015284700,08
-}{5:{CHK:1143FB20924B}}{S:{COP:S}}${1:F21VZCRVECAAXXX5410610696}{4:{177:0404021720}{451:0}}{1:F01VZCRVECAAXXX5410610696}{2:09501717040402VZCRVECAAXXX40812675430404021720N}{3:{108:SCONNECT}}{4:
:20:MI090122
:25:1111111111
:28C:0546/188
:60M:D090122VEF000015284700,08
:61:090122D000000000057,55NTRF000026314812//180009
PAGO
:61:090122D000000004600,00NTRF000026244210//180009
PAGO
:61:090122D000000002834,00NTRF000026000891//180009
PAGO
:61:090122D000000000550,00NTRF000025970551//180009
PAGO
:61:090122D000000002800,00NTRF000025792003//180009
PAGO
:61:090122D000000000840,00NTRF000025595473//180009
PAGO
:61:090122D000000000030,00NTRF000025363871//180009
PAGO
:61:090122D000000000370,00NTRF000025309918//180009
PAGO
:61:090122D000000001407,00NTRF000024908698//180009
PAGO
:62M:D090122VEF000015298188,63
-}{5:{CHK:1143FB20924B}}{S:{COP:S}}${1:F21VZCRVECAAXXX5410610696}{4:{177:0404021720}{451:0}}{1:F01VZCRVECAAXXX5410610696}{2:09501717040402VZCRVECAAXXX40812675430404021720N}{3:{108:SCONNECT}}{4:
:20:MI090122
:25:1111111111
:28C:0546/189
:60M:D090122VEF000015298188,63
:61:090122D000000000500,00NTRF000009216432//180009
PAGO
:61:090122D000000000155,00NTRF000009068666//180009
PAGO
:61:090122D000000000020,00NTRF000009010790//180009
PAGO
:61:090122D000000000150,00NTRF000008984057//180009
PAGO
:61:090122D000000000500,00NTRF000008975360//180009
PAGO
:61:090122D000000003500,00NTRF000008680880//180009
PAGO
:61:090122D000000000050,00NTRF000008646523//180009
PAGO
:61:090122D000000001000,00NTRF000008637810//180009
PAGO
:61:090122D000000000500,00NTRF000008240200//180009
PAGO
:62M:D090122VEF000015304563,63
-}{5:{CHK:1143FB20924B}}{S:{COP:S}}${1:F21VZCRVECAAXXX5410610696}{4:{177:0404021720}{451:0}}{1:F01VZCRVECAAXXX5410610696}{2:09501717040402VZCRVECAAXXX40812675430404021720N}{3:{108:SCONNECT}}{4:
:20:MI090122
:25:1111111111
:28C:0546/190
:60M:D090122VEF000015304563,63
:61:090122D000000003000,00NTRF000091426920//180009
PAGO
:61:090122D000000000180,00NTRF000091286268//180009
PAGO
:61:090122D000000000075,00NTRF000090833464//180009
PAGO
:61:090122D000000000600,00NTRF000090767793//180009
PAGO
:61:090122D000000000950,00NTRF000090666734//180009
PAGO
:61:090122D000000000150,00NTRF000090541882//180009
PAGO
:61:090122D000000000400,00NTRF000090491597//180009
PAGO
:61:090122D000000000363,00NTRF000090482898//180009
PAGO
:61:090122D000000000500,00NTRF000090469249//180009
PAGO
:62M:D090122VEF000015310781,63
-}{5:{CHK:1143FB20924B}}{S:{COP:S}}${1:F21VZCRVECAAXXX5410610696}{4:{177:0404021720}{451:0}}{1:F01VZCRVECAAXXX5410610696}{2:09501717040402VZCRVECAAXXX40812675430404021720N}{3:{108:SCONNECT}}{4:
:20:MI090122
:25:1111111111
:28C:0546/191
:60M:D090122VEF000015310781,63
:61:090122D000000000150,00NTRF000067516120//180009
PAGO
:61:090122D000000000150,00NTRF000067497120//180009
PAGO
:61:090122D000000000630,00NTRF000067434973//180009
PAGO
:61:090122D000000000700,00NTRF000067368486//180009
PAGO
:61:090122D000000000200,00NTRF000067229335//180009
PAGO
:61:090122D000000000002,33NTRF000066600310//180009
PAGO
:61:090122D000000000650,00NTRF000066540800//180009
PAGO
:61:090122D000000000040,00NTRF000066247438//180009
PAGO
:61:090122D000000000040,00NTRF000066203438//180009
PAGO
:62M:D090122VEF000015313343,96
-}{5:{CHK:1143FB20924B}}{S:{COP:S}}${1:F21VZCRVECAAXXX5410610696}{4:{177:0404021720}{451:0}}{1:F01VZCRVECAAXXX5410610696}{2:09501717040402VZCRVECAAXXX40812675430404021720N}{3:{108:SCONNECT}}{4:
:20:MI090122
:25:1111111111
:28C:0546/192
:60M:D090122VEF000015313343,96
:61:090122D000000000100,00NTRF000043300812//180009
PAGO
:61:090122D000000000233,00NTRF000043080209//180009
PAGO
:61:090122D000000000610,00NTRF000042966619//180009
PAGO
:61:090122D000000000150,00NTRF000042597771//180009
PAGO
:61:090122D000000000400,00NTRF000041891290//180009
PAGO
:61:090122D000000000750,00NTRF000041823156//180009
PAGO
:61:090122D000000000050,00NTRF000041746667//180009
PAGO
:61:090122D000000000800,00NTRF000041743886//180009
PAGO
:61:090122D000000002000,00NTRF000041465783//180009
PAGO
:62M:D090122VEF000015318436,96
-}{5:{CHK:1143FB20924B}}{S:{COP:S}}${1:F21VZCRVECAAXXX5410610696}{4:{177:0404021720}{451:0}}{1:F01VZCRVECAAXXX5410610696}{2:09501717040402VZCRVECAAXXX40812675430404021720N}{3:{108:SCONNECT}}{4:
:20:MI090122
:25:1111111111
:28C:0546/193
:60M:D090122VEF000015318436,96
:61:090122D000000000306,00NTRF000018905204//180009
PAGO
:61:090122D000000000150,00NTRF000018562623//180009
PAGO
:61:090122D000000000300,00NTRF000018411681//180009
PAGO
:61:090122D000000000500,00NTRF000018341687//180009
PAGO
:61:090122D000000000300,00NTRF000018335681//180009
PAGO
:61:090122D000000000300,00NTRF000018221681//180009
PAGO
:61:090122D000000000090,00NTRF000017708821//180009
PAGO
:61:090122D000000000300,00NTRF000017581969//180009
PAGO
:61:090122D000000000200,00NTRF000014830308//180009
PAGO
:62M:D090122VEF000015320882,96
-}{5:{CHK:1143FB20924B}}{S:{COP:S}}${1:F21VZCRVECAAXXX5410610696}{4:{177:0404021720}{451:0}}{1:F01VZCRVECAAXXX5410610696}{2:09501717040402VZCRVECAAXXX40812675430404021720N}{3:{108:SCONNECT}}{4:
:20:MI090122
:25:1111111111
:28C:0546/194
:60M:D090122VEF000015320882,96
:61:090122D000000000855,80NTRF000000113507//180009
PAGO
:61:090122D000000025067,67NTRF000000113506//180009
PAGO
:61:090122D000000010411,60NTRF000000113505//180009
PAGO
:61:090122D000000000304,43NTRF000000113504//180009
PAGO
:61:090122D000000004390,40NTRF000000113503//180009
PAGO
:61:090122D000000000421,05NTRF000000113501//180009
PAGO
:61:090122D000000018850,63NTRF000000113500//180009
PAGO
:61:090122D000000001527,81NTRF000000113499//180009
PAGO
:61:090122D000000017506,08NTRF000000113498//180009
PAGO
:62M:D090122VEF000015400218,43
-}{5:{CHK:1143FB20924B}}{S:{COP:S}}${1:F21VZCRVECAAXXX5410610696}{4:{177:0404021720}{451:0}}{1:F01VZCRVECAAXXX5410610696}{2:09501717040402VZCRVECAAXXX40812675430404021720N}{3:{108:SCONNECT}}{4:
:20:MI090122
:25:1111111111
:28C:0546/195
:60M:D090122VEF000015400218,43
:61:090122D000000001372,93NTRF000000080297//180009
PAGO
:61:090122D000000004754,56NTRF000000080296//180009
PAGO
:61:090122D000000196788,61NTRF000000080295//180009
PAGO
:61:090122D000000077911,06NTRF000000080294//180009
PAGO
:61:090122D000000003104,93NTRF000000080293//180009
PAGO
:61:090122D000000215026,04NTRF000000080292//180009
PAGO
:61:090122D000000000270,00NTRF000000080291//180009
PAGO
:61:090122D000000002691,38NTRF000000080290//180009
PAGO
:61:090122D000000016402,08NTRF000000080289//180009
PAGO
:62M:D090122VEF000015918540,02
-}{5:{CHK:1143FB20924B}}{S:{COP:S}}${1:F21VZCRVECAAXXX5410610696}{4:{177:0404021720}{451:0}}{1:F01VZCRVECAAXXX5410610696}{2:09501717040402VZCRVECAAXXX40812675430404021720N}{3:{108:SCONNECT}}{4:
:20:MI090122
:25:1111111111
:28C:0546/196
:60M:D090122VEF000015918540,02
:61:090122D000000073171,69NTRF000020136887//180009
PAGO
:61:090122D000000819560,02NTRF000020136885//180009
PAGO
:61:090122D000000000266,92NTRF000020136884//180009
PAGO
:61:090122D000000000260,35NTRF000016572662//180009
PAGO
:61:090122D000000000559,75NTRF000016550821//180009
PAGO
:61:090122D000000000456,30NTRF000016549680//180009
PAGO
:61:090122D000000000987,50NTRF000016548122//180009
PAGO
:61:090122D000000000154,45NTRF000015659161//180009
PAGO
:61:090122D000000000955,40NTRF000015248932//180009
PAGO
:62M:D090122VEF000016814912,40
-}{5:{CHK:1143FB20924B}}{S:{COP:S}}${1:F21VZCRVECAAXXX5410610696}{4:{177:0404021720}{451:0}}{1:F01VZCRVECAAXXX5410610696}{2:09501717040402VZCRVECAAXXX40812675430404021720N}{3:{108:SCONNECT}}{4:
:20:MI090122
:25:1111111111
:28C:0546/197
:60M:D090122VEF000016814912,40
:61:090122D000000000133,65NTRF000000049330//180009
PAGO
:61:090122D000000000378,93NTRF000000049329//180009
PAGO
:61:090122D000000000946,14NTRF000000049295//180009
PAGO
:61:090122D000000000504,68NTRF000000049289//180009
PAGO
:61:090122D000000000902,50NTRF000000049288//180009
PAGO
:61:090122D000000001050,43NTRF000000049287//180009
PAGO
:61:090122D000000001641,74NTRF000000049286//180009
PAGO
:61:090122D000000001114,58NTRF000000049285//180009
PAGO
:61:090122D000000001055,29NTRF000000049283//180009
PAGO
:62M:D090122VEF000016822640,34
-}{5:{CHK:1143FB20924B}}{S:{COP:S}}${1:F21VZCRVECAAXXX5410610696}{4:{177:0404021720}{451:0}}{1:F01VZCRVECAAXXX5410610696}{2:09501717040402VZCRVECAAXXX40812675430404021720N}{3:{108:SCONNECT}}{4:
:20:MI090122
:25:1111111111
:28C:0546/198
:60M:D090122VEF000016822640,34
:61:090122D000000007632,64NTRF000000001607//180009
PAGO
:61:090122D000000002355,36NTRF000000001606//180009
PAGO
:61:090122D000000000127,80NTRF000000001605//180009
PAGO
:61:090122D000000001562,20NTRF000000001604//180009
PAGO
:61:090122D000000000912,80NTRF000000001603//180009
PAGO
:61:090122D000000001669,42NTRF000000001602//180009
PAGO
:61:090122D000000001948,92NTRF000000001601//180009
PAGO
:61:090122D000000001056,48NTRF000000001600//180009
PAGO
:61:090122D000000000776,52NTRF000000001599//180009
PAGO
:62M:D090122VEF000016840682,48
-}{5:{CHK:1143FB20924B}}{S:{COP:S}}${1:F21VZCRVECAAXXX5410610696}{4:{177:0404021720}{451:0}}{1:F01VZCRVECAAXXX5410610696}{2:09501717040402VZCRVECAAXXX40812675430404021720N}{3:{108:SCONNECT}}{4:
:20:MI090122
:25:1111111111
:28C:0546/199
:60M:D090122VEF000016840682,48
:61:090122D000000005398,20NTRF000090067673//180009
PAGO
:61:090122D000000004949,40NTRF000090067672//180009
PAGO
:61:090122D000000022356,00NTRF000090067671//180009
PAGO
:61:090122D000000004703,40NTRF000090067670//180009
PAGO
:61:090122D000000005403,60NTRF000090067669//180009
PAGO
:61:090122D000000003054,60NTRF000090067668//180009
PAGO
:61:090122D000000001846,80NTRF000090067667//180009
PAGO
:61:090122D000000000363,60NTRF000090067666//180009
PAGO
:61:090122D000000000540,00NTRF000090067665//180009
PAGO
:62M:D090122VEF000016889298,08
-}{5:{CHK:1143FB20924B}}{S:{COP:S}}${1:F21VZCRVECAAXXX5410610696}{4:{177:0404021720}{451:0}}{1:F01VZCRVECAAXXX5410610696}{2:09501717040402VZCRVECAAXXX40812675430404021720N}{3:{108:SCONNECT}}{4:
:20:MI090122
:25:1111111111
:28C:0546/200
:60M:D090122VEF000016889298,08
:61:090122D000000010251,00NTRF000090067524//180009
PAGO
:61:090122D000000002995,20NTRF000090067523//180009
PAGO
:61:090122D000000002448,00NTRF000090067522//180009
PAGO
:61:090122D000000017906,40NTRF000090067521//180009
PAGO
:61:090122D000000001135,80NTRF000090067520//180009
PAGO
:61:090122D000000011419,20NTRF000090067519//180009
PAGO
:61:090122D000000020778,06NTRF000090067518//180009
PAGO
:61:090122D000000006391,80NTRF000090067517//180009
PAGO
:61:090122D000000002313,00NTRF000090067516//180009
PAGO
:62M:D090122VEF000016964936,54
-}{5:{CHK:1143FB20924B}}{S:{COP:S}}${1:F21VZCRVECAAXXX5410610696}{4:{177:0404021720}{451:0}}{1:F01VZCRVECAAXXX5410610696}{2:09501717040402VZCRVECAAXXX40812675430404021720N}{3:{108:SCONNECT}}{4:
:20:MI090122
:25:1111111111
:28C:0546/201
:60M:D090122VEF000016964936,54
:61:090122D000000002138,84NTRF000090067364//180009
PAGO
:61:090122D000000000118,96NTRF000090067363//180009
PAGO
:61:090122D000000000463,69NTRF000044989232//180009
PAGO
:61:090122D000000001590,00NTRF000044989132//180009
PAGO
:61:090122D000000001460,51NTRF000044989032//180009
PAGO
:61:090122D000000003368,82NTRF000044988932//180009
PAGO
:61:090122D000000000053,61NTRF000044988832//180009
PAGO
:61:090122D000000000560,00NTRF000044988732//180009
PAGO
:61:090122D000000000756,17NTRF000044988632//180009
PAGO
:62M:D090122VEF000016975447,14
-}{5:{CHK:1143FB20924B}}{S:{COP:S}}${1:F21VZCRVECAAXXX5410610696}{4:{177:0404021720}{451:0}}{1:F01VZCRVECAAXXX5410610696}{2:09501717040402VZCRVECAAXXX40812675430404021720N}{3:{108:SCONNECT}}{4:
:20:MI090122
:25:1111111111
:28C:0546/202
:60M:D090122VEF000016975447,14
:61:090122D000000000070,00NTRF000044988532//180009
PAGO
:61:090122D000000000457,80NTRF000044988432//180009
PAGO
:61:090122D000000000452,38NTRF000000699097//180009
PAGO
:61:090122D000000000770,53NTRF000000699096//180009
PAGO
:61:090122D000000001027,57NTRF000000699095//180009
PAGO
:61:090122D000000003985,86NTRF000000699094//180009
PAGO
:61:090122D000000005757,10NTRF000000699093//180009
PAGO
:61:090122D000000000618,75NTRF000000699092//180009
PAGO
:61:090122D000000005929,61NTRF000000699091//180009
PAGO
:62M:D090122VEF000016994516,74
-}{5:{CHK:1143FB20924B}}{S:{COP:S}}${1:F21VZCRVECAAXXX5410610696}{4:{177:0404021720}{451:0}}{1:F01VZCRVECAAXXX5410610696}{2:09501717040402VZCRVECAAXXX40812675430404021720N}{3:{108:SCONNECT}}{4:
:20:MI090122
:25:1111111111
:28C:0546/203
:60M:D090122VEF000016994516,74
:61:090122D000000000558,76NTRF000000699090//180009
PAGO
:61:090122D000000007476,05NTRF000000699089//180009
PAGO
:61:090122D000000000400,00NTRF000051441627//180009
PAGO
:61:090122D000000001000,00NTRF000050691330//180009
PAGO
:61:090122D000000000241,23NTRF000050271426//180009
PAGO
:61:090122D000000000500,00NTRF000047661123//180009
PAGO
:61:090122D000000003823,46NTRF000047554740//180009
PAGO
:61:090122D000000000126,50NTRF000041736955//180009
PAGO
:61:090122D000000000265,00NTRF000041110862//180009
PAGO
:62M:D090122VEF000017008907,74
-}{5:{CHK:1143FB20924B}}{S:{COP:S}}${1:F21VZCRVECAAXXX5410610696}{4:{177:0404021720}{451:0}}{1:F01VZCRVECAAXXX5410610696}{2:09501717040402VZCRVECAAXXX40812675430404021720N}{3:{108:SCONNECT}}{4:
:20:MI090122
:25:1111111111
:28C:0546/204
:60M:D090122VEF000017008907,74
:61:090122D000000000047,78NTRF000035301727//180009
PAGO
:61:090122D000000000050,00NTRF000032990091//180009
PAGO
:61:090122D000000000090,00NTRF000092207315//180009
PAGO
:61:090122D000000000600,00NTRF000092166956//180009
PAGO
:61:090122D000000004950,37NTRF000091837051//180009
PAGO
:61:090122D000000000150,00NTRF000091702540//180009
PAGO
:61:090122D000000000250,00NTRF000091510734//180009
PAGO
:61:090122D000000001100,00NTRF000090870806//180009
PAGO
:61:090122D000000010225,00NTRF000090323825//180009
PAGO
:62M:D090122VEF000017026370,89
-}{5:{CHK:1143FB20924B}}{S:{COP:S}}${1:F21VZCRVECAAXXX5410610696}{4:{177:0404021720}{451:0}}{1:F01VZCRVECAAXXX5410610696}{2:09501717040402VZCRVECAAXXX40812675430404021720N}{3:{108:SCONNECT}}{4:
:20:MI090122
:25:1111111111
:28C:0546/205
:60M:D090122VEF000017026370,89
:61:090122D000000007000,00NTRF000090176673//180009
PAGO
:61:090122D000000008000,00NTRF000090140522//180009
PAGO
:61:090122D000000007000,00NTRF000065576865//180009
PAGO
:61:090122D000000000180,70NTRF000065545135//180009
PAGO
:61:090122D000000000500,00NTRF000064973508//180009
PAGO
:61:090122D000000000400,00NTRF000064809846//180009
PAGO
:61:090122D000000000600,00NTRF000064467865//180009
PAGO
:61:090122D000000000200,00NTRF000064441310//180009
PAGO
:61:090122D000000000190,00NTRF000064375828//180009
PAGO
:62M:D090122VEF000017050441,59
-}{5:{CHK:1143FB20924B}}{S:{COP:S}}${1:F21VZCRVECAAXXX5410610696}{4:{177:0404021720}{451:0}}{1:F01VZCRVECAAXXX5410610696}{2:09501717040402VZCRVECAAXXX40812675430404021720N}{3:{108:SCONNECT}}{4:
:20:MI090122
:25:1111111111
:28C:0546/206
:60M:D090122VEF000017050441,59
:61:090122D000000000190,00NTRF000064369029//180009
PAGO
:61:090122D000000001000,00NTRF000064121412//180009
PAGO
:61:090122D000000010200,00NTRF000037138457//180009
PAGO
:61:090122D000000000400,00NTRF000036981224//180009
PAGO
:61:090122D000000000100,00NTRF000035617985//180009
PAGO
:61:090122D000000000200,00NTRF000035390885//180009
PAGO
:61:090122D000000000100,00NTRF000035174558//180009
PAGO
:61:090122D000000000350,00NTRF000035156706//180009
PAGO
:61:090122D000000001370,00NTRF000035032078//180009
PAGO
:62M:D090122VEF000017064351,59
-}{5:{CHK:1143FB20924B}}{S:{COP:S}}${1:F21VZCRVECAAXXX5410610696}{4:{177:0404021720}{451:0}}{1:F01VZCRVECAAXXX5410610696}{2:09501717040402VZCRVECAAXXX40812675430404021720N}{3:{108:SCONNECT}}{4:
:20:MI090122
:25:1111111111
:28C:0546/207
:60M:D090122VEF000017064351,59
:61:090122D000000018250,00NTRF000034589266//180009
PAGO
:61:090122D000000000430,00NTRF000034552466//180009
PAGO
:61:090122D000000000280,00NTRF000014181595//180009
PAGO
:61:090122D000000000695,03NTRF000014165837//180009
PAGO
:61:090122D000000000500,00NTRF000014081108//180009
PAGO
:61:090122D000000000300,00NTRF000013507933//180009
PAGO
:61:090122D000000000050,00NTRF000013383647//180009
PAGO
:61:090122D000000016650,00NTRF000013359111//180009
PAGO
:61:090122D000000001650,00NTRF000013345485//180009
PAGO
:62M:D090122VEF000017103156,62
-}{5:{CHK:1143FB20924B}}{S:{COP:S}}${1:F21VZCRVECAAXXX5410610696}{4:{177:0404021720}{451:0}}{1:F01VZCRVECAAXXX5410610696}{2:09501717040402VZCRVECAAXXX40812675430404021720N}{3:{108:SCONNECT}}{4:
:20:MI090122
:25:1111111111
:28C:0546/208
:60M:D090122VEF000017103156,62
:61:090122D000000001500,00NTRF000013196812//180009
PAGO
:61:090122D000000000220,00NTRF000012623416//180009
PAGO
:61:090122D000000000100,00NTRF000084969537//180009
PAGO
:61:090122D000000002000,00NTRF000084855894//180009
PAGO
:61:090122D000000004000,00NTRF000084647102//180009
PAGO
:61:090122D000000000145,00NTRF000084292828//180009
PAGO
:61:090122D000000000300,00NTRF000083507767//180009
PAGO
:61:090122D000000000200,00NTRF000083453733//180009
PAGO
:61:090122D000000000400,00NTRF000082798300//180009
PAGO
:62M:D090122VEF000017112021,62
-}{5:{CHK:1143FB20924B}}{S:{COP:S}}${1:F21VZCRVECAAXXX5410610696}{4:{177:0404021720}{451:0}}{1:F01VZCRVECAAXXX5410610696}{2:09501717040402VZCRVECAAXXX40812675430404021720N}{3:{108:SCONNECT}}{4:
:20:MI090122
:25:1111111111
:28C:0546/209
:60M:D090122VEF000017112021,62
:61:090122D000000000360,00NTRF000082695851//180009
PAGO
:61:090122D000000001115,00NTRF000082436821//180009
PAGO
:61:090122D000000000340,00NTRF000057423929//180009
PAGO
:61:090122D000000000260,00NTRF000057348573//180009
PAGO
:61:090122D000000000400,00NTRF000057247487//180009
PAGO
:61:090122D000000000262,00NTRF000056820629//180009
PAGO
:61:090122D000000000012,00NTRF000056810057//180009
PAGO
:61:090122D000000000227,50NTRF000056683248//180009
PAGO
:61:090122D000000000100,00NTRF000056665678//180009
PAGO
:62M:D090122VEF000017115098,12
-}{5:{CHK:1143FB20924B}}{S:{COP:S}}${1:F21VZCRVECAAXXX5410610696}{4:{177:0404021720}{451:0}}{1:F01VZCRVECAAXXX5410610696}{2:09501717040402VZCRVECAAXXX40812675430404021720N}{3:{108:SCONNECT}}{4:
:20:MI090122
:25:1111111111
:28C:0546/210
:60M:D090122VEF000017115098,12
:61:090122D000000000950,00NTRF000056539529//180009
PAGO
:61:090122D000000000498,00NTRF000056468432//180009
PAGO
:61:090122D000000000750,00NTRF000025842631//180009
PAGO
:61:090122D000000000040,00NTRF000025461086//180009
PAGO
:61:090122D000000000215,00NTRF000025299717//180009
PAGO
:61:090122D000000012660,00NTRF000025297718//180009
PAGO
:61:090122D000000000050,00NTRF000025160493//180009
PAGO
:61:090122D000000000240,00NTRF000025148751//180009
PAGO
:61:090122D000000000130,00NTRF000025013462//180009
PAGO
:62M:D090122VEF000017130631,12
-}{5:{CHK:1143FB20924B}}{S:{COP:S}}${1:F21VZCRVECAAXXX5410610696}{4:{177:0404021720}{451:0}}{1:F01VZCRVECAAXXX5410610696}{2:09501717040402VZCRVECAAXXX40812675430404021720N}{3:{108:SCONNECT}}{4:
:20:MI090122
:25:1111111111
:28C:0546/211
:60M:D090122VEF000017130631,12
:61:090122D000000000100,00NTRF000024977342//180009
PAGO
:61:090122D000000000315,00NTRF000024893464//180009
PAGO
:61:090122D000000002715,00NTRF000045006832//180009
PAGO
:61:090122D000000000119,15NTRF000045006732//180009
PAGO
:61:090122D000000000122,46NTRF000045006632//180009
PAGO
:61:090122D000000000934,18NTRF000045006532//180009
PAGO
:61:090122D000000001515,72NTRF000045006432//180009
PAGO
:61:090122D000000001989,73NTRF000045006332//180009
PAGO
:61:090122D000000001504,77NTRF000045006232//180009
PAGO
:62M:D090122VEF000017139947,13
-}{5:{CHK:1143FB20924B}}{S:{COP:S}}${1:F21VZCRVECAAXXX5410610696}{4:{177:0404021720}{451:0}}{1:F01VZCRVECAAXXX5410610696}{2:09501717040402VZCRVECAAXXX40812675430404021720N}{3:{108:SCONNECT}}{4:
:20:MI090122
:25:1111111111
:28C:0546/212
:60M:D090122VEF000017139947,13
:61:090122D000000003382,79NTRF000045006132//180009
PAGO
:61:090122D000000006157,18NTRF000045006032//180009
PAGO
:61:090122D000000002500,00NTRF000088174553//180009
PAGO
:61:090122D000000000075,00NTRF000088051364//180009
PAGO
:61:090122D000000000280,00NTRF000087865478//180009
PAGO
:61:090122D000000000250,00NTRF000087717228//180009
PAGO
:61:090122D000000000300,00NTRF000087468370//180009
PAGO
:61:090122D000000000300,00NTRF000086949228//180009
PAGO
:61:090122D000000004500,00NTRF000086889443//180009
PAGO
:62M:D090122VEF000017157692,10
-}{5:{CHK:1143FB20924B}}{S:{COP:S}}${1:F21VZCRVECAAXXX5410610696}{4:{177:0404021720}{451:0}}{1:F01VZCRVECAAXXX5410610696}{2:09501717040402VZCRVECAAXXX40812675430404021720N}{3:{108:SCONNECT}}{4:
:20:MI090122
:25:1111111111
:28C:0546/213
:60M:D090122VEF000017157692,10
:61:090122D000000001436,00NTRF000086885590//180009
PAGO
:61:090122D000000000110,00NTRF000086859584//180009
PAGO
:61:090122D000000000700,00NTRF000071845063//180009
PAGO
:61:090122D000000000600,00NTRF000071832404//180009
PAGO
:61:090122D000000002500,00NTRF000071633572//180009
PAGO
:61:090122D000000005000,00NTRF000071541866//180009
PAGO
:61:090122D000000002500,00NTRF000071505665//180009
PAGO
:61:090122D000000000300,00NTRF000071322044//180009
PAGO
:61:090122D000000000380,00NTRF000071240863//180009
PAGO
:62M:D090122VEF000017171218,10
-}{5:{CHK:1143FB20924B}}{S:{COP:S}}${1:F21VZCRVECAAXXX5410610696}{4:{177:0404021720}{451:0}}{1:F01VZCRVECAAXXX5410610696}{2:09501717040402VZCRVECAAXXX40812675430404021720N}{3:{108:SCONNECT}}{4:
:20:MI090122
:25:1111111111
:28C:0546/214
:60M:D090122VEF000017171218,10
:61:090122D000000004012,00NTRF000071221459//180009
PAGO
:61:090122D000000000100,00NTRF000071210551//180009
PAGO
:61:090122D000000001677,00NTRF000056318453//180009
PAGO
:61:090122D000000000150,00NTRF000056292808//180009
PAGO
:61:090122D000000000505,90NTRF000055950951//180009
PAGO
:61:090122D000000000200,00NTRF000055934630//180009
PAGO
:61:090122D000000003000,00NTRF000055679019//180009
PAGO
:61:090122D000000005500,00NTRF000055594760//180009
PAGO
:61:090122D000000000801,00NTRF000055545979//180009
PAGO
:62M:D090122VEF000017187164,00
-}{5:{CHK:1143FB20924B}}{S:{COP:S}}${1:F21VZCRVECAAXXX5410610696}{4:{177:0404021720}{451:0}}{1:F01VZCRVECAAXXX5410610696}{2:09501717040402VZCRVECAAXXX40812675430404021720N}{3:{108:SCONNECT}}{4:
:20:MI090122
:25:1111111111
:28C:0546/215
:60M:D090122VEF000017187164,00
:61:090122D000000000950,00NTRF000055347677//180009
PAGO
:61:090122D000000000500,00NTRF000055344591//180009
PAGO
:61:090122D000000001017,00NTRF000041932353//180009
PAGO
:61:090122D000000000100,00NTRF000041830803//180009
PAGO
:61:090122D000000001200,00NTRF000041591870//180009
PAGO
:61:090122D000000000300,00NTRF000041437995//180009
PAGO
:61:090122D000000000150,00NTRF000041434374//180009
PAGO
:61:090122D000000001440,00NTRF000041419385//180009
PAGO
:61:090122D000000000100,00NTRF000041351759//180009
PAGO
:62M:D090122VEF000017192921,00
-}{5:{CHK:1143FB20924B}}{S:{COP:S}}${1:F21VZCRVECAAXXX5410610696}{4:{177:0404021720}{451:0}}{1:F01VZCRVECAAXXX5410610696}{2:09501717040402VZCRVECAAXXX40812675430404021720N}{3:{108:SCONNECT}}{4:
:20:MI090122
:25:1111111111
:28C:0546/216
:60M:D090122VEF000017192921,00
:61:090122D000000000558,62NTRF000041342777//180009
PAGO
:61:090122D000000000550,00NTRF000041317119//180009
PAGO
:61:090122D000000009010,78NTRF000024850873//180009
PAGO
:61:090122D000000001000,00NTRF000024710766//180009
PAGO
:61:090122D000000000900,00NTRF000024657859//180009
PAGO
:61:090122D000000000335,50NTRF000024560163//180009
PAGO
:61:090122D000000000016,69NTRF000023999369//180009
PAGO
:61:090122D000000000935,22NTRF000023813504//180009
PAGO
:61:090122D000000000150,00NTRF000023719021//180009
PAGO
:62M:D090122VEF000017206377,81
-}{5:{CHK:1143FB20924B}}{S:{COP:S}}${1:F21VZCRVECAAXXX5410610696}{4:{177:0404021720}{451:0}}{1:F01VZCRVECAAXXX5410610696}{2:09501717040402VZCRVECAAXXX40812675430404021720N}{3:{108:SCONNECT}}{4:
:20:MI090122
:25:1111111111
:28C:0546/217
:60M:D090122VEF000017206377,81
:61:090122D000000000200,00NTRF000023710087//180009
PAGO
:61:090122D000000008447,50NTRF000023709764//180009
PAGO
:61:090122D000000001900,00NTRF000008163674//180009
PAGO
:61:090122D000000011494,50NTRF000008159635//180009
PAGO
:61:090122D000000000100,00NTRF000008074407//180009
PAGO
:61:090122D000000000180,00NTRF000008058165//180009
PAGO
:61:090122D000000003340,00NTRF000008031598//180009
PAGO
:61:090122D000000000436,00NTRF000008016402//180009
PAGO
:61:090122D000000006000,00NTRF000007926572//180009
PAGO
:62M:D090122VEF000017238475,81
-}{5:{CHK:1143FB20924B}}{S:{COP:S}}${1:F21VZCRVECAAXXX5410610696}{4:{177:0404021720}{451:0}}{1:F01VZCRVECAAXXX5410610696}{2:09501717040402VZCRVECAAXXX40812675430404021720N}{3:{108:SCONNECT}}{4:
:20:MI090122
:25:1111111111
:28C:0546/218
:60M:D090122VEF000017238475,81
:61:090122D000000000800,00NTRF000007857002//180009
PAGO
:61:090122D000000004500,00NTRF000007687056//180009
PAGO
:61:090122D000000000400,00NTRF000090447597//180009
PAGO
:61:090122D000000000400,00NTRF000090357597//180009
PAGO
:61:090122D000000000299,50NTRF000089787032//180009
PAGO
:61:090122D000000002000,00NTRF000089770271//180009
PAGO
:61:090122D000000001000,00NTRF000089549342//180009
PAGO
:61:090122D000000002000,00NTRF000089486717//180009
PAGO
:61:090122D000000004000,00NTRF000089275742//180009
PAGO
:62M:D090122VEF000017253875,31
-}{5:{CHK:1143FB20924B}}{S:{COP:S}}${1:F21VZCRVECAAXXX5410610696}{4:{177:0404021720}{451:0}}{1:F01VZCRVECAAXXX5410610696}{2:09501717040402VZCRVECAAXXX40812675430404021720N}{3:{108:SCONNECT}}{4:
:20:MI090122
:25:1111111111
:28C:0546/219
:60M:D090122VEF000017253875,31
:61:090122D000000000302,00NTRF000089232912//180009
PAGO
:61:090122D000000000500,00NTRF000089113359//180009
PAGO
:61:090122D000000009000,00NTRF000065752430//180009
PAGO
:61:090122D000000000438,77NTRF000064927595//180009
PAGO
:61:090122D000000000500,00NTRF000064755536//180009
PAGO
:61:090122D000000000500,00NTRF000064735536//180009
PAGO
:61:090122D000000000432,00NTRF000064625652//180009
PAGO
:61:090122D000000000250,00NTRF000064600710//180009
PAGO
:61:090122D000000001200,00NTRF000064497922//180009
PAGO
:62M:D090122VEF000017266998,08
-}{5:{CHK:1143FB20924B}}{S:{COP:S}}${1:F21VZCRVECAAXXX5410610696}{4:{177:0404021720}{451:0}}{1:F01VZCRVECAAXXX5410610696}{2:09501717040402VZCRVECAAXXX40812675430404021720N}{3:{108:SCONNECT}}{4:
:20:MI090122
:25:1111111111
:28C:0546/220
:60M:D090122VEF000017266998,08
:61:090122D000000001183,00NTRF000064387592//180009
PAGO
:61:090122D000000000300,00NTRF000063385480//180009
PAGO
:61:090122D000000000070,00NTRF000041322160//180009
PAGO
:61:090122D000000000200,00NTRF000041100066//180009
PAGO
:61:090122D000000003821,03NTRF000040527377//180009
PAGO
:61:090122D000000003523,00NTRF000040469967//180009
PAGO
:61:090122D000000000150,00NTRF000040227956//180009
PAGO
:61:090122D000000002000,00NTRF000040183617//180009
PAGO
:61:090122D000000000200,00NTRF000039973667//180009
PAGO
:62M:D090122VEF000017278445,11
-}{5:{CHK:1143FB20924B}}{S:{COP:S}}${1:F21VZCRVECAAXXX5410610696}{4:{177:0404021720}{451:0}}{1:F01VZCRVECAAXXX5410610696}{2:09501717040402VZCRVECAAXXX40812675430404021720N}{3:{108:SCONNECT}}{4:
:20:MI090122
:25:1111111111
:28C:0546/221
:60M:D090122VEF000017278445,11
:61:090122D000000000320,00NTRF000039490019//180009
PAGO
:61:090122D000000000100,00NTRF000039455623//180009
PAGO
:61:090122D000000000300,00NTRF000017537969//180009
PAGO
:61:090122D000000000200,00NTRF000017383374//180009
PAGO
:61:090122D000000000100,00NTRF000016540938//180009
PAGO
:61:090122D000000000132,39NTRF000016524769//180009
PAGO
:61:090122D000000000500,00NTRF000016161164//180009
PAGO
:61:090122D000000000500,00NTRF000016118164//180009
PAGO
:61:090122D000000000150,00NTRF000016096056//180009
PAGO
:62M:D090122VEF000017280747,50
-}{5:{CHK:1143FB20924B}}{S:{COP:S}}${1:F21VZCRVECAAXXX5410610696}{4:{177:0404021720}{451:0}}{1:F01VZCRVECAAXXX5410610696}{2:09501717040402VZCRVECAAXXX40812675430404021720N}{3:{108:SCONNECT}}{4:
:20:MI090122
:25:1111111111
:28C:0546/222
:60M:D090122VEF000017280747,50
:61:090122D000000000150,00NTRF000016058056//180009
PAGO
:61:090122D000000000300,00NTRF000015261078//180009
PAGO
:61:090122D000000001069,75NTRF000000113496//180009
PAGO
:61:090122D000000001885,75NTRF000000113495//180009
PAGO
:61:090122D000000001474,30NTRF000000113494//180009
PAGO
:61:090122D000000005517,41NTRF000000113493//180009
PAGO
:61:090122D000000003358,37NTRF000000113492//180009
PAGO
:61:090122D000000017619,72NTRF000000113491//180009
PAGO
:61:090122D000000001079,76NTRF000000113490//180009
PAGO
:62M:D090122VEF000017313202,56
-}{5:{CHK:1143FB20924B}}{S:{COP:S}}${1:F21VZCRVECAAXXX5410610696}{4:{177:0404021720}{451:0}}{1:F01VZCRVECAAXXX5410610696}{2:09501717040402VZCRVECAAXXX40812675430404021720N}{3:{108:SCONNECT}}{4:
:20:MI090122
:25:1111111111
:28C:0546/223
:60M:D090122VEF000017313202,56
:61:090122D000000003618,45NTRF000000113489//180009
PAGO
:61:090122D000000027672,89NTRF000000113488//180009
PAGO
:61:090122D000000001998,24NTRF000000080288//180009
PAGO
:61:090122D000000003279,99NTRF000000080287//180009
PAGO
:61:090122D000000001012,56NTRF000000080286//180009
PAGO
:61:090122D000000051294,45NTRF000000080285//180009
PAGO
:61:090122D000000265272,80NTRF000000057218//180009
PAGO
:61:090122D000000000359,00NTRF000000057216//180009
PAGO
:61:090122D000009000000,00NTRF000000057204//180009
PAGO
:62M:D090122VEF000026667710,94
-}{5:{CHK:1143FB20924B}}{S:{COP:S}}${1:F21VZCRVECAAXXX5410610696}{4:{177:0404021720}{451:0}}{1:F01VZCRVECAAXXX5410610696}{2:09501717040402VZCRVECAAXXX40812675430404021720N}{3:{108:SCONNECT}}{4:
:20:MI090122
:25:1111111111
:28C:0546/224
:60M:D090122VEF000026667710,94
:61:090122D000000000817,85NTRF000090381672//180009
PAGO
:61:090122D000000002038,80NTRF000090381671//180009
PAGO
:61:090122D000000001284,90NTRF000015248153//180009
PAGO
:61:090122D000000000742,05NTRF000014682813//180009
PAGO
:61:090122D000000001211,10NTRF000014601391//180009
PAGO
:61:090122D000000000077,50NTRF000014375908//180009
PAGO
:61:090122D000000000739,05NTRF000014375176//180009
PAGO
:61:090122D000000000362,85NTRF000013958726//180009
PAGO
:61:090122D000000000623,75NTRF000013513486//180009
PAGO
:62M:D090122VEF000026675608,79
-}{5:{CHK:1143FB20924B}}{S:{COP:S}}${1:F21VZCRVECAAXXX5410610696}{4:{177:0404021720}{451:0}}{1:F01VZCRVECAAXXX5410610696}{2:09501717040402VZCRVECAAXXX40812675430404021720N}{3:{108:SCONNECT}}{4:
:20:MI090122
:25:1111111111
:28C:0546/225
:60M:D090122VEF000026675608,79
:61:090122D000000001210,40NTRF000013257550//180009
PAGO
:61:090122D000000000834,55NTRF000013102849//180009
PAGO
:61:090122D000000001991,54NTRF000000049282//180009
PAGO
:61:090122D000000001330,67NTRF000000049281//180009
PAGO
:61:090122D000000001350,74NTRF000000049279//180009
PAGO
:61:090122D000000001413,65NTRF000000049278//180009
PAGO
:61:090122D000000001237,24NTRF000000049277//180009
PAGO
:61:090122D000000001887,05NTRF000000049276//180009
PAGO
:61:090122D000000001376,18NTRF000000049275//180009
PAGO
:62M:D090122VEF000026688240,81
-}{5:{CHK:1143FB20924B}}{S:{COP:S}}${1:F21VZCRVECAAXXX5410610696}{4:{177:0404021720}{451:0}}{1:F01VZCRVECAAXXX5410610696}{2:09501717040402VZCRVECAAXXX40812675430404021720N}{3:{108:SCONNECT}}{4:
:20:MI090122
:25:1111111111
:28C:0546/226
:60M:D090122VEF000026688240,81
:61:090122D000000000965,30NTRF000000049274//180009
PAGO
:61:090122D000000001391,66NTRF000000049273//180009
PAGO
:61:090122D000000000206,20NTRF000000001598//180009
PAGO
:61:090122D000000006623,42NTRF000000001597//180009
PAGO
:61:090122D000000000190,75NTRF000000001596//180009
PAGO
:61:090122D000000001733,52NTRF000000001595//180009
PAGO
:61:090122D000000002573,74NTRF000000001594//180009
PAGO
:61:090122D000000007284,77NTRF000000001593//180009
PAGO
:61:090122D000000002064,95NTRF000000001592//180009
PAGO
:62M:D090122VEF000026711275,12
-}{5:{CHK:1143FB20924B}}{S:{COP:S}}${1:F21VZCRVECAAXXX5410610696}{4:{177:0404021720}{451:0}}{1:F01VZCRVECAAXXX5410610696}{2:09501717040402VZCRVECAAXXX40812675430404021720N}{3:{108:SCONNECT}}{4:
:20:MI090122
:25:1111111111
:28C:0546/227
:60M:D090122VEF000026711275,12
:61:090122D000000005256,45NTRF000000001591//180009
PAGO
:61:090122D000000004734,73NTRF000000001590//180009
PAGO
:61:090122D000000014632,20NTRF000090067664//180009
PAGO
:61:090122D000000003845,65NTRF000090067662//180009
PAGO
:61:090122D000000002262,60NTRF000090067661//180009
PAGO
:61:090122D000000002223,00NTRF000090067660//180009
PAGO
:61:090122D000000012373,20NTRF000090067659//180009
PAGO
:61:090122D000000002491,20NTRF000090067658//180009
PAGO
:61:090122D000000006526,80NTRF000090067657//180009
PAGO
:62M:D090122VEF000026765620,95
-}{5:{CHK:1143FB20924B}}{S:{COP:S}}${1:F21VZCRVECAAXXX5410610696}{4:{177:0404021720}{451:0}}{1:F01VZCRVECAAXXX5410610696}{2:09501717040402VZCRVECAAXXX40812675430404021720N}{3:{108:SCONNECT}}{4:
:20:MI090122
:25:1111111111
:28C:0546/228
:60M:D090122VEF000026765620,95
:61:090122D000000002946,20NTRF000090067656//180009
PAGO
:61:090122D000000008422,20NTRF000090067655//180009
PAGO
:61:090122D000000001911,60NTRF000090067515//180009
PAGO
:61:090122D000000013689,00NTRF000090067514//180009
PAGO
:61:090122D000000050523,18NTRF000090067513//180009
PAGO
:61:090122D000000002494,80NTRF000090067512//180009
PAGO
:61:090122D000000007166,00NTRF000090067511//180009
PAGO
:61:090122D000000002845,80NTRF000090067510//180009
PAGO
:61:090122D000000001531,80NTRF000090067509//180009
PAGO
:62M:D090122VEF000026857151,53
-}{5:{CHK:1143FB20924B}}{S:{COP:S}}${1:F21VZCRVECAAXXX5410610696}{4:{177:0404021720}{451:0}}{1:F01VZCRVECAAXXX5410610696}{2:09501717040402VZCRVECAAXXX40812675430404021720N}{3:{108:SCONNECT}}{4:
:20:MI090122
:25:1111111111
:28C:0546/229
:60M:D090122VEF000026857151,53
:61:090122D000000064893,54NTRF000090067508//180009
PAGO
:61:090122D000000017163,00NTRF000090067507//180009
PAGO
:61:090122D000000008802,52NTRF000044988332//180009
PAGO
:61:090122D000000000148,39NTRF000044988232//180009
PAGO
:61:090122D000000007966,36NTRF000044988132//180009
PAGO
:61:090122D000000000243,93NTRF000044988032//180009
PAGO
:61:090122D000000000045,00NTRF000044987932//180009
PAGO
:61:090122D000000000099,77NTRF000044987832//180009
PAGO
:61:090122D000000000644,48NTRF000044987732//180009
PAGO
:62M:D090122VEF000026957158,52
-}{5:{CHK:1143FB20924B}}{S:{COP:S}}${1:F21VZCRVECAAXXX5410610696}{4:{177:0404021720}{451:0}}{1:F01VZCRVECAAXXX5410610696}{2:09501717040402VZCRVECAAXXX40812675430404021720N}{3:{108:SCONNECT}}{4:
:20:MI090122
:25:1111111111
:28C:0546/230
:60M:D090122VEF000026957158,52
:61:090122D000000001096,01NTRF000044987632//180009
PAGO
:61:090122D000000000361,18NTRF000044987532//180009
PAGO
:61:090122D000000000388,18NTRF000000699088//180009
PAGO
:61:090122D000000000335,06NTRF000000699087//180009
PAGO
:61:090122D000000009352,94NTRF000000699086//180009
PAGO
:61:090122D000000000940,00NTRF000000699085//180009
PAGO
:61:090122D000000002902,92NTRF000000699084//180009
PAGO
:61:090122D000000000270,24NTRF000000699083//180009
PAGO
:61:090122D000000000245,87NTRF000000699082//180009
PAGO
:62M:D090122VEF000026973050,92
-}{5:{CHK:1143FB20924B}}{S:{COP:S}}${1:F21VZCRVECAAXXX5410610696}{4:{177:0404021720}{451:0}}{1:F01VZCRVECAAXXX5410610696}{2:09501717040402VZCRVECAAXXX40812675430404021720N}{3:{108:SCONNECT}}{4:
:20:MI090122
:25:1111111111
:28C:0546/231
:60M:D090122VEF000026973050,92
:61:090122D000000000783,78NTRF000000699081//180009
PAGO
:61:090122D000000001222,87NTRF000000699080//180009
PAGO
:61:090122D000000000116,61NTRF000031646746//180009
PAGO
:61:090122D000000000150,00NTRF000026334625//180009
PAGO
:61:090122D000000000428,83NTRF000024970788//180009
PAGO
:61:090122D000000003000,00NTRF000024577845//180009
PAGO
:61:090122D000000004000,00NTRF000022673086//180009
PAGO
:61:090122D000000000260,00NTRF000022018667//180009
PAGO
:61:090122D000000002900,00NTRF000018038323//180009
PAGO
:62M:D090122VEF000026985913,01
-}{5:{CHK:1143FB20924B}}{S:{COP:S}}${1:F21VZCRVECAAXXX5410610696}{4:{177:0404021720}{451:0}}{1:F01VZCRVECAAXXX5410610696}{2:09501717040402VZCRVECAAXXX40812675430404021720N}{3:{108:SCONNECT}}{4:
:20:MI090122
:25:1111111111
:28C:0546/232
:60M:D090122VEF000026985913,01
:61:090122D000000000310,00NTRF000012060349//180009
PAGO
:61:090122D000000001000,00NTRF000010040565//180009
PAGO
:61:090122D000000000150,00NTRF000090046092//180009
PAGO
:61:090122D000000000250,00NTRF000090040590//180009
PAGO
:61:090122D000000001150,00NTRF000089908779//180009
PAGO
:61:090122D000000005000,00NTRF000089338358//180009
PAGO
:61:090122D000000000650,00NTRF000089288894//180009
PAGO
:61:090122D000000000500,00NTRF000089102481//180009
PAGO
:61:090122D000000000722,80NTRF000089051020//180009
PAGO
:62M:D090122VEF000026995645,81
-}{5:{CHK:1143FB20924B}}{S:{COP:S}}${1:F21VZCRVECAAXXX5410610696}{4:{177:0404021720}{451:0}}{1:F01VZCRVECAAXXX5410610696}{2:09501717040402VZCRVECAAXXX40812675430404021720N}{3:{108:SCONNECT}}{4:
:20:MI090122
:25:1111111111
:28C:0546/233
:60M:D090122VEF000026995645,81
:61:090122D000000001093,00NTRF000088885315//180009
PAGO
:61:090122D000000000320,00NTRF000088791210//180009
PAGO
:61:090122D000000002000,00NTRF000063940023//180009
PAGO
:61:090122D000000000400,00NTRF000063785043//180009
PAGO
:61:090122D000000000500,00NTRF000063611427//180009
PAGO
:61:090122D000000001003,00NTRF000063605242//180009
PAGO
:61:090122D000000000483,88NTRF000063380281//180009
PAGO
:61:090122D000000001500,00NTRF000062874134//180009
PAGO
:61:090122D000000001000,00NTRF000062692323//180009
PAGO
:62M:D090122VEF000027003945,69
-}{5:{CHK:1143FB20924B}}{S:{COP:S}}${1:F21VZCRVECAAXXX5410610696}{4:{177:0404021720}{451:0}}{1:F01VZCRVECAAXXX5410610696}{2:09501717040402VZCRVECAAXXX40812675430404021720N}{3:{108:SCONNECT}}{4:
:20:MI090122
:25:1111111111
:28C:0546/234
:60M:D090122VEF000027003945,69
:61:090122D000000000350,00NTRF000062460605//180009
PAGO
:61:090122D000000000118,50NTRF000062124718//180009
PAGO
:61:090122D000000003616,78NTRF000034439384//180009
PAGO
:61:090122D000000001000,00NTRF000034354459//180009
PAGO
:61:090122D000000000100,00NTRF000034329118//180009
PAGO
:61:090122D000000011000,00NTRF000034150905//180009
PAGO
:61:090122D000000000430,00NTRF000033752404//180009
PAGO
:61:090122D000000001000,00NTRF000033706832//180009
PAGO
:61:090122D000000000070,00NTRF000033628693//180009
PAGO
:62M:D090122VEF000027021630,97
-}{5:{CHK:1143FB20924B}}{S:{COP:S}}${1:F21VZCRVECAAXXX5410610696}{4:{177:0404021720}{451:0}}{1:F01VZCRVECAAXXX5410610696}{2:09501717040402VZCRVECAAXXX40812675430404021720N}{3:{108:SCONNECT}}{4:
:20:MI090122
:25:1111111111
:28C:0546/235
:60M:D090122VEF000027021630,97
:61:090122D000000000140,00NTRF000033621244//180009
PAGO
:61:090122D000000000411,74NTRF000033075871//180009
PAGO
:61:090122D000000003500,00NTRF000012554681//180009
PAGO
:61:090122D000000000250,00NTRF000012309041//180009
PAGO
:61:090122D000000002508,00NTRF000011931252//180009
PAGO
:61:090122D000000008100,00NTRF000011712191//180009
PAGO
:61:090122D000000012120,00NTRF000011580553//180009
PAGO
:61:090122D000000005000,00NTRF000011486688//180009
PAGO
:61:090122D000000000850,00NTRF000011156477//180009
PAGO
:62M:D090122VEF000027054510,71
-}{5:{CHK:1143FB20924B}}{S:{COP:S}}${1:F21VZCRVECAAXXX5410610696}{4:{177:0404021720}{451:0}}{1:F01VZCRVECAAXXX5410610696}{2:09501717040402VZCRVECAAXXX40812675430404021720N}{3:{108:SCONNECT}}{4:
:20:MI090122
:25:1111111111
:28C:0546/236
:60M:D090122VEF000027054510,71
:61:090122D000000000006,62NTRF000011057264//180009
PAGO
:61:090122D000000002000,00NTRF000010851785//180009
PAGO
:61:090122D000000000258,00NTRF000082377367//180009
PAGO
:61:090122D000000000290,00NTRF000082078700//180009
PAGO
:61:090122D000000000360,00NTRF000081911705//180009
PAGO
:61:090122D000000003000,00NTRF000081783643//180009
PAGO
:61:090122D000000000379,66NTRF000081621660//180009
PAGO
:61:090122D000000000300,00NTRF000081572358//180009
PAGO
:61:090122D000000000255,06NTRF000081175913//180009
PAGO
:62M:D090122VEF000027061360,05
-}{5:{CHK:1143FB20924B}}{S:{COP:S}}${1:F21VZCRVECAAXXX5410610696}{4:{177:0404021720}{451:0}}{1:F01VZCRVECAAXXX5410610696}{2:09501717040402VZCRVECAAXXX40812675430404021720N}{3:{108:SCONNECT}}{4:
:20:MI090122
:25:1111111111
:28C:0546/237
:60M:D090122VEF000027061360,05
:61:090122D000000000148,00NTRF000081121755//180009
PAGO
:61:090122D000000000200,00NTRF000080930320//180009
PAGO
:61:090122D000000000235,00NTRF000056063456//180009
PAGO
:61:090122D000000000120,00NTRF000055984280//180009
PAGO
:61:090122D000000002417,00NTRF000055951672//180009
PAGO
:61:090122D000000000100,00NTRF000055788583//180009
PAGO
:61:090122D000000000131,35NTRF000055299972//180009
PAGO
:61:090122D000000000100,00NTRF000054706613//180009
PAGO
:61:090122D000000000050,00NTRF000054412550//180009
PAGO
:62M:D090122VEF000027064861,40
-}{5:{CHK:1143FB20924B}}{S:{COP:S}}${1:F21VZCRVECAAXXX5410610696}{4:{177:0404021720}{451:0}}{1:F01VZCRVECAAXXX5410610696}{2:09501717040402VZCRVECAAXXX40812675430404021720N}{3:{108:SCONNECT}}{4:
:20:MI090122
:25:1111111111
:28C:0546/238
:60M:D090122VEF000027064861,40
:61:090122D000000000180,00NTRF000054401025//180009
PAGO
:61:090122D000000001000,00NTRF000054386958//180009
PAGO
:61:090122D000000001500,00NTRF000024674724//180009
PAGO
:61:090122D000000001129,29NTRF000024551459//180009
PAGO
:61:090122D000000000400,00NTRF000024231867//180009
PAGO
:61:090122D000000000500,00NTRF000023456965//180009
PAGO
:61:090122D000000000300,00NTRF000022916505//180009
PAGO
:61:090122D000000000130,00NTRF000022744508//180009
PAGO
:61:090122D000000000400,00NTRF000022605681//180009
PAGO
:62M:D090122VEF000027070400,69
-}{5:{CHK:1143FB20924B}}{S:{COP:S}}${1:F21VZCRVECAAXXX5410610696}{4:{177:0404021720}{451:0}}{1:F01VZCRVECAAXXX5410610696}{2:09501717040402VZCRVECAAXXX40812675430404021720N}{3:{108:SCONNECT}}{4:
:20:MI090122
:25:1111111111
:28C:0546/239
:60M:D090122VEF000027070400,69
:61:090122D000000000110,00NTRF000022369591//180009
PAGO
:61:090122D000000001091,00NTRF000022344246//180009
PAGO
:61:090122D000000003499,85NTRF000045005932//180009
PAGO
:61:090122D000000000669,78NTRF000045005832//180009
PAGO
:61:090122D000000007432,51NTRF000045005732//180009
PAGO
:61:090122D000000007681,59NTRF000045005632//180009
PAGO
:61:090122D000000000506,47NTRF000045005532//180009
PAGO
:61:090122D000000000992,53NTRF000045005432//180009
PAGO
:61:090122D000000000494,16NTRF000045005332//180009
PAGO
:62M:D090122VEF000027092878,58
-}{5:{CHK:1143FB20924B}}{S:{COP:S}}${1:F21VZCRVECAAXXX5410610696}{4:{177:0404021720}{451:0}}{1:F01VZCRVECAAXXX5410610696}{2:09501717040402VZCRVECAAXXX40812675430404021720N}{3:{108:SCONNECT}}{4:
:20:MI090122
:25:1111111111
:28C:0546/240
:60M:D090122VEF000027092878,58
:61:090122D000000000208,02NTRF000045005232//180009
PAGO
:61:090122D000000000618,81NTRF000045004932//180009
PAGO
:61:090122D000000000014,91NTRF000086838856//180009
PAGO
:61:090122D000000001000,00NTRF000086795386//180009
PAGO
:61:090122D000000000110,00NTRF000086773982//180009
PAGO
:61:090122D000000000380,00NTRF000086493528//180009
PAGO
:61:090122D000000001500,00NTRF000086490191//180009
PAGO
:61:090122D000000000300,00NTRF000086414500//180009
PAGO
:61:090122D000000001900,00NTRF000086270062//180009
PAGO
:62M:D090122VEF000027098910,32
-}{5:{CHK:1143FB20924B}}{S:{COP:S}}${1:F21VZCRVECAAXXX5410610696}{4:{177:0404021720}{451:0}}{1:F01VZCRVECAAXXX5410610696}{2:09501717040402VZCRVECAAXXX40812675430404021720N}{3:{108:SCONNECT}}{4:
:20:MI090122
:25:1111111111
:28C:0546/241
:60M:D090122VEF000027098910,32
:61:090122D000000000288,00NTRF000086231364//180009
PAGO
:61:090122D000000000350,00NTRF000086229485//180009
PAGO
:61:090122D000000000500,00NTRF000071162110//180009
PAGO
:61:090122D000000000500,00NTRF000071128807//180009
PAGO
:61:090122D000000001000,00NTRF000071052567//180009
PAGO
:61:090122D000000000100,00NTRF000070940764//180009
PAGO
:61:090122D000000000700,00NTRF000070822253//180009
PAGO
:61:090122D000000002000,00NTRF000070794564//180009
PAGO
:61:090122D000000001600,00NTRF000070710823//180009
PAGO
:62M:D090122VEF000027105948,32
-}{5:{CHK:1143FB20924B}}{S:{COP:S}}${1:F21VZCRVECAAXXX5410610696}{4:{177:0404021720}{451:0}}{1:F01VZCRVECAAXXX5410610696}{2:09501717040402VZCRVECAAXXX40812675430404021720N}{3:{108:SCONNECT}}{4:
:20:MI090122
:25:1111111111
:28C:0546/242
:60M:D090122VEF000027105948,32
:61:090122D000000000400,00NTRF000070612493//180009
PAGO
:61:090122D000000000202,00NTRF000070555855//180009
PAGO
:61:090122D000000000208,21NTRF000055317574//180009
PAGO
:61:090122D000000000200,00NTRF000055279294//180009
PAGO
:61:090122D000000001215,00NTRF000055265665//180009
PAGO
:61:090122D000000001000,00NTRF000055156162//180009
PAGO
:61:090122D000000002340,00NTRF000054780754//180009
PAGO
:61:090122D000000000430,00NTRF000054704160//180009
PAGO
:61:090122D000000000707,29NTRF000054648020//180009
PAGO
:62M:D090122VEF000027112650,82
-}{5:{CHK:1143FB20924B}}{S:{COP:S}}${1:F21VZCRVECAAXXX5410610696}{4:{177:0404021720}{451:0}}{1:F01VZCRVECAAXXX5410610696}{2:09501717040402VZCRVECAAXXX40812675430404021720N}{3:{108:SCONNECT}}{4:
:20:MI090122
:25:1111111111
:28C:0546/243
:60M:D090122VEF000027112650,82
:61:090122D000000000700,00NTRF000054618620//180009
PAGO
:61:090122D000000000208,21NTRF000054597408//180009
PAGO
:61:090122D000000000292,00NTRF000041084876//180009
PAGO
:61:090122D000000000286,71NTRF000041071768//180009
PAGO
:61:090122D000000000500,00NTRF000040550077//180009
PAGO
:61:090122D000000005000,00NTRF000040487420//180009
PAGO
:61:090122D000000000500,00NTRF000040464856//180009
PAGO
:61:090122D000000000260,00NTRF000040260156//180009
PAGO
:61:090122D000000000050,00NTRF000040230955//180009
PAGO
:62M:D090122VEF000027120447,74
-}{5:{CHK:1143FB20924B}}{S:{COP:S}}${1:F21VZCRVECAAXXX5410610696}{4:{177:0404021720}{451:0}}{1:F01VZCRVECAAXXX5410610696}{2:09501717040402VZCRVECAAXXX40812675430404021720N}{3:{108:SCONNECT}}{4:
:20:MI090122
:25:1111111111
:28C:0546/244
:60M:D090122VEF000027120447,74
:61:090122D000000003000,00NTRF000039934348//180009
PAGO
:61:090122D000000000300,00NTRF000039919199//180009
PAGO
:61:090122D000000008573,53NTRF000023688084//180009
PAGO
:61:090122D000000009000,00NTRF000023548312//180009
PAGO
:61:090122D000000007000,00NTRF000023532609//180009
PAGO
:61:090122D000000007626,41NTRF000023490460//180009
PAGO
:61:090122D000000000100,00NTRF000023454693//180009
PAGO
:61:090122D000000008845,00NTRF000023317843//180009
PAGO
:61:090122D000000000250,00NTRF000023286408//180009
PAGO
:62M:D090122VEF000027165142,68
-}{5:{CHK:1143FB20924B}}{S:{COP:S}}${1:F21VZCRVECAAXXX5410610696}{4:{177:0404021720}{451:0}}{1:F01VZCRVECAAXXX5410610696}{2:09501717040402VZCRVECAAXXX40812675430404021720N}{3:{108:SCONNECT}}{4:
:20:MI090122
:25:1111111111
:28C:0546/245
:60M:D090122VEF000027165142,68
:61:090122D000000000700,00NTRF000023228343//180009
PAGO
:61:090122D000000000600,00NTRF000007638671//180009
PAGO
:61:090122D000000000230,00NTRF000007031444//180009
PAGO
:61:090122D000000000200,00NTRF000007011947//180009
PAGO
:61:090122D000000000750,00NTRF000006870198//180009
PAGO
:61:090122D000000001834,00NTRF000006845956//180009
PAGO
:61:090122D000000000250,00NTRF000006822910//180009
PAGO
:61:090122D000000000500,00NTRF000006613790//180009
PAGO
:61:090122D000000005000,00NTRF000006608674//180009
PAGO
:62M:D090122VEF000027175206,68
-}{5:{CHK:1143FB20924B}}{S:{COP:S}}${1:F21VZCRVECAAXXX5410610696}{4:{177:0404021720}{451:0}}{1:F01VZCRVECAAXXX5410610696}{2:09501717040402VZCRVECAAXXX40812675430404021720N}{3:{108:SCONNECT}}{4:
:20:MI090122
:25:1111111111
:28C:0546/246
:60M:D090122VEF000027175206,68
:61:090122D000000000100,00NTRF000006454485//180009
PAGO
:61:090122D000000000100,00NTRF000088689101//180009
PAGO
:61:090122D000000001000,00NTRF000088659619//180009
PAGO
:61:090122D000000000200,00NTRF000088469232//180009
PAGO
:61:090122D000000000200,00NTRF000088153789//180009
PAGO
:61:090122D000000000200,00NTRF000088086789//180009
PAGO
:61:090122D000000001000,00NTRF000088062380//180009
PAGO
:61:090122D000000000575,00NTRF000087916854//180009
PAGO
:61:090122D000000000341,00NTRF000087415874//180009
PAGO
:62M:D090122VEF000027178922,68
-}{5:{CHK:1143FB20924B}}{S:{COP:S}}${1:F21VZCRVECAAXXX5410610696}{4:{177:0404021720}{451:0}}{1:F01VZCRVECAAXXX5410610696}{2:09501717040402VZCRVECAAXXX40812675430404021720N}{3:{108:SCONNECT}}{4:
:20:MI090122
:25:1111111111
:28C:0546/247
:60M:D090122VEF000027178922,68
:61:090122D000000000505,40NTRF000087276768//180009
PAGO
:61:090122D000000001000,00NTRF000063245532//180009
PAGO
:61:090122D000000000250,00NTRF000063131954//180009
PAGO
:61:090122D000000002000,00NTRF000062968268//180009
PAGO
:61:090122D000000000250,00NTRF000062813877//180009
PAGO
:61:090122D000000000500,00NTRF000062714092//180009
PAGO
:61:090122D000000000070,00NTRF000062570678//180009
PAGO
:61:090122D000000000250,00NTRF000062507877//180009
PAGO
:61:090122D000000000050,00NTRF000062502666//180009
PAGO
:62M:D090122VEF000027183798,08
-}{5:{CHK:1143FB20924B}}{S:{COP:S}}${1:F21VZCRVECAAXXX5410610696}{4:{177:0404021720}{451:0}}{1:F01VZCRVECAAXXX5410610696}{2:09501717040402VZCRVECAAXXX40812675430404021720N}{3:{108:SCONNECT}}{4:
:20:MI090122
:25:1111111111
:28C:0546/248
:60M:D090122VEF000027183798,08
:61:090122D000000000435,00NTRF000062491416//180009
PAGO
:61:090122D000000000200,00NTRF000039229782//180009
PAGO
:61:090122D000000003335,00NTRF000039172379//180009
PAGO
:61:090122D000000000107,00NTRF000039013361//180009
PAGO
:61:090122D000000000210,00NTRF000038866317//180009
PAGO
:61:090122D000000000450,00NTRF000038439290//180009
PAGO
:61:090122D000000003602,28NTRF000038390008//180009
PAGO
:61:090122D000000000100,00NTRF000038294012//180009
PAGO
:61:090122D000000000165,00NTRF000038218352//180009
PAGO
:62M:D090122VEF000027192402,36
-}{5:{CHK:1143FB20924B}}{S:{COP:S}}${1:F21VZCRVECAAXXX5410610696}{4:{177:0404021720}{451:0}}{1:F01VZCRVECAAXXX5410610696}{2:09501717040402VZCRVECAAXXX40812675430404021720N}{3:{108:SCONNECT}}{4:
:20:MI090122
:25:1111111111
:28C:0546/249
:60M:D090122VEF000027192402,36
:61:090122D000000001995,44NTRF000038177796//180009
PAGO
:61:090122D000000000600,00NTRF000014266147//180009
PAGO
:61:090122D000000000240,00NTRF000014224736//180009
PAGO
:61:090122D000000000200,00NTRF000014127304//180009
PAGO
:61:090122D000000000200,00NTRF000014076304//180009
PAGO
:61:090122D000000000460,00NTRF000014031328//180009
PAGO
:61:090122D000000000700,00NTRF000013677324//180009
PAGO
:61:090122D000000000048,00NTRF000013514824//180009
PAGO
:61:090122D000000000102,00NTRF000013493544//180009
PAGO
:62M:D090122VEF000027196947,80
-}{5:{CHK:1143FB20924B}}{S:{COP:S}}${1:F21VZCRVECAAXXX5410610696}{4:{177:0404021720}{451:0}}{1:F01VZCRVECAAXXX5410610696}{2:09501717040402VZCRVECAAXXX40812675430404021720N}{3:{108:SCONNECT}}{4:
:20:MI090122
:25:1111111111
:28C:0546/250
:60M:D090122VEF000027196947,80
:61:090122D000000003424,00NTRF000011557088//180009
PAGO
:61:090122D000000004443,74NTRF000000113487//180009
PAGO
:61:090122D000000011385,53NTRF000000113486//180009
PAGO
:61:090122D000000006320,89NTRF000000113483//180009
PAGO
:61:090122D000000001037,22NTRF000000113482//180009
PAGO
:61:090122D000000053894,40NTRF000000113481//180009
PAGO
:61:090122D000000016178,40NTRF000000113480//180009
PAGO
:61:090122D000000144500,05NTRF000000113479//180009
PAGO
:61:090122D000000025022,40NTRF000000113478//180009
PAGO
:62M:D090122VEF000027463154,43
-}{5:{CHK:1143FB20924B}}{S:{COP:S}}${1:F21VZCRVECAAXXX5410610696}{4:{177:0404021720}{451:0}}{1:F01VZCRVECAAXXX5410610696}{2:09501717040402VZCRVECAAXXX40812675430404021720N}{3:{108:SCONNECT}}{4:
:20:MI090122
:25:1111111111
:28C:0546/251
:60M:D090122VEF000027463154,43
:61:090122D000000157851,58NTRF000000113477//180009
PAGO
:61:090122D000000001225,80NTRF000090381670//180009
PAGO
:61:090122D000000000824,80NTRF000090381669//180009
PAGO
:61:090122D000000000311,50NTRF000021010403//180009
PAGO
:61:090122D000000000242,50NTRF000021010402//180009
PAGO
:61:090122D000000002593,50NTRF000021010401//180009
PAGO
:61:090122D000000002499,50NTRF000021010400//180009
PAGO
:61:090122D000000003999,50NTRF000021010399//180009
PAGO
:61:090122D000000002899,50NTRF000021010398//180009
PAGO
:62M:D090122VEF000027635602,61
-}{5:{CHK:1143FB20924B}}{S:{COP:S}}${1:F21VZCRVECAAXXX5410610696}{4:{177:0404021720}{451:0}}{1:F01VZCRVECAAXXX5410610696}{2:09501717040402VZCRVECAAXXX40812675430404021720N}{3:{108:SCONNECT}}{4:
:20:MI090122
:25:1111111111
:28C:0546/252
:60M:D090122VEF000027635602,61
:61:090122D000000002449,50NTRF000021010397//180009
PAGO
:61:090122D000000000992,40NTRF000013101184//180009
PAGO
:61:090122D000000000835,90NTRF000012759220//180009
PAGO
:61:090122D000000000419,90NTRF000012758062//180009
PAGO
:61:090122D000000000559,30NTRF000012758001//180009
PAGO
:61:090122D000000000558,85NTRF000012757413//180009
PAGO
:61:090122D000000000835,50NTRF000012441068//180009
PAGO
:61:090122D000000001286,05NTRF000012439696//180009
PAGO
:61:090122D000000000369,05NTRF000011722903//180009
PAGO
:62M:D090122VEF000027643909,06
-}{5:{CHK:1143FB20924B}}{S:{COP:S}}${1:F21VZCRVECAAXXX5410610696}{4:{177:0404021720}{451:0}}{1:F01VZCRVECAAXXX5410610696}{2:09501717040402VZCRVECAAXXX40812675430404021720N}{3:{108:SCONNECT}}{4:
:20:MI090122
:25:1111111111
:28C:0546/253
:60M:D090122VEF000027643909,06
:61:090122D000000000559,30NTRF000011722231//180009
PAGO
:61:090122D000000001441,28NTRF000000049271//180009
PAGO
:61:090122D000000001935,38NTRF000000049270//180009
PAGO
:61:090122D000000001762,66NTRF000000049269//180009
PAGO
:61:090122D000000001856,81NTRF000000049268//180009
PAGO
:61:090122D000000001582,62NTRF000000049267//180009
PAGO
:61:090122D000000001511,53NTRF000000049265//180009
PAGO
:61:090122D000000001856,17NTRF000000049264//180009
PAGO
:61:090122D000000001553,51NTRF000000049263//180009
PAGO
:62M:D090122VEF000027657968,32
-}{5:{CHK:1143FB20924B}}{S:{COP:S}}${1:F21VZCRVECAAXXX5410610696}{4:{177:0404021720}{451:0}}{1:F01VZCRVECAAXXX5410610696}{2:09501717040402VZCRVECAAXXX40812675430404021720N}{3:{108:SCONNECT}}{4:
:20:MI090122
:25:1111111111
:28C:0546/254
:60M:D090122VEF000027657968,32
:61:090122D000000001021,12NTRF000000049262//180009
PAGO
:61:090122D000000003319,57NTRF000000001589//180009
PAGO
:61:090122D000000002337,74NTRF000000001588//180009
PAGO
:61:090122D000000000970,61NTRF000000001587//180009
PAGO
:61:090122D000000016212,97NTRF000000001586//180009
PAGO
:61:090122D000000000438,14NTRF000000001585//180009
PAGO
:61:090122D000000006144,75NTRF000000001584//180009
PAGO
:61:090122D000000000187,29NTRF000000001583//180009
PAGO
:61:090122D000000001138,92NTRF000000001582//180009
PAGO
:62M:D090122VEF000027689739,43
-}{5:{CHK:1143FB20924B}}{S:{COP:S}}${1:F21VZCRVECAAXXX5410610696}{4:{177:0404021720}{451:0}}{1:F01VZCRVECAAXXX5410610696}{2:09501717040402VZCRVECAAXXX40812675430404021720N}{3:{108:SCONNECT}}{4:
:20:MI090122
:25:1111111111
:28C:0546/255
:60M:D090122VEF000027689739,43
:61:090122D000000000462,29NTRF000000001581//180009
PAGO
:61:090122D000000006221,90NTRF000090067654//180009
PAGO
:61:090122D000000000360,00NTRF000090067653//180009
PAGO
:61:090122D000000006424,20NTRF000090067652//180009
PAGO
:61:090122D000000000571,60NTRF000090067651//180009
PAGO
:61:090122D000000004986,00NTRF000090067650//180009
PAGO
:61:090122D000000013377,60NTRF000090067649//180009
PAGO
:61:090122D000000003873,60NTRF000090067648//180009
PAGO
:61:090122D000000006587,83NTRF000090067647//180009
PAGO
:62M:D090122VEF000027732604,45
-}{5:{CHK:1143FB20924B}}{S:{COP:S}}${1:F21VZCRVECAAXXX5410610696}{4:{177:0404021720}{451:0}}{1:F01VZCRVECAAXXX5410610696}{2:09501717040402VZCRVECAAXXX40812675430404021720N}{3:{108:SCONNECT}}{4:
:20:MI090122
:25:1111111111
:28C:0546/256
:60M:D090122VEF000027732604,45
:61:090122D000000002326,75NTRF000090067646//180009
PAGO
:61:090122D000000050731,50NTRF000090067506//180009
PAGO
:61:090122D000000001209,60NTRF000090067505//180009
PAGO
:61:090122D000000047361,60NTRF000090067504//180009
PAGO
:61:090122D000000011718,00NTRF000090067503//180009
PAGO
:61:090122D000000038477,82NTRF000090067502//180009
PAGO
:61:090122D000000000754,20NTRF000090067501//180009
PAGO
:61:090122D000000004176,00NTRF000090067500//180009
PAGO
:61:090122D000000048623,12NTRF000090067499//180009
PAGO
:62M:D090122VEF000027937983,04
-}{5:{CHK:1143FB20924B}}{S:{COP:S}}${1:F21VZCRVECAAXXX5410610696}{4:{177:0404021720}{451:0}}{1:F01VZCRVECAAXXX5410610696}{2:09501717040402VZCRVECAAXXX40812675430404021720N}{3:{108:SCONNECT}}{4:
:20:MI090122
:25:1111111111
:28C:0546/257
:60M:D090122VEF000027937983,04
:61:090122D000000001233,00NTRF000090067498//180009
PAGO
:61:090122D000000000084,31NTRF000044987432//180009
PAGO
:61:090122D000000000200,00NTRF000044987332//180009
PAGO
:61:090122D000000000080,00NTRF000044987232//180009
PAGO
:61:090122D000000000200,00NTRF000044987132//180009
PAGO
:61:090122D000000000495,60NTRF000044987032//180009
PAGO
:61:090122D000000000112,23NTRF000044986932//180009
PAGO
:61:090122D000000000162,08NTRF000044986832//180009
PAGO
:61:090122D000000000177,76NTRF000044986732//180009
PAGO
:62M:D090122VEF000027940728,02
-}{5:{CHK:1143FB20924B}}{S:{COP:S}}${1:F21VZCRVECAAXXX5410610696}{4:{177:0404021720}{451:0}}{1:F01VZCRVECAAXXX5410610696}{2:09501717040402VZCRVECAAXXX40812675430404021720N}{3:{108:SCONNECT}}{4:
:20:MI090122
:25:1111111111
:28C:0546/258
:60M:D090122VEF000027940728,02
:61:090122D000000000330,00NTRF000044986632//180009
PAGO
:61:090122D000000007687,45NTRF000000699079//180009
PAGO
:61:090122D000000079651,14NTRF000000699078//180009
PAGO
:61:090122D000000000719,89NTRF000000699077//180009
PAGO
:61:090122D000000009445,42NTRF000000699076//180009
PAGO
:61:090122D000000006114,10NTRF000000699075//180009
PAGO
:61:090122D000000000400,79NTRF000000699074//180009
PAGO
:61:090122D000000021601,62NTRF000000699073//180009
PAGO
:61:090122D000000000687,40NTRF000000699072//180009
PAGO
:62M:D090122VEF000028067365,83
-}{5:{CHK:1143FB20924B}}{S:{COP:S}}${1:F21VZCRVECAAXXX5410610696}{4:{177:0404021720}{451:0}}{1:F01VZCRVECAAXXX5410610696}{2:09501717040402VZCRVECAAXXX40812675430404021720N}{3:{108:SCONNECT}}{4:
:20:MI090122
:25:1111111111
:28C:0546/259
:60M:D090122VEF000028067365,83
:61:090122D000000001054,32NTRF000000699071//180009
PAGO
:61:090122D000000020250,00NTRF000099704224//180009
PAGO
:61:090122D000000019607,45NTRF000098967104//180009
PAGO
:61:090122D000000001000,00NTRF000093914669//180009
PAGO
:61:090122D000000001255,00NTRF000092384909//180009
PAGO
:61:090122D000000000100,00NTRF000091377776//180009
PAGO
:61:090122D000000000700,00NTRF000090670183//180009
PAGO
:61:090122D000000000425,50NTRF000090537288//180009
PAGO
:61:090122D000000002000,00NTRF000087989917//180009
PAGO
:62M:D090122VEF000028113758,10
-}{5:{CHK:1143FB20924B}}{S:{COP:S}}${1:F21VZCRVECAAXXX5410610696}{4:{177:0404021720}{451:0}}{1:F01VZCRVECAAXXX5410610696}{2:09501717040402VZCRVECAAXXX40812675430404021720N}{3:{108:SCONNECT}}{4:
:20:MI090122
:25:1111111111
:28C:0546/260
:60M:D090122VEF000028113758,10
:61:090122D000000000150,00NTRF000006832446//180009
PAGO
:61:090122D000000000150,00NTRF000006773446//180009
PAGO
:61:090122D000000000380,00NTRF000001468289//180009
PAGO
:61:090122D000000000500,00NTRF000088755537//180009
PAGO
:61:090122D000000000400,00NTRF000088551018//180009
PAGO
:61:090122D000000000195,00NTRF000088099495//180009
PAGO
:61:090122D000000005000,00NTRF000088068787//180009
PAGO
:61:090122D000000001000,00NTRF000087980524//180009
PAGO
:61:090122D000000000280,00NTRF000087430631//180009
PAGO
:62M:D090122VEF000028121813,10
-}{5:{CHK:1143FB20924B}}{S:{COP:S}}${1:F21VZCRVECAAXXX5410610696}{4:{177:0404021720}{451:0}}{1:F01VZCRVECAAXXX5410610696}{2:09501717040402VZCRVECAAXXX40812675430404021720N}{3:{108:SCONNECT}}{4:
:20:MI090122
:25:1111111111
:28C:0546/261
:60M:D090122VEF000028121813,10
:61:090122D000000005000,00NTRF000087294031//180009
PAGO
:61:090122D000000000700,00NTRF000087263867//180009
PAGO
:61:090122D000000001000,00NTRF000086963873//180009
PAGO
:61:090122D000000000300,00NTRF000061959010//180009
PAGO
:61:090122D000000000900,00NTRF000061948542//180009
PAGO
:61:090122D000000008606,00NTRF000061917882//180009
PAGO
:61:090122D000000000300,00NTRF000061749401//180009
PAGO
:61:090122D000000001000,00NTRF000061185158//180009
PAGO
:61:090122D000000000800,00NTRF000061143162//180009
PAGO
:62M:D090122VEF000028140419,10
-}{5:{CHK:1143FB20924B}}{S:{COP:S}}${1:F21VZCRVECAAXXX5410610696}{4:{177:0404021720}{451:0}}{1:F01VZCRVECAAXXX5410610696}{2:09501717040402VZCRVECAAXXX40812675430404021720N}{3:{108:SCONNECT}}{4:
:20:MI090122
:25:1111111111
:28C:0546/262
:60M:D090122VEF000028140419,10
:61:090122D000000006424,78NTRF000061064530//180009
PAGO
:61:090122D000000000300,00NTRF000060840854//180009
PAGO
:61:090122D000000002897,50NTRF000060671315//180009
PAGO
:61:090122D000000000600,00NTRF000033603024//180009
PAGO
:61:090122D000000005000,00NTRF000033490802//180009
PAGO
:61:090122D000000000050,00NTRF000033431745//180009
PAGO
:61:090122D000000001000,00NTRF000033348440//180009
PAGO
:61:090122D000000000200,00NTRF000033303661//180009
PAGO
:61:090122D000000000500,00NTRF000033222680//180009
PAGO
:62M:D090122VEF000028157391,38
-}{5:{CHK:1143FB20924B}}{S:{COP:S}}${1:F21VZCRVECAAXXX5410610696}{4:{177:0404021720}{451:0}}{1:F01VZCRVECAAXXX5410610696}{2:09501717040402VZCRVECAAXXX40812675430404021720N}{3:{108:SCONNECT}}{4:
:20:MI090122
:25:1111111111
:28C:0546/263
:60M:D090122VEF000028157391,38
:61:090122D000000000500,00NTRF000033200619//180009
PAGO
:61:090122D000000002500,00NTRF000033188005//180009
PAGO
:61:090122D000000000060,00NTRF000033156159//180009
PAGO
:61:090122D000000000250,00NTRF000010644092//180009
PAGO
:61:090122D000000000600,00NTRF000010607639//180009
PAGO
:61:090122D000000000800,00NTRF000010547963//180009
PAGO
:61:090122D000000003000,00NTRF000010547437//180009
PAGO
:61:090122D000000000600,00NTRF000010253507//180009
PAGO
:61:090122D000000002400,00NTRF000009512940//180009
PAGO
:62M:D090122VEF000028168101,38
-}{5:{CHK:1143FB20924B}}{S:{COP:S}}${1:F21VZCRVECAAXXX5410610696}{4:{177:0404021720}{451:0}}{1:F01VZCRVECAAXXX5410610696}{2:09501717040402VZCRVECAAXXX40812675430404021720N}{3:{108:SCONNECT}}{4:
:20:MI090122
:25:1111111111
:28C:0546/264
:60M:D090122VEF000028168101,38
:61:090122D000000000400,00NTRF000009201350//180009
PAGO
:61:090122D000000000165,00NTRF000008781991//180009
PAGO
:61:090122D000000002000,00NTRF000008773823//180009
PAGO
:61:090122D000000000150,00NTRF000080816616//180009
PAGO
:61:090122D000000000250,00NTRF000080717144//180009
PAGO
:61:090122D000000000300,00NTRF000080674972//180009
PAGO
:61:090122D000000002424,00NTRF000080612648//180009
PAGO
:61:090122D000000000250,00NTRF000080545144//180009
PAGO
:61:090122D000000000384,23NTRF000080510990//180009
PAGO
:62M:D090122VEF000028174424,61
-}{5:{CHK:1143FB20924B}}{S:{COP:S}}${1:F21VZCRVECAAXXX5410610696}{4:{177:0404021720}{451:0}}{1:F01VZCRVECAAXXX5410610696}{2:09501717040402VZCRVECAAXXX40812675430404021720N}{3:{108:SCONNECT}}{4:
:20:MI090122
:25:1111111111
:28C:0546/265
:60M:D090122VEF000028174424,61
:61:090122D000000000250,00NTRF000080494144//180009
PAGO
:61:090122D000000003300,00NTRF000080460185//180009
PAGO
:61:090122D000000000250,00NTRF000080459144//180009
PAGO
:61:090122D000000001500,00NTRF000054380648//180009
PAGO
:61:090122D000000000500,00NTRF000054334006//180009
PAGO
:61:090122D000000004100,00NTRF000054026760//180009
PAGO
:61:090122D000000001500,00NTRF000053181572//180009
PAGO
:61:090122D000000000650,00NTRF000052878015//180009
PAGO
:61:090122D000000014448,00NTRF000051990958//180009
PAGO
:62M:D090122VEF000028200922,61
-}{5:{CHK:1143FB20924B}}{S:{COP:S}}${1:F21VZCRVECAAXXX5410610696}{4:{177:0404021720}{451:0}}{1:F01VZCRVECAAXXX5410610696}{2:09501717040402VZCRVECAAXXX40812675430404021720N}{3:{108:SCONNECT}}{4:
:20:MI090122
:25:1111111111
:28C:0546/266
:60M:D090122VEF000028200922,61
:61:090122D000000000070,00NTRF000051533958//180009
PAGO
:61:090122D000000000450,00NTRF000051518422//180009
PAGO
:61:090122D000000000500,00NTRF000051437562//180009
PAGO
:61:090122D000000000200,00NTRF000022171078//180009
PAGO
:61:090122D000000000050,00NTRF000022048005//180009
PAGO
:61:090122D000000000280,00NTRF000021974166//180009
PAGO
:61:090122D000000000450,00NTRF000021871656//180009
PAGO
:61:090122D000000000330,00NTRF000021540489//180009
PAGO
:61:090122D000000000130,00NTRF000021321717//180009
PAGO
:62M:D090122VEF000028203382,61
-}{5:{CHK:1143FB20924B}}{S:{COP:S}}${1:F21VZCRVECAAXXX5410610696}{4:{177:0404021720}{451:0}}{1:F01VZCRVECAAXXX5410610696}{2:09501717040402VZCRVECAAXXX40812675430404021720N}{3:{108:SCONNECT}}{4:
:20:MI090122
:25:1111111111
:28C:0546/267
:60M:D090122VEF000028203382,61
:61:090122D000000000200,00NTRF000021172563//180009
PAGO
:61:090122D000000000300,00NTRF000021105764//180009
PAGO
:61:090122D000000000400,00NTRF000021047490//180009
PAGO
:61:090122D000000002210,38NTRF000045004832//180009
PAGO
:61:090122D000000014815,82NTRF000045004732//180009
PAGO
:61:090122D000000003438,58NTRF000045004632//180009
PAGO
:61:090122D000000002981,57NTRF000045004432//180009
PAGO
:61:090122D000000004816,39NTRF000045004332//180009
PAGO
:61:090122D000000000386,68NTRF000045004232//180009
PAGO
:62M:D090122VEF000028232932,03
-}{5:{CHK:1143FB20924B}}{S:{COP:S}}${1:F21VZCRVECAAXXX5410610696}{4:{177:0404021720}{451:0}}{1:F01VZCRVECAAXXX5410610696}{2:09501717040402VZCRVECAAXXX40812675430404021720N}{3:{108:SCONNECT}}{4:
:20:MI090122
:25:1111111111
:28C:0546/268
:60M:D090122VEF000028232932,03
:61:090122D000000006351,64NTRF000045004132//180009
PAGO
:61:090122D000000000386,68NTRF000045004032//180009
PAGO
:61:090122D000000002150,56NTRF000045003932//180009
PAGO
:61:090122D000000000460,00NTRF000086217934//180009
PAGO
:61:090122D000000004000,00NTRF000086182158//180009
PAGO
:61:090122D000000002000,00NTRF000086100164//180009
PAGO
:61:090122D000000001000,00NTRF000086050474//180009
PAGO
:61:090122D000000000250,00NTRF000086049099//180009
PAGO
:61:090122D000000001000,00NTRF000085918427//180009
PAGO
:62M:D090122VEF000028250530,91
-}{5:{CHK:1143FB20924B}}{S:{COP:S}}${1:F21VZCRVECAAXXX5410610696}{4:{177:0404021720}{451:0}}{1:F01VZCRVECAAXXX5410610696}{2:09501717040402VZCRVECAAXXX40812675430404021720N}{3:{108:SCONNECT}}{4:
:20:MI090122
:25:1111111111
:28C:0546/269
:60M:D090122VEF000028250530,91
:61:090122D000000000600,00NTRF000085879858//180009
PAGO
:61:090122D000000000950,00NTRF000085876656//180009
PAGO
:61:090122D000000010000,00NTRF000085764045//180009
PAGO
:61:090122D000000005500,00NTRF000070495364//180009
PAGO
:61:090122D000000000100,00NTRF000070422531//180009
PAGO
:61:090122D000000001053,00NTRF000070417931//180009
PAGO
:61:090122D000000002000,00NTRF000070344975//180009
PAGO
:61:090122D000000000500,00NTRF000070316341//180009
PAGO
:61:090122D000000003700,00NTRF000070256178//180009
PAGO
:62M:D090122VEF000028274933,91
-}{5:{CHK:1143FB20924B}}{S:{COP:S}}${1:F21VZCRVECAAXXX5410610696}{4:{177:0404021720}{451:0}}{1:F01VZCRVECAAXXX5410610696}{2:09501717040402VZCRVECAAXXX40812675430404021720N}{3:{108:SCONNECT}}{4:
:20:MI090122
:25:1111111111
:28C:0546/270
:60M:D090122VEF000028274933,91
:61:090122D000000000700,00NTRF000070076359//180009
PAGO
:61:090122D000000000199,00NTRF000069907703//180009
PAGO
:61:090122D000000000320,00NTRF000069694973//180009
PAGO
:61:090122D000000000528,71NTRF000054362254//180009
PAGO
:61:090122D000000004371,99NTRF000054346373//180009
PAGO
:61:090122D000000058578,90NTRF000054342561//180009
PAGO
:61:090122D000000000239,00NTRF000054303069//180009
PAGO
:61:090122D000000000208,21NTRF000054274487//180009
PAGO
:61:090122D000000000450,00NTRF000054207116//180009
PAGO
:62M:D090122VEF000028340529,72
-}{5:{CHK:1143FB20924B}}{S:{COP:S}}${1:F21VZCRVECAAXXX5410610696}{4:{177:0404021720}{451:0}}{1:F01VZCRVECAAXXX5410610696}{2:09501717040402VZCRVECAAXXX40812675430404021720N}{3:{108:SCONNECT}}{4:
:20:MI090122
:25:1111111111
:28C:0546/271
:60M:D090122VEF000028340529,72
:61:090122D000000005000,00NTRF000053977340//180009
PAGO
:61:090122D000000000600,00NTRF000053685443//180009
PAGO
:61:090122D000000000208,21NTRF000053523976//180009
PAGO
:61:090122D000000003000,00NTRF000039871136//180009
PAGO
:61:090122D000000001500,00NTRF000039858814//180009
PAGO
:61:090122D000000000800,00NTRF000039822651//180009
PAGO
:61:090122D000000001000,00NTRF000039796772//180009
PAGO
:61:090122D000000005000,00NTRF000039746680//180009
PAGO
:61:090122D000000000500,00NTRF000039470508//180009
PAGO
:62M:D090122VEF000028358137,93
-}{5:{CHK:1143FB20924B}}{S:{COP:S}}${1:F21VZCRVECAAXXX5410610696}{4:{177:0404021720}{451:0}}{1:F01VZCRVECAAXXX5410610696}{2:09501717040402VZCRVECAAXXX40812675430404021720N}{3:{108:SCONNECT}}{4:
:20:MI090122
:25:1111111111
:28C:0546/272
:60M:D090122VEF000028358137,93
:61:090122D000000000220,00NTRF000039243528//180009
PAGO
:61:090122D000000006000,00NTRF000038807590//180009
PAGO
:61:090122D000000002000,00NTRF000038767709//180009
PAGO
:61:090122D000000000585,00NTRF000023121607//180009
PAGO
:61:090122D000000000100,00NTRF000022804974//180009
PAGO
:61:090122D000000000628,00NTRF000022803714//180009
PAGO
:61:090122D000000004000,00NTRF000022735278//180009
PAGO
:61:090122D000000000800,00NTRF000022640260//180009
PAGO
:61:090122D000000001000,00NTRF000022573006//180009
PAGO
:62M:D090122VEF000028373470,93
-}{5:{CHK:1143FB20924B}}{S:{COP:S}}${1:F21VZCRVECAAXXX5410610696}{4:{177:0404021720}{451:0}}{1:F01VZCRVECAAXXX5410610696}{2:09501717040402VZCRVECAAXXX40812675430404021720N}{3:{108:SCONNECT}}{4:
:20:MI090122
:25:1111111111
:28C:0546/273
:60M:D090122VEF000028373470,93
:61:090122D000000005400,00NTRF000022315572//180009
PAGO
:61:090122D000000001740,00NTRF000022209281//180009
PAGO
:61:090122D000000001000,00NTRF000022171606//180009
PAGO
:61:090122D000000000598,28NTRF000006399546//180009
PAGO
:61:090122D000000000675,00NTRF000006297144//180009
PAGO
:61:090122D000000000250,00NTRF000006047863//180009
PAGO
:61:090122D000000000363,70NTRF000005970131//180009
PAGO
:61:090122D000000007000,00NTRF000005919976//180009
PAGO
:61:090122D000000002000,00NTRF000005865685//180009
PAGO
:62M:D090122VEF000028392497,91
-}{5:{CHK:1143FB20924B}}{S:{COP:S}}${1:F21VZCRVECAAXXX5410610696}{4:{177:0404021720}{451:0}}{1:F01VZCRVECAAXXX5410610696}{2:09501717040402VZCRVECAAXXX40812675430404021720N}{3:{108:SCONNECT}}{4:
:20:MI090122
:25:1111111111
:28C:0546/274
:60M:D090122VEF000028392497,91
:61:090122D000000000825,00NTRF000005630180//180009
PAGO
:61:090122D000000000050,00NTRF000005542092//180009
PAGO
:61:090122D000000000800,00NTRF000005483949//180009
PAGO
:61:090122D000000000200,00NTRF000087249949//180009
PAGO
:61:090122D000000005000,00NTRF000087164080//180009
PAGO
:61:090122D000000000731,70NTRF000086881951//180009
PAGO
:61:090122D000000000300,00NTRF000086663656//180009
PAGO
:61:090122D000000000120,00NTRF000086498519//180009
PAGO
:61:090122D000000001000,00NTRF000086459104//180009
PAGO
:62M:D090122VEF000028401524,61
-}{5:{CHK:1143FB20924B}}{S:{COP:S}}${1:F21VZCRVECAAXXX5410610696}{4:{177:0404021720}{451:0}}{1:F01VZCRVECAAXXX5410610696}{2:09501717040402VZCRVECAAXXX40812675430404021720N}{3:{108:SCONNECT}}{4:
:20:MI090122
:25:1111111111
:28C:0546/275
:60M:D090122VEF000028401524,61
:61:090122D000000000050,00NTRF000086431228//180009
PAGO
:61:090122D000000000120,00NTRF000085805609//180009
PAGO
:61:090122D000000000350,00NTRF000085680039//180009
PAGO
:61:090122D000000000220,00NTRF000062461183//180009
PAGO
:61:090122D000000001870,00NTRF000062235186//180009
PAGO
:61:090122D000000000260,00NTRF000062191285//180009
PAGO
:61:090122D000000000200,00NTRF000062139643//180009
PAGO
:61:090122D000000000230,00NTRF000061221341//180009
PAGO
:61:090122D000000000040,00NTRF000061195081//180009
PAGO
:62M:D090122VEF000028404864,61
-}{5:{CHK:1143FB20924B}}{S:{COP:S}}${1:F21VZCRVECAAXXX5410610696}{4:{177:0404021720}{451:0}}{1:F01VZCRVECAAXXX5410610696}{2:09501717040402VZCRVECAAXXX40812675430404021720N}{3:{108:SCONNECT}}{4:
:20:MI090122
:25:1111111111
:28C:0546/276
:60M:D090122VEF000028404864,61
:61:090122D000000000650,00NTRF000061193589//180009
PAGO
:61:090122D000000000230,00NTRF000061145356//180009
PAGO
:61:090122D000000004000,00NTRF000060965342//180009
PAGO
:61:090122D000000000300,00NTRF000038125912//180009
PAGO
:61:090122D000000000100,00NTRF000038096012//180009
PAGO
:61:090122D000000000500,00NTRF000037681744//180009
PAGO
:61:090122D000000000300,00NTRF000037547288//180009
PAGO
:61:090122D000000000400,00NTRF000037467643//180009
PAGO
:61:090122D000000005000,00NTRF000037357811//180009
PAGO
:62M:D090122VEF000028416344,61
-}{5:{CHK:1143FB20924B}}{S:{COP:S}}${1:F21VZCRVECAAXXX5410610696}{4:{177:0404021720}{451:0}}{1:F01VZCRVECAAXXX5410610696}{2:09501717040402VZCRVECAAXXX40812675430404021720N}{3:{108:SCONNECT}}{4:
:20:MI090122
:25:1111111111
:28C:0546/277
:60M:D090122VEF000028416344,61
:61:090122D000000000250,00NTRF000037095093//180009
PAGO
:61:090122D000000000200,00NTRF000037090615//180009
PAGO
:61:090122D000000000400,00NTRF000036922005//180009
PAGO
:61:090122D000000001000,00NTRF000013482646//180009
PAGO
:61:090122D000000000500,00NTRF000013173737//180009
PAGO
:61:090122D000000001925,78NTRF000012387110//180009
PAGO
:61:090122D000000001000,00NTRF000012359581//180009
PAGO
:61:090122D000000000300,00NTRF000011984550//180009
PAGO
:61:090122D000000001504,99NTRF000011927616//180009
PAGO
:62M:D090122VEF000028423425,38
-}{5:{CHK:1143FB20924B}}{S:{COP:S}}${1:F21VZCRVECAAXXX5410610696}{4:{177:0404021720}{451:0}}{1:F01VZCRVECAAXXX5410610696}{2:09501717040402VZCRVECAAXXX40812675430404021720N}{3:{108:SCONNECT}}{4:
:20:MI090122
:25:1111111111
:28C:0546/278
:60M:D090122VEF000028423425,38
:61:090122D000000000500,00NTRF000011862095//180009
PAGO
:61:090122D000000000136,00NTRF000011779662//180009
PAGO
:61:090122D000000001000,00NTRF000011576517//180009
PAGO
:61:090122D000000009015,38NTRF000000113476//180009
PAGO
:61:090122D000000000733,12NTRF000000113475//180009
PAGO
:61:090122D000000091982,05NTRF000000113474//180009
PAGO
:61:090122D000000000116,70NTRF000000033518//180009
PAGO
:61:090122D000000001569,91NTRF000003390109//180009
PAGO
:61:090122D000000006122,27NTRF000003390009//180009
PAGO
:62M:D090122VEF000028534600,81
-}{5:{CHK:1143FB20924B}}{S:{COP:S}}${1:F21VZCRVECAAXXX5410610696}{4:{177:0404021720}{451:0}}{1:F01VZCRVECAAXXX5410610696}{2:09501717040402VZCRVECAAXXX40812675430404021720N}{3:{108:SCONNECT}}{4:
:20:MI090122
:25:1111111111
:28C:0546/279
:60M:D090122VEF000028534600,81
:61:090122D000000010072,16NTRF000003389909//180009
PAGO
:61:090122D000000011506,69NTRF000003388509//180009
PAGO
:61:090122D000000003554,86NTRF000003388109//180009
PAGO
:61:090122D000000001499,50NTRF000021010396//180009
PAGO
:61:090122D000000003192,47NTRF000021010395//180009
PAGO
:61:090122D000000003342,34NTRF000021010394//180009
PAGO
:61:090122D000000000567,57NTRF000021010393//180009
PAGO
:61:090122D000000002084,57NTRF000021010392//180009
PAGO
:61:090122D000000001899,50NTRF000021010391//180009
PAGO
:62M:D090122VEF000028572320,47
-}{5:{CHK:1143FB20924B}}{S:{COP:S}}${1:F21VZCRVECAAXXX5410610696}{4:{177:0404021720}{451:0}}{1:F01VZCRVECAAXXX5410610696}{2:09501717040402VZCRVECAAXXX40812675430404021720N}{3:{108:SCONNECT}}{4:
:20:MI090122
:25:1111111111
:28C:0546/280
:60M:D090122VEF000028572320,47
:61:090122D000000001487,50NTRF000021010390//180009
PAGO
:61:090122D000000004347,45NTRF000021010389//180009
PAGO
:61:090122D000000001221,35NTRF000021010388//180009
PAGO
:61:090122D000000000559,75NTRF000011721060//180009
PAGO
:61:090122D000000000319,65NTRF000011393452//180009
PAGO
:61:090122D000000000362,85NTRF000011259928//180009
PAGO
:61:090122D000000000941,80NTRF000011257698//180009
PAGO
:61:090122D000000000739,60NTRF000011257372//180009
PAGO
:61:090122D000000000559,30NTRF000011256402//180009
PAGO
:62M:D090122VEF000028582859,72
-}{5:{CHK:1143FB20924B}}{S:{COP:S}}${1:F21VZCRVECAAXXX5410610696}{4:{177:0404021720}{451:0}}{1:F01VZCRVECAAXXX5410610696}{2:09501717040402VZCRVECAAXXX40812675430404021720N}{3:{108:SCONNECT}}{4:
:20:MI090122
:25:1111111111
:28C:0546/281
:60M:D090122VEF000028582859,72
:61:090122D000000000561,80NTRF000011255104//180009
PAGO
:61:090122D000000000394,45NTRF000010678459//180009
PAGO
:61:090122D000000000769,45NTRF000010677710//180009
PAGO
:61:090122D000000001372,93NTRF000000049261//180009
PAGO
:61:090122D000000001684,21NTRF000000049260//180009
PAGO
:61:090122D000000001444,44NTRF000000049259//180009
PAGO
:61:090122D000000001780,64NTRF000000049257//180009
PAGO
:61:090122D000000001268,06NTRF000000049256//180009
PAGO
:61:090122D000000001340,34NTRF000000049255//180009
PAGO
:62M:D090122VEF000028593476,04
-}{5:{CHK:1143FB20924B}}{S:{COP:S}}${1:F21VZCRVECAAXXX5410610696}{4:{177:0404021720}{451:0}}{1:F01VZCRVECAAXXX5410610696}{2:09501717040402VZCRVECAAXXX40812675430404021720N}{3:{108:SCONNECT}}{4:
:20:MI090122
:25:1111111111
:28C:0546/282
:60M:D090122VEF000028593476,04
:61:090122D000000001251,70NTRF000000049254//180009
PAGO
:61:090122D000000000063,97NTRF000000049253//180009
PAGO
:61:090122D000000001642,66NTRF000000049252//180009
PAGO
:61:090122D000000007768,51NTRF000000001580//180009
PAGO
:61:090122D000000000888,93NTRF000000001579//180009
PAGO
:61:090122D000000003094,26NTRF000000001578//180009
PAGO
:61:090122D000000001417,29NTRF000000001577//180009
PAGO
:61:090122D000000000657,22NTRF000000001576//180009
PAGO
:61:090122D000000002280,82NTRF000000001575//180009
PAGO
:62M:D090122VEF000028612541,40
-}{5:{CHK:1143FB20924B}}{S:{COP:S}}${1:F21VZCRVECAAXXX5410610696}{4:{177:0404021720}{451:0}}{1:F01VZCRVECAAXXX5410610696}{2:09501717040402VZCRVECAAXXX40812675430404021720N}{3:{108:SCONNECT}}{4:
:20:MI090122
:25:1111111111
:28C:0546/283
:60M:D090122VEF000028612541,40
:61:090122D000000002569,47NTRF000000001574//180009
PAGO
:61:090122D000000000085,17NTRF000000001573//180009
PAGO
:61:090122D000000000291,16NTRF000000001572//180009
PAGO
:61:090122D000000010463,40NTRF000090067645//180009
PAGO
:61:090122D000000003013,20NTRF000090067644//180009
PAGO
:61:090122D000000006107,40NTRF000090067643//180009
PAGO
:61:090122D000000005290,20NTRF000090067642//180009
PAGO
:61:090122D000000001960,20NTRF000090067641//180009
PAGO
:61:090122D000000001139,40NTRF000090067640//180009
PAGO
:62M:D090122VEF000028643461,00
-}{5:{CHK:1143FB20924B}}{S:{COP:S}}${1:F21VZCRVECAAXXX5410610696}{4:{177:0404021720}{451:0}}{1:F01VZCRVECAAXXX5410610696}{2:09501717040402VZCRVECAAXXX40812675430404021720N}{3:{108:SCONNECT}}{4:
:20:MI090122
:25:1111111111
:28C:0546/284
:60M:D090122VEF000028643461,00
:61:090122D000000008031,60NTRF000090067639//180009
PAGO
:61:090122D000000001119,60NTRF000090067638//180009
PAGO
:61:090122D000000006899,40NTRF000090067637//180009
PAGO
:61:090122D000000003668,40NTRF000090067497//180009
PAGO
:61:090122D000000028758,60NTRF000090067496//180009
PAGO
:61:090122D000000038568,60NTRF000090067495//180009
PAGO
:61:090122D000000028092,80NTRF000090067494//180009
PAGO
:61:090122D000000012153,60NTRF000090067493//180009
PAGO
:61:090122D000000052360,20NTRF000090067492//180009
PAGO
:62M:D090122VEF000028823113,80
-}{5:{CHK:1143FB20924B}}{S:{COP:S}}${1:F21VZCRVECAAXXX5410610696}{4:{177:0404021720}{451:0}}{1:F01VZCRVECAAXXX5410610696}{2:09501717040402VZCRVECAAXXX40812675430404021720N}{3:{108:SCONNECT}}{4:
:20:MI090122
:25:1111111111
:28C:0546/285
:60M:D090122VEF000028823113,80
:61:090122D000000015436,14NTRF000090067491//180009
PAGO
:61:090122D000000003652,20NTRF000090067490//180009
PAGO
:61:090122D000000015302,22NTRF000090067489//180009
PAGO
:61:090122D000000000193,59NTRF000044986532//180009
PAGO
:61:090122D000000000210,00NTRF000044986432//180009
PAGO
:61:090122D000000000084,25NTRF000044986232//180009
PAGO
:61:090122D000000000200,00NTRF000044986132//180009
PAGO
:61:090122D000000000141,00NTRF000044986032//180009
PAGO
:61:090122D000000000147,72NTRF000044985932//180009
PAGO
:62M:D090122VEF000028858480,92
-}{5:{CHK:1143FB20924B}}{S:{COP:S}}${1:F21VZCRVECAAXXX5410610696}{4:{177:0404021720}{451:0}}{1:F01VZCRVECAAXXX5410610696}{2:09501717040402VZCRVECAAXXX40812675430404021720N}{3:{108:SCONNECT}}{4:
:20:MI090122
:25:1111111111
:28C:0546/286
:60M:D090122VEF000028858480,92
:61:090122D000000000265,46NTRF000044985832//180009
PAGO
:61:090122D000000000219,64NTRF000044985732//180009
PAGO
:61:090122D000000001716,00NTRF000044985632//180009
PAGO
:61:090122D000000005719,33NTRF000000699070//180009
PAGO
:61:090122D000000000300,23NTRF000000699069//180009
PAGO
:61:090122D000000033088,63NTRF000000699068//180009
PAGO
:61:090122D000000055187,20NTRF000000699067//180009
PAGO
:61:090122D000000003273,99NTRF000000699066//180009
PAGO
:61:090122D000000023646,15NTRF000000699065//180009
PAGO
:62M:D090122VEF000028981897,55
-}{5:{CHK:1143FB20924B}}{S:{COP:S}}${1:F21VZCRVECAAXXX5410610696}{4:{177:0404021720}{451:0}}{1:F01VZCRVECAAXXX5410610696}{2:09501717040402VZCRVECAAXXX40812675430404021720N}{3:{108:SCONNECT}}{4:
:20:MI090122
:25:1111111111
:28C:0546/287
:60M:D090122VEF000028981897,55
:61:090122D000000000606,15NTRF000000699064//180009
PAGO
:61:090122D000000000639,29NTRF000000699063//180009
PAGO
:61:090122D000000000438,59NTRF000000699062//180009
PAGO
:61:090122D000000015000,00NTRF000087386643//180009
PAGO
:61:090122D000000002000,00NTRF000085108187//180009
PAGO
:61:090122D000000003000,00NTRF000081878630//180009
PAGO
:61:090122D000000000428,14NTRF000081834158//180009
PAGO
:61:090122D000000000082,00NTRF000081377530//180009
PAGO
:61:090122D000000045000,00NTRF000081072026//180009
PAGO
:62M:D090122VEF000029049091,72
-}{5:{CHK:1143FB20924B}}{S:{COP:S}}${1:F21VZCRVECAAXXX5410610696}{4:{177:0404021720}{451:0}}{1:F01VZCRVECAAXXX5410610696}{2:09501717040402VZCRVECAAXXX40812675430404021720N}{3:{108:SCONNECT}}{4:
:20:MI090122
:25:1111111111
:28C:0546/288
:60M:D090122VEF000029049091,72
:61:090122D000000002171,00NTRF000079466301//180009
PAGO
:61:090122D000000000100,00NTRF000076782933//180009
PAGO
:61:090122D000000000630,00NTRF000076293028//180009
PAGO
:61:090122D000000000860,00NTRF000086608406//180009
PAGO
:61:090122D000000001000,00NTRF000086596127//180009
PAGO
:61:090122D000000000300,00NTRF000086459609//180009
PAGO
:61:090122D000000011000,00NTRF000086418139//180009
PAGO
:61:090122D000000008640,00NTRF000086026507//180009
PAGO
:61:090122D000000001478,00NTRF000085824062//180009
PAGO
:62M:D090122VEF000029075270,72
-}{5:{CHK:1143FB20924B}}{S:{COP:S}}${1:F21VZCRVECAAXXX5410610696}{4:{177:0404021720}{451:0}}{1:F01VZCRVECAAXXX5410610696}{2:09501717040402VZCRVECAAXXX40812675430404021720N}{3:{108:SCONNECT}}{4:
:20:MI090122
:25:1111111111
:28C:0546/289
:60M:D090122VEF000029075270,72
:61:090122D000000001500,00NTRF000085465369//180009
PAGO
:61:090122D000000000762,94NTRF000084834709//180009
PAGO
:61:090122D000000000200,00NTRF000084300316//180009
PAGO
:61:090122D000000009000,00NTRF000060510550//180009
PAGO
:61:090122D000000000250,00NTRF000060500716//180009
PAGO
:61:090122D000000000740,00NTRF000060499806//180009
PAGO
:61:090122D000000000600,00NTRF000060306958//180009
PAGO
:61:090122D000000000422,00NTRF000060198479//180009
PAGO
:61:090122D000000001500,00NTRF000060108954//180009
PAGO
:62M:D090122VEF000029090245,66
-}{5:{CHK:1143FB20924B}}{S:{COP:S}}${1:F21VZCRVECAAXXX5410610696}{4:{177:0404021720}{451:0}}{1:F01VZCRVECAAXXX5410610696}{2:09501717040402VZCRVECAAXXX40812675430404021720N}{3:{108:SCONNECT}}{4:
:20:MI090122
:25:1111111111
:28C:0546/290
:60M:D090122VEF000029090245,66
:61:090122D000000000410,00NTRF000059578935//180009
PAGO
:61:090122D000000000010,00NTRF000059547612//180009
PAGO
:61:090122D000000000010,00NTRF000059519740//180009
PAGO
:61:090122D000000000500,00NTRF000032775476//180009
PAGO
:61:090122D000000002475,00NTRF000032459982//180009
PAGO
:61:090122D000000000600,00NTRF000032414901//180009
PAGO
:61:090122D000000000700,00NTRF000032400211//180009
PAGO
:61:090122D000000000200,00NTRF000032302398//180009
PAGO
:61:090122D000000000200,00NTRF000032254225//180009
PAGO
:62M:D090122VEF000029095350,66
-}{5:{CHK:1143FB20924B}}{S:{COP:S}}${1:F21VZCRVECAAXXX5410610696}{4:{177:0404021720}{451:0}}{1:F01VZCRVECAAXXX5410610696}{2:09501717040402VZCRVECAAXXX40812675430404021720N}{3:{108:SCONNECT}}{4:
:20:MI090122
:25:1111111111
:28C:0546/291
:60M:D090122VEF000029095350,66
:61:090122D000000000400,00NTRF000032198734//180009
PAGO
:61:090122D000000000300,00NTRF000031649126//180009
PAGO
:61:090122D000000002000,00NTRF000029963558//180009
PAGO
:61:090122D000000001300,00NTRF000008677753//180009
PAGO
:61:090122D000000000200,00NTRF000008318870//180009
PAGO
:61:090122D000000000600,00NTRF000008271569//180009
PAGO
:61:090122D000000000240,00NTRF000008243653//180009
PAGO
:61:090122D000000000150,00NTRF000008230233//180009
PAGO
:61:090122D000000095000,00NTRF000008223575//180009
PAGO
:62M:D090122VEF000029195540,66
-}{5:{CHK:1143FB20924B}}{S:{COP:S}}${1:F21VZCRVECAAXXX5410610696}{4:{177:0404021720}{451:0}}{1:F01VZCRVECAAXXX5410610696}{2:09501717040402VZCRVECAAXXX40812675430404021720N}{3:{108:SCONNECT}}{4:
:20:MI090122
:25:1111111111
:28C:0546/292
:60M:D090122VEF000029195540,66
:61:090122D000000000115,00NTRF000008058854//180009
PAGO
:61:090122D000000000300,00NTRF000007863102//180009
PAGO
:61:090122D000000000057,00NTRF000007689126//180009
PAGO
:61:090122D000000000300,00NTRF000080324834//180009
PAGO
:61:090122D000000000203,94NTRF000080274630//180009
PAGO
:61:090122D000000000400,00NTRF000080129534//180009
PAGO
:61:090122D000000001500,00NTRF000079750410//180009
PAGO
:61:090122D000000000300,00NTRF000079637127//180009
PAGO
:61:090122D000000000400,27NTRF000079525620//180009
PAGO
:62M:D090122VEF000029199116,87
-}{5:{CHK:1143FB20924B}}{S:{COP:S}}${1:F21VZCRVECAAXXX5410610696}{4:{177:0404021720}{451:0}}{1:F01VZCRVECAAXXX5410610696}{2:09501717040402VZCRVECAAXXX40812675430404021720N}{3:{108:SCONNECT}}{4:
:20:MI090122
:25:1111111111
:28C:0546/293
:60M:D090122VEF000029199116,87
:61:090122D000000001500,00NTRF000079445524//180009
PAGO
:61:090122D000000001500,00NTRF000079400524//180009
PAGO
:61:090122D000000001500,00NTRF000079140524//180009
PAGO
:61:090122D000000000070,00NTRF000051321958//180009
PAGO
:61:090122D000000000100,00NTRF000050712804//180009
PAGO
:61:090122D000000000800,00NTRF000050583865//180009
PAGO
:61:090122D000000000150,15NTRF000050457629//180009
PAGO
:61:090122D000000000150,00NTRF000050415461//180009
PAGO
:61:090122D000000000150,00NTRF000050384461//180009
PAGO
:62M:D090122VEF000029205037,02
-}{5:{CHK:1143FB20924B}}{S:{COP:S}}${1:F21VZCRVECAAXXX5410610696}{4:{177:0404021720}{451:0}}{1:F01VZCRVECAAXXX5410610696}{2:09501717040402VZCRVECAAXXX40812675430404021720N}{3:{108:SCONNECT}}{4:
:20:MI090122
:25:1111111111
:28C:0546/294
:60M:D090122VEF000029205037,02
:61:090122D000000000245,00NTRF000050232194//180009
PAGO
:61:090122D000000000712,00NTRF000050030273//180009
PAGO
:61:090122D000000000600,00NTRF000049712488//180009
PAGO
:61:090122D000000000203,00NTRF000020853064//180009
PAGO
:61:090122D000000000100,00NTRF000020522442//180009
PAGO
:61:090122D000000000100,00NTRF000018650518//180009
PAGO
:61:090122D000000000420,00NTRF000018639871//180009
PAGO
:61:090122D000000000200,00NTRF000018573133//180009
PAGO
:61:090122D000000001000,00NTRF000018365353//180009
PAGO
:62M:D090122VEF000029208617,02
-}{5:{CHK:1143FB20924B}}{S:{COP:S}}${1:F21VZCRVECAAXXX5410610696}{4:{177:0404021720}{451:0}}{1:F01VZCRVECAAXXX5410610696}{2:09501717040402VZCRVECAAXXX40812675430404021720N}{3:{108:SCONNECT}}{4:
:20:MI090122
:25:1111111111
:28C:0546/295
:60M:D090122VEF000029208617,02
:61:090122D000000000100,00NTRF000018287673//180009
PAGO
:61:090122D000000000150,00NTRF000018245384//180009
PAGO
:61:090122D000000000250,00NTRF000018209860//180009
PAGO
:61:090122D000000000576,06NTRF000045003832//180009
PAGO
:61:090122D000000000286,31NTRF000045003732//180009
PAGO
:61:090122D000000004386,75NTRF000009011204//180009
PAGO
:61:090122D000000002337,83NTRF000009011203//180009
PAGO
:61:090122D000000000678,00NTRF000009011202//180009
PAGO
:61:090122D000000013346,36NTRF000004000478//180009
PAGO
:62M:D090122VEF000029230728,33
-}{5:{CHK:1143FB20924B}}{S:{COP:S}}${1:F21VZCRVECAAXXX5410610696}{4:{177:0404021720}{451:0}}{1:F01VZCRVECAAXXX5410610696}{2:09501717040402VZCRVECAAXXX40812675430404021720N}{3:{108:SCONNECT}}{4:
:20:MI090122
:25:1111111111
:28C:0546/296
:60M:D090122VEF000029230728,33
:61:090122D000000000799,98NTRF000004000477//180009
PAGO
:61:090122D000000000545,00NTRF000004000476//180009
PAGO
:61:090122D000000004076,60NTRF000004000475//180009
PAGO
:61:090122D000000000355,00NTRF000085759392//180009
PAGO
:61:090122D000000000800,00NTRF000085614566//180009
PAGO
:61:090122D000000000945,00NTRF000085380326//180009
PAGO
:61:090122D000000005000,00NTRF000085286330//180009
PAGO
:61:090122D000000000120,00NTRF000085189865//180009
PAGO
:61:090122D000000000500,00NTRF000085171406//180009
PAGO
:62M:D090122VEF000029243869,91
-}{5:{CHK:1143FB20924B}}{S:{COP:S}}${1:F21VZCRVECAAXXX5410610696}{4:{177:0404021720}{451:0}}{1:F01VZCRVECAAXXX5410610696}{2:09501717040402VZCRVECAAXXX40812675430404021720N}{3:{108:SCONNECT}}{4:
:20:MI090122
:25:1111111111
:28C:0546/297
:60M:D090122VEF000029243869,91
:61:090122D000000002000,00NTRF000085071609//180009
PAGO
:61:090122D000000000080,00NTRF000085041577//180009
PAGO
:61:090122D000000000337,00NTRF000085001304//180009
PAGO
:61:090122D000000000885,00NTRF000069618497//180009
PAGO
:61:090122D000000000100,00NTRF000069567473//180009
PAGO
:61:090122D000000000170,00NTRF000069445734//180009
PAGO
:61:090122D000000000035,00NTRF000069280879//180009
PAGO
:61:090122D000000002407,50NTRF000069074409//180009
PAGO
:61:090122D000000000373,22NTRF000069065862//180009
PAGO
:62M:D090122VEF000029250257,63
-}{5:{CHK:1143FB20924B}}{S:{COP:S}}${1:F21VZCRVECAAXXX5410610696}{4:{177:0404021720}{451:0}}{1:F01VZCRVECAAXXX5410610696}{2:09501717040402VZCRVECAAXXX40812675430404021720N}{3:{108:SCONNECT}}{4:
:20:MI090122
:25:1111111111
:28C:0546/298
:60M:D090122VEF000029250257,63
:61:090122D000000000065,00NTRF000069013486//180009
PAGO
:61:090122D000000000260,00NTRF000068666107//180009
PAGO
:61:090122D000000001000,00NTRF000068644899//180009
PAGO
:61:090122D000000000040,00NTRF000053494651//180009
PAGO
:61:090122D000000000050,00NTRF000053468894//180009
PAGO
:61:090122D000000003000,00NTRF000053229417//180009
PAGO
:61:090122D000000000435,22NTRF000053217731//180009
PAGO
:61:090122D000000007699,70NTRF000053164447//180009
PAGO
:61:090122D000000000100,00NTRF000053093754//180009
PAGO
:62M:D090122VEF000029262907,55
-}{5:{CHK:1143FB20924B}}{S:{COP:S}}${1:F21VZCRVECAAXXX5410610696}{4:{177:0404021720}{451:0}}{1:F01VZCRVECAAXXX5410610696}{2:09501717040402VZCRVECAAXXX40812675430404021720N}{3:{108:SCONNECT}}{4:
:20:MI090122
:25:1111111111
:28C:0546/299
:60M:D090122VEF000029262907,55
:61:090122D000000001300,00NTRF000052987533//180009
PAGO
:61:090122D000000000842,80NTRF000052916205//180009
PAGO
:61:090122D000000000358,98NTRF000052832174//180009
PAGO
:61:090122D000000002000,00NTRF000038649460//180009
PAGO
:61:090122D000000000150,00NTRF000038608485//180009
PAGO
:61:090122D000000006000,00NTRF000038322921//180009
PAGO
:61:090122D000000015000,00NTRF000038257737//180009
PAGO
:61:090122D000000000235,00NTRF000037758968//180009
PAGO
:61:090122D000000001500,00NTRF000037676303//180009
PAGO
:62M:D090122VEF000029290294,33
-}{5:{CHK:1143FB20924B}}{S:{COP:S}}${1:F21VZCRVECAAXXX5410610696}{4:{177:0404021720}{451:0}}{1:F01VZCRVECAAXXX5410610696}{2:09501717040402VZCRVECAAXXX40812675430404021720N}{3:{108:SCONNECT}}{4:
:20:MI090122
:25:1111111111
:28C:0546/300
:60M:D090122VEF000029290294,33
:61:090122D000000000450,00NTRF000037591520//180009
PAGO
:61:090122D000000000740,00NTRF000037372201//180009
PAGO
:61:090122D000000000130,00NTRF000037363172//180009
PAGO
:61:090122D000000000600,00NTRF000021991495//180009
PAGO
:61:090122D000000000425,88NTRF000021904672//180009
PAGO
:61:090122D000000000358,00NTRF000021805355//180009
PAGO
:61:090122D000000000786,83NTRF000021551415//180009
PAGO
:61:090122D000000000300,00NTRF000021462164//180009
PAGO
:61:090122D000000001480,00NTRF000021350150//180009
PAGO
:62M:D090122VEF000029295565,04
-}{5:{CHK:1143FB20924B}}{S:{COP:S}}${1:F21VZCRVECAAXXX5410610696}{4:{177:0404021720}{451:0}}{1:F01VZCRVECAAXXX5410610696}{2:09501717040402VZCRVECAAXXX40812675430404021720N}{3:{108:SCONNECT}}{4:
:20:MI090122
:25:1111111111
:28C:0546/301
:60M:D090122VEF000029295565,04
:61:090122D000000000800,00NTRF000021290360//180009
PAGO
:61:090122D000000000050,00NTRF000021281434//180009
PAGO
:61:090122D000000000500,00NTRF000021216238//180009
PAGO
:61:090122D000000000234,00NTRF000005471447//180009
PAGO
:61:090122D000000000036,37NTRF000005467398//180009
PAGO
:61:090122D000000005000,00NTRF000005034770//180009
PAGO
:61:090122D000000000174,00NTRF000005020540//180009
PAGO
:61:090122D000000001000,00NTRF000004945702//180009
PAGO
:61:090122D000000000340,00NTRF000004911560//180009
PAGO
:62M:D090122VEF000029303699,41
-}{5:{CHK:1143FB20924B}}{S:{COP:S}}${1:F21VZCRVECAAXXX5410610696}{4:{177:0404021720}{451:0}}{1:F01VZCRVECAAXXX5410610696}{2:09501717040402VZCRVECAAXXX40812675430404021720N}{3:{108:SCONNECT}}{4:
:20:MI090122
:25:1111111111
:28C:0546/302
:60M:D090122VEF000029303699,41
:61:090122D000000003466,00NTRF000004860170//180009
PAGO
:61:090122D000000000151,00NTRF000004766200//180009
PAGO
:61:090122D000000001400,00NTRF000004625647//180009
PAGO
:61:090122D000000000200,00NTRF000085577167//180009
PAGO
:61:090122D000000000100,00NTRF000085294815//180009
PAGO
:61:090122D000000000100,00NTRF000085279815//180009
PAGO
:61:090122D000000000100,00NTRF000085263815//180009
PAGO
:61:090122D000000000600,00NTRF000085141531//180009
PAGO
:61:090122D000000001036,11NTRF000084497298//180009
PAGO
:62M:D090122VEF000029310852,52
-}{5:{CHK:1143FB20924B}}{S:{COP:S}}${1:F21VZCRVECAAXXX5410610696}{4:{177:0404021720}{451:0}}{1:F01VZCRVECAAXXX5410610696}{2:09501717040402VZCRVECAAXXX40812675430404021720N}{3:{108:SCONNECT}}{4:
:20:MI090122
:25:1111111111
:28C:0546/303
:60M:D090122VEF000029310852,52
:61:090122D000000003000,00NTRF000084340739//180009
PAGO
:61:090122D000000003000,00NTRF000084196739//180009
PAGO
:61:090122D000000000265,00NTRF000084174043//180009
PAGO
:61:090122D000000001250,00NTRF000060625848//180009
PAGO
:61:090122D000000000375,00NTRF000060543839//180009
PAGO
:61:090122D000000000084,52NTRF000060320603//180009
PAGO
:61:090122D000000000140,00NTRF000060285131//180009
PAGO
:61:090122D000000000250,00NTRF000060230112//180009
PAGO
:61:090122D000000000260,82NTRF000060171590//180009
PAGO
:62M:D090122VEF000029319477,86
-}{5:{CHK:1143FB20924B}}{S:{COP:S}}${1:F21VZCRVECAAXXX5410610696}{4:{177:0404021720}{451:0}}{1:F01VZCRVECAAXXX5410610696}{2:09501717040402VZCRVECAAXXX40812675430404021720N}{3:{108:SCONNECT}}{4:
:20:MI090122
:25:1111111111
:28C:0546/304
:60M:D090122VEF000029319477,86
:61:090122D000000001000,00NTRF000060112735//180009
PAGO
:61:090122D000000002600,00NTRF000059990127//180009
PAGO
:61:090122D000000000132,00NTRF000059840795//180009
PAGO
:61:090122D000000000620,00NTRF000036836673//180009
PAGO
:61:090122D000000000300,00NTRF000036631403//180009
PAGO
:61:090122D000000000050,00NTRF000036520413//180009
PAGO
:61:090122D000000000200,00NTRF000036344993//180009
PAGO
:61:090122D000000000400,00NTRF000036232058//180009
PAGO
:61:090122D000000000060,00NTRF000036063863//180009
PAGO
:62M:D090122VEF000029324839,86
-}{5:{CHK:1143FB20924B}}{S:{COP:S}}${1:F21VZCRVECAAXXX5410610696}{4:{177:0404021720}{451:0}}{1:F01VZCRVECAAXXX5410610696}{2:09501717040402VZCRVECAAXXX40812675430404021720N}{3:{108:SCONNECT}}{4:
:20:MI090122
:25:1111111111
:28C:0546/305
:60M:D090122VEF000029324839,86
:61:090122D000000000300,00NTRF000035678952//180009
PAGO
:61:090122D000000000200,00NTRF000035086713//180009
PAGO
:61:090122D000000000133,00NTRF000035052639//180009
PAGO
:61:090122D000000000183,00NTRF000011529234//180009
PAGO
:61:090122D000000000128,00NTRF000011521424//180009
PAGO
:61:090122D000000001939,37NTRF000011447160//180009
PAGO
:61:090122D000000000700,00NTRF000011437369//180009
PAGO
:61:090122D000000001000,00NTRF000011172197//180009
PAGO
:61:090122D000000001000,00NTRF000011164797//180009
PAGO
:62M:D090122VEF000029330423,23
-}{5:{CHK:1143FB20924B}}{S:{COP:S}}${1:F21VZCRVECAAXXX5410610696}{4:{177:0404021720}{451:0}}{1:F01VZCRVECAAXXX5410610696}{2:09501717040402VZCRVECAAXXX40812675430404021720N}{3:{108:SCONNECT}}{4:
:20:MI090122
:25:1111111111
:28C:0546/306
:60M:D090122VEF000029330423,23
:61:090122D000000000040,00NTRF000010947164//180009
PAGO
:61:090122D000000001372,00NTRF000010865289//180009
PAGO
:61:090122D000000000030,00NTRF000007945344//180009
PAGO
:61:090122D000000018045,00NTRF000003388009//180009
PAGO
:61:090122D000000001799,49NTRF000003387909//180009
PAGO
:61:090122D000000008034,03NTRF000003387809//180009
PAGO
:61:090122D000000021052,50NTRF000003387709//180009
PAGO
:61:090122D000000016357,43NTRF000003387609//180009
PAGO
:61:090122D000000007007,47NTRF000003387309//180009
PAGO
:62M:D090122VEF000029404161,15
-}{5:{CHK:1143FB20924B}}{S:{COP:S}}${1:F21VZCRVECAAXXX5410610696}{4:{177:0404021720}{451:0}}{1:F01VZCRVECAAXXX5410610696}{2:09501717040402VZCRVECAAXXX40812675430404021720N}{3:{108:SCONNECT}}{4:
:20:MI090122
:25:1111111111
:28C:0546/307
:60M:D090122VEF000029404161,15
:61:090122D000000000608,40NTRF000003386909//180009
PAGO
:61:090122D000000001533,82NTRF000003385909//180009
PAGO
:61:090122D000000016007,90NTRF000003385809//180009
PAGO
:61:090122D000000000899,50NTRF000021010387//180009
PAGO
:61:090122D000000001144,50NTRF000021010386//180009
PAGO
:61:090122D000000001199,50NTRF000021010385//180009
PAGO
:61:090122D000000002387,54NTRF000021010384//180009
PAGO
:61:090122D000000000836,23NTRF000021010383//180009
PAGO
:61:090122D000000002000,16NTRF000021010382//180009
PAGO
:62M:D090122VEF000029430778,70
-}{5:{CHK:1143FB20924B}}{S:{COP:S}}${1:F21VZCRVECAAXXX5410610696}{4:{177:0404021720}{451:0}}{1:F01VZCRVECAAXXX5410610696}{2:09501717040402VZCRVECAAXXX40812675430404021720N}{3:{108:SCONNECT}}{4:
:20:MI090122
:25:1111111111
:28C:0546/308
:60M:D090122VEF000029430778,70
:61:090122D000000001107,53NTRF000021010381//180009
PAGO
:61:090122D000000003146,18NTRF000021010380//180009
PAGO
:61:090122D000000001582,28NTRF000021010379//180009
PAGO
:61:090122D000000000164,42NTRF000007935008//180009
PAGO
:61:090122D000000000953,50NTRF000007931240//180009
PAGO
:61:090122D000000000839,15NTRF000007685670//180009
PAGO
:61:090122D000000000560,70NTRF000007639389//180009
PAGO
:61:090122D000000000835,25NTRF000007634176//180009
PAGO
:61:090122D000000000291,00NTRF000007631995//180009
PAGO
:62M:D090122VEF000029440258,71
-}{5:{CHK:1143FB20924B}}{S:{COP:S}}${1:F21VZCRVECAAXXX5410610696}{4:{177:0404021720}{451:0}}{1:F01VZCRVECAAXXX5410610696}{2:09501717040402VZCRVECAAXXX40812675430404021720N}{3:{108:SCONNECT}}{4:
:20:MI090122
:25:1111111111
:28C:0546/309
:60M:D090122VEF000029440258,71
:61:090122D000000000740,75NTRF000007631556//180009
PAGO
:61:090122D000000000458,90NTRF000004990826//180009
PAGO
:61:090122D000000000738,40NTRF000003933636//180009
PAGO
:61:090122D000000001263,85NTRF000000049251//180009
PAGO
:61:090122D000000002132,75NTRF000000049247//180009
PAGO
:61:090122D000000001288,07NTRF000000049246//180009
PAGO
:61:090122D000000001132,88NTRF000000049245//180009
PAGO
:61:090122D000000001819,67NTRF000000049244//180009
PAGO
:61:090122D000000001305,38NTRF000000049243//180009
PAGO
:62M:D090122VEF000029451139,36
-}{5:{CHK:1143FB20924B}}{S:{COP:S}}${1:F21VZCRVECAAXXX5410610696}{4:{177:0404021720}{451:0}}{1:F01VZCRVECAAXXX5410610696}{2:09501717040402VZCRVECAAXXX40812675430404021720N}{3:{108:SCONNECT}}{4:
:20:MI090122
:25:1111111111
:28C:0546/310
:60M:D090122VEF000029451139,36
:61:090122D000000000809,67NTRF000000049242//180009
PAGO
:61:090122D000000001599,43NTRF000000049241//180009
PAGO
:61:090122D000000002843,03NTRF000000049240//180009
PAGO
:61:090122D000000000127,80NTRF000000001571//180009
PAGO
:61:090122D000000002124,75NTRF000000001570//180009
PAGO
:61:090122D000000003900,80NTRF000000001569//180009
PAGO
:61:090122D000000002774,47NTRF000000001568//180009
PAGO
:61:090122D000000001886,26NTRF000000001567//180009
PAGO
:61:090122D000000000273,84NTRF000000001566//180009
PAGO
:62M:D090122VEF000029467479,41
-}{5:{CHK:1143FB20924B}}{S:{COP:S}}${1:F21VZCRVECAAXXX5410610696}{4:{177:0404021720}{451:0}}{1:F01VZCRVECAAXXX5410610696}{2:09501717040402VZCRVECAAXXX40812675430404021720N}{3:{108:SCONNECT}}{4:
:20:MI090122
:25:1111111111
:28C:0546/311
:60M:D090122VEF000029467479,41
:61:090122D000000002075,39NTRF000000001565//180009
PAGO
:61:090122D000000005918,10NTRF000000001564//180009
PAGO
:61:090122D000000000397,07NTRF000000001563//180009
PAGO
:61:090122D000000002964,60NTRF000090067636//180009
PAGO
:61:090122D000000000331,20NTRF000090067635//180009
PAGO
:61:090122D000000005349,60NTRF000090067634//180009
PAGO
:61:090122D000000002100,60NTRF000090067633//180009
PAGO
:61:090122D000000005166,00NTRF000090067632//180009
PAGO
:61:090122D000000003402,00NTRF000090067631//180009
PAGO
:62M:D090122VEF000029495183,97
-}{5:{CHK:1143FB20924B}}{S:{COP:S}}${1:F21VZCRVECAAXXX5410610696}{4:{177:0404021720}{451:0}}{1:F01VZCRVECAAXXX5410610696}{2:09501717040402VZCRVECAAXXX40812675430404021720N}{3:{108:SCONNECT}}{4:
:20:MI090122
:25:1111111111
:28C:0546/312
:60M:D090122VEF000029495183,97
:61:090122D000000001564,20NTRF000090067630//180009
PAGO
:61:090122D000000002899,80NTRF000090067629//180009
PAGO
:61:090122D000000004496,40NTRF000090067628//180009
PAGO
:61:090122D000000004258,80NTRF000090067487//180009
PAGO
:61:090122D000000005119,20NTRF000090067486//180009
PAGO
:61:090122D000000018520,20NTRF000090067485//180009
PAGO
:61:090122D000000003650,40NTRF000090067484//180009
PAGO
:61:090122D000000000759,60NTRF000090067483//180009
PAGO
:61:090122D000000005608,40NTRF000090067482//180009
PAGO
:62M:D090122VEF000029542060,97
-}{5:{CHK:1143FB20924B}}{S:{COP:S}}${1:F21VZCRVECAAXXX5410610696}{4:{177:0404021720}{451:0}}{1:F01VZCRVECAAXXX5410610696}{2:09501717040402VZCRVECAAXXX40812675430404021720N}{3:{108:SCONNECT}}{4:
:20:MI090122
:25:1111111111
:28C:0546/313
:60M:D090122VEF000029542060,97
:61:090122D000000003076,20NTRF000090067481//180009
PAGO
:61:090122D000000001787,40NTRF000090067480//180009
PAGO
:61:090122D000000014326,20NTRF000090067479//180009
PAGO
:61:090122D000000000410,50NTRF000044985532//180009
PAGO
:61:090122D000000002455,68NTRF000044985432//180009
PAGO
:61:090122D000000000333,70NTRF000044985332//180009
PAGO
:61:090122D000000000061,13NTRF000044985232//180009
PAGO
:61:090122D000000000714,28NTRF000044985132//180009
PAGO
:61:090122D000000000215,29NTRF000044985032//180009
PAGO
:62M:D090122VEF000029565441,35
-}{5:{CHK:1143FB20924B}}{S:{COP:S}}${1:F21VZCRVECAAXXX5410610696}{4:{177:0404021720}{451:0}}{1:F01VZCRVECAAXXX5410610696}{2:09501717040402VZCRVECAAXXX40812675430404021720N}{3:{108:SCONNECT}}{4:
:20:MI090122
:25:1111111111
:28C:0546/314
:60M:D090122VEF000029565441,35
:61:090122D000000009819,66NTRF000044984932//180009
PAGO
:61:090122D000000000507,53NTRF000044984832//180009
PAGO
:61:090122D000000006000,00NTRF000044984732//180009
PAGO
:61:090122D000000002663,60NTRF000000699061//180009
PAGO
:61:090122D000000021681,47NTRF000000699060//180009
PAGO
:61:090122D000000001439,17NTRF000000699059//180009
PAGO
:61:090122D000000000550,00NTRF000000699058//180009
PAGO
:61:090122D000000001080,00NTRF000000699057//180009
PAGO
:61:090122D000000000222,00NTRF000000699056//180009
PAGO
:62M:D090122VEF000029609404,78
-}{5:{CHK:1143FB20924B}}{S:{COP:S}}${1:F21VZCRVECAAXXX5410610696}{4:{177:0404021720}{451:0}}{1:F01VZCRVECAAXXX5410610696}{2:09501717040402VZCRVECAAXXX40812675430404021720N}{3:{108:SCONNECT}}{4:
:20:MI090122
:25:1111111111
:28C:0546/315
:60M:D090122VEF000029609404,78
:61:090122D000000000271,50NTRF000000699055//180009
PAGO
:61:090122D000000000137,20NTRF000000699054//180009
PAGO
:61:090122D000000000623,84NTRF000000699053//180009
PAGO
:61:090122D000000000400,00NTRF000075908007//180009
PAGO
:61:090122D000000000035,01NTRF000073794102//180009
PAGO
:61:090122D000000000015,00NTRF000073633027//180009
PAGO
:61:090122D000000000015,00NTRF000073623734//180009
PAGO
:61:090122D000000003411,00NTRF000071702779//180009
PAGO
:61:090122D000000000050,00NTRF000070235176//180009
PAGO
:62M:D090122VEF000029614363,33
-}{5:{CHK:1143FB20924B}}{S:{COP:S}}${1:F21VZCRVECAAXXX5410610696}{4:{177:0404021720}{451:0}}{1:F01VZCRVECAAXXX5410610696}{2:09501717040402VZCRVECAAXXX40812675430404021720N}{3:{108:SCONNECT}}{4:
:20:MI090122
:25:1111111111
:28C:0546/316
:60M:D090122VEF000029614363,33
:61:090122D000000003551,00NTRF000068493070//180009
PAGO
:61:090122D000000000070,00NTRF000068011814//180009
PAGO
:61:090122D000000001700,00NTRF000066679725//180009
PAGO
:61:090122D000000001300,00NTRF000083906838//180009
PAGO
:61:090122D000000000480,00NTRF000083639200//180009
PAGO
:61:090122D000000017000,00NTRF000083572059//180009
PAGO
:61:090122D000000001000,00NTRF000083339300//180009
PAGO
:61:090122D000000010000,00NTRF000083271277//180009
PAGO
:61:090122D000000000212,24NTRF000082963633//180009
PAGO
:62M:D090122VEF000029649676,57
-}{5:{CHK:1143FB20924B}}{S:{COP:S}}${1:F21VZCRVECAAXXX5410610696}{4:{177:0404021720}{451:0}}{1:F01VZCRVECAAXXX5410610696}{2:09501717040402VZCRVECAAXXX40812675430404021720N}{3:{108:SCONNECT}}{4:
:20:MI090122
:25:1111111111
:28C:0546/317
:60M:D090122VEF000029649676,57
:61:090122D000000007525,30NTRF000082851501//180009
PAGO
:61:090122D000000000700,00NTRF000082646150//180009
PAGO
:61:090122D000000003000,00NTRF000082646113//180009
PAGO
:61:090122D000000014000,00NTRF000059330485//180009
PAGO
:61:090122D000000002500,00NTRF000059028707//180009
PAGO
:61:090122D000000000300,00NTRF000058915244//180009
PAGO
:61:090122D000000000900,00NTRF000058678763//180009
PAGO
:61:090122D000000001338,16NTRF000058384378//180009
PAGO
:61:090122D000000002000,00NTRF000058305841//180009
PAGO
:62M:D090122VEF000029681940,03
-}{5:{CHK:1143FB20924B}}{S:{COP:S}}${1:F21VZCRVECAAXXX5410610696}{4:{177:0404021720}{451:0}}{1:F01VZCRVECAAXXX5410610696}{2:09501717040402VZCRVECAAXXX40812675430404021720N}{3:{108:SCONNECT}}{4:
:20:MI090122
:25:1111111111
:28C:0546/318
:60M:D090122VEF000029681940,03
:61:090122D000000001300,00NTRF000058158546//180009
PAGO
:61:090122D000000000100,00NTRF000058119336//180009
PAGO
:61:090122D000000001500,00NTRF000058058127//180009
PAGO
:61:090122D000000002300,00NTRF000031311304//180009
PAGO
:61:090122D000000000100,00NTRF000031304838//180009
PAGO
:61:090122D000000000600,00NTRF000031254764//180009
PAGO
:61:090122D000000002380,00NTRF000030951241//180009
PAGO
:61:090122D000000000250,00NTRF000030727254//180009
PAGO
:61:090122D000000002000,00NTRF000030326116//180009
PAGO
:62M:D090122VEF000029692470,03
-}{5:{CHK:1143FB20924B}}{S:{COP:S}}${1:F21VZCRVECAAXXX5410610696}{4:{177:0404021720}{451:0}}{1:F01VZCRVECAAXXX5410610696}{2:09501717040402VZCRVECAAXXX40812675430404021720N}{3:{108:SCONNECT}}{4:
:20:MI090122
:25:1111111111
:28C:0546/319
:60M:D090122VEF000029692470,03
:61:090122D000000001500,00NTRF000030310331//180009
PAGO
:61:090122D000000000932,00NTRF000030186835//180009
PAGO
:61:090122D000000000900,00NTRF000030028063//180009
PAGO
:61:090122D000000000820,00NTRF000007641056//180009
PAGO
:61:090122D000000000060,00NTRF000007488901//180009
PAGO
:61:090122D000000000500,00NTRF000007486827//180009
PAGO
:61:090122D000000000535,00NTRF000007206191//180009
PAGO
:61:090122D000000000535,00NTRF000007053571//180009
PAGO
:61:090122D000000000110,00NTRF000007045464//180009
PAGO
:62M:D090122VEF000029698362,03
-}{5:{CHK:1143FB20924B}}{S:{COP:S}}${1:F21VZCRVECAAXXX5410610696}{4:{177:0404021720}{451:0}}{1:F01VZCRVECAAXXX5410610696}{2:09501717040402VZCRVECAAXXX40812675430404021720N}{3:{108:SCONNECT}}{4:
:20:MI090122
:25:1111111111
:28C:0546/320
:60M:D090122VEF000029698362,03
:61:090122D000000000400,00NTRF000007029747//180009
PAGO
:61:090122D000000002000,00NTRF000006969423//180009
PAGO
:61:090122D000000000280,00NTRF000006613416//180009
PAGO
:61:090122D000000000150,00NTRF000079001832//180009
PAGO
:61:090122D000000000230,00NTRF000078919149//180009
PAGO
:61:090122D000000002000,00NTRF000078785737//180009
PAGO
:61:090122D000000000200,00NTRF000078082659//180009
PAGO
:61:090122D000000002505,00NTRF000078004896//180009
PAGO
:61:090122D000000000183,00NTRF000077840786//180009
PAGO
:62M:D090122VEF000029706310,03
-}{5:{CHK:1143FB20924B}}{S:{COP:S}}${1:F21VZCRVECAAXXX5410610696}{4:{177:0404021720}{451:0}}{1:F01VZCRVECAAXXX5410610696}{2:09501717040402VZCRVECAAXXX40812675430404021720N}{3:{108:SCONNECT}}{4:
:20:MI090122
:25:1111111111
:28C:0546/321
:60M:D090122VEF000029706310,03
:61:090122D000000001500,00NTRF000077788459//180009
PAGO
:61:090122D000000004240,00NTRF000077084301//180009
PAGO
:61:090122D000000000200,00NTRF000076796526//180009
PAGO
:61:090122D000000000100,00NTRF000049698543//180009
PAGO
:61:090122D000000000800,00NTRF000049223134//180009
PAGO
:61:090122D000000000350,00NTRF000049061455//180009
PAGO
:61:090122D000000001000,00NTRF000048981540//180009
PAGO
:61:090122D000000000070,00NTRF000048768044//180009
PAGO
:61:090122D000000000580,00NTRF000048429057//180009
PAGO
:62M:D090122VEF000029715150,03
-}{5:{CHK:1143FB20924B}}{S:{COP:S}}${1:F21VZCRVECAAXXX5410610696}{4:{177:0404021720}{451:0}}{1:F01VZCRVECAAXXX5410610696}{2:09501717040402VZCRVECAAXXX40812675430404021720N}{3:{108:SCONNECT}}{4:
:20:MI090122
:25:1111111111
:28C:0546/322
:60M:D090122VEF000029715150,03
:61:090122D000000000070,00NTRF000048370517//180009
PAGO
:61:090122D000000001221,00NTRF000048348764//180009
PAGO
:61:090122D000000004100,00NTRF000048224949//180009
PAGO
:61:090122D000000003000,00NTRF000017905399//180009
PAGO
:61:090122D000000000200,00NTRF000017535397//180009
PAGO
:61:090122D000000002950,33NTRF000017114568//180009
PAGO
:61:090122D000000000350,00NTRF000017097381//180009
PAGO
:61:090122D000000000100,00NTRF000016650975//180009
PAGO
:61:090122D000000000060,00NTRF000016213787//180009
PAGO
:62M:D090122VEF000029727201,36
-}{5:{CHK:1143FB20924B}}{S:{COP:S}}${1:F21VZCRVECAAXXX5410610696}{4:{177:0404021720}{451:0}}{1:F01VZCRVECAAXXX5410610696}{2:09501717040402VZCRVECAAXXX40812675430404021720N}{3:{108:SCONNECT}}{4:
:20:MI090122
:25:1111111111
:28C:0546/323
:60M:D090122VEF000029727201,36
:61:090122D000000000210,00NTRF000015702068//180009
PAGO
:61:090122D000000002565,00NTRF000015586895//180009
PAGO
:61:090122D000000000063,00NTRF000015459740//180009
PAGO
:61:090122D000000001635,00NTRF000004000474//180009
PAGO
:61:090122D000000007662,70NTRF000004000473//180009
PAGO
:61:090122D000000000129,40NTRF000004000472//180009
PAGO
:61:090122D000000001360,50NTRF000004000471//180009
PAGO
:61:090122D000000000544,60NTRF000000000248//180009
PAGO
:61:090122D000000003047,33NTRF000000000247//180009
PAGO
:62M:D090122VEF000029744418,89
-}{5:{CHK:1143FB20924B}}{S:{COP:S}}${1:F21VZCRVECAAXXX5410610696}{4:{177:0404021720}{451:0}}{1:F01VZCRVECAAXXX5410610696}{2:09501717040402VZCRVECAAXXX40812675430404021720N}{3:{108:SCONNECT}}{4:
:20:MI090122
:25:1111111111
:28C:0546/324
:60M:D090122VEF000029744418,89
:61:090122D000000001897,50NTRF000000000246//180009
PAGO
:61:090122D000000004921,67NTRF000000000245//180009
PAGO
:61:090122D000000002575,00NTRF000000000244//180009
PAGO
:61:090122D000000000300,00NTRF000084868768//180009
PAGO
:61:090122D000000004000,00NTRF000084783434//180009
PAGO
:61:090122D000000000121,98NTRF000084743596//180009
PAGO
:61:090122D000000000400,00NTRF000084538481//180009
PAGO
:61:090122D000000000225,00NTRF000083590384//180009
PAGO
:61:090122D000000010400,00NTRF000082969281//180009
PAGO
:62M:D090122VEF000029769260,04
-}{5:{CHK:1143FB20924B}}{S:{COP:S}}${1:F21VZCRVECAAXXX5410610696}{4:{177:0404021720}{451:0}}{1:F01VZCRVECAAXXX5410610696}{2:09501717040402VZCRVECAAXXX40812675430404021720N}{3:{108:SCONNECT}}{4:
:20:MI090122
:25:1111111111
:28C:0546/325
:60M:D090122VEF000029769260,04
:61:090122D000000000280,00NTRF000082840523//180009
PAGO
:61:090122D000000001000,00NTRF000082547984//180009
PAGO
:61:090122D000000000500,00NTRF000082485246//180009
PAGO
:61:090122D000000000080,00NTRF000068411532//180009
PAGO
:61:090122D000000000100,00NTRF000068409255//180009
PAGO
:61:090122D000000000205,69NTRF000068259203//180009
PAGO
:61:090122D000000001000,00NTRF000068193271//180009
PAGO
:61:090122D000000001000,00NTRF000068009730//180009
PAGO
:61:090122D000000000100,00NTRF000067994141//180009
PAGO
:62M:D090122VEF000029773525,73
-}{5:{CHK:1143FB20924B}}{S:{COP:S}}${1:F21VZCRVECAAXXX5410610696}{4:{177:0404021720}{451:0}}{1:F01VZCRVECAAXXX5410610696}{2:09501717040402VZCRVECAAXXX40812675430404021720N}{3:{108:SCONNECT}}{4:
:20:MI090122
:25:1111111111
:28C:0546/326
:60M:D090122VEF000029773525,73
:61:090122D000000003741,41NTRF000067714574//180009
PAGO
:61:090122D000000004500,00NTRF000067671982//180009
PAGO
:61:090122D000000003000,00NTRF000067596746//180009
PAGO
:61:090122D000000001000,00NTRF000052748044//180009
PAGO
:61:090122D000000001131,00NTRF000052587367//180009
PAGO
:61:090122D000000000188,00NTRF000052583149//180009
PAGO
:61:090122D000000000300,00NTRF000052423806//180009
PAGO
:61:090122D000000000200,00NTRF000052384086//180009
PAGO
:61:090122D000000000500,00NTRF000052343669//180009
PAGO
:62M:D090122VEF000029788086,14
-}{5:{CHK:1143FB20924B}}{S:{COP:S}}${1:F21VZCRVECAAXXX5410610696}{4:{177:0404021720}{451:0}}{1:F01VZCRVECAAXXX5410610696}{2:09501717040402VZCRVECAAXXX40812675430404021720N}{3:{108:SCONNECT}}{4:
:20:MI090122
:25:1111111111
:28C:0546/327
:60M:D090122VEF000029788086,14
:61:090122D000000000325,00NTRF000052332874//180009
PAGO
:61:090122D000000000450,00NTRF000052331802//180009
PAGO
:61:090122D000000000113,00NTRF000051898118//180009
PAGO
:61:090122D000000002000,00NTRF000037289982//180009
PAGO
:61:090122D000000001008,25NTRF000037165985//180009
PAGO
:61:090122D000000000065,00NTRF000037157409//180009
PAGO
:61:090122D000000000300,00NTRF000036748927//180009
PAGO
:61:090122D000000001000,00NTRF000036713733//180009
PAGO
:61:090122D000000000800,00NTRF000036358198//180009
PAGO
:62M:D090122VEF000029794147,39
-}{5:{CHK:1143FB20924B}}{S:{COP:S}}${1:F21VZCRVECAAXXX5410610696}{4:{177:0404021720}{451:0}}{1:F01VZCRVECAAXXX5410610696}{2:09501717040402VZCRVECAAXXX40812675430404021720N}{3:{108:SCONNECT}}{4:
:20:MI090122
:25:1111111111
:28C:0546/328
:60M:D090122VEF000029794147,39
:61:090122D000000000203,00NTRF000036309461//180009
PAGO
:61:090122D000000002650,00NTRF000036166763//180009
PAGO
:61:090122D000000000745,00NTRF000036134672//180009
PAGO
:61:090122D000000000500,00NTRF000021141831//180009
PAGO
:61:090122D000000000706,80NTRF000020948283//180009
PAGO
:61:090122D000000000800,00NTRF000020868854//180009
PAGO
:61:090122D000000000150,00NTRF000020844587//180009
PAGO
:61:090122D000000001003,00NTRF000020662751//180009
PAGO
:61:090122D000000003030,00NTRF000020629641//180009
PAGO
:62M:D090122VEF000029803935,19
-}{5:{CHK:1143FB20924B}}{S:{COP:S}}${1:F21VZCRVECAAXXX5410610696}{4:{177:0404021720}{451:0}}{1:F01VZCRVECAAXXX5410610696}{2:09501717040402VZCRVECAAXXX40812675430404021720N}{3:{108:SCONNECT}}{4:
:20:MI090122
:25:1111111111
:28C:0546/329
:60M:D090122VEF000029803935,19
:61:090122D000000000300,00NTRF000020603012//180009
PAGO
:61:090122D000000000640,00NTRF000020545127//180009
PAGO
:61:090122D000000003500,00NTRF000020455501//180009
PAGO
:61:090122D000000000200,00NTRF000004515975//180009
PAGO
:61:090122D000000011570,00NTRF000004467752//180009
PAGO
:61:090122D000000000100,00NTRF000004449647//180009
PAGO
:61:090122D000000000100,00NTRF000004400301//180009
PAGO
:61:090122D000000002000,00NTRF000004396827//180009
PAGO
:61:090122D000000000070,00NTRF000004246447//180009
PAGO
:62M:D090122VEF000029822415,19
-}{5:{CHK:1143FB20924B}}{S:{COP:S}}${1:F21VZCRVECAAXXX5410610696}{4:{177:0404021720}{451:0}}{1:F01VZCRVECAAXXX5410610696}{2:09501717040402VZCRVECAAXXX40812675430404021720N}{3:{108:SCONNECT}}{4:
:20:MI090122
:25:1111111111
:28C:0546/330
:60M:D090122VEF000029822415,19
:61:090122D000000001700,00NTRF000004223530//180009
PAGO
:61:090122D000000002617,29NTRF000004192345//180009
PAGO
:61:090122D000000000150,00NTRF000004128133//180009
PAGO
:61:090122D000000000400,00NTRF000084025912//180009
PAGO
:61:090122D000000000600,00NTRF000083847040//180009
PAGO
:61:090122D000000000040,00NTRF000083800901//180009
PAGO
:61:090122D000000000390,00NTRF000083737371//180009
PAGO
:61:090122D000000000204,38NTRF000083641949//180009
PAGO
:61:090122D000000000250,00NTRF000083535099//180009
PAGO
:62M:D090122VEF000029828766,86
-}{5:{CHK:1143FB20924B}}{S:{COP:S}}${1:F21VZCRVECAAXXX5410610696}{4:{177:0404021720}{451:0}}{1:F01VZCRVECAAXXX5410610696}{2:09501717040402VZCRVECAAXXX40812675430404021720N}{3:{108:SCONNECT}}{4:
:20:MI090122
:25:1111111111
:28C:0546/331
:60M:D090122VEF000029828766,86
:61:090122D000000000358,93NTRF000083527633//180009
PAGO
:61:090122D000000000100,00NTRF000083195723//180009
PAGO
:61:090122D000000000300,00NTRF000083122100//180009
PAGO
:61:090122D000000022000,00NTRF000059503306//180009
PAGO
:61:090122D000000000250,00NTRF000059371397//180009
PAGO
:61:090122D000000000250,00NTRF000059328397//180009
PAGO
:61:090122D000000000250,00NTRF000059238397//180009
PAGO
:61:090122D000000000100,00NTRF000059018253//180009
PAGO
:61:090122D000000000500,00NTRF000058906213//180009
PAGO
:62M:D090122VEF000029852875,79
-}{5:{CHK:1143FB20924B}}{S:{COP:S}}${1:F21VZCRVECAAXXX5410610696}{4:{177:0404021720}{451:0}}{1:F01VZCRVECAAXXX5410610696}{2:09501717040402VZCRVECAAXXX40812675430404021720N}{3:{108:SCONNECT}}{4:
:20:MI090122
:25:1111111111
:28C:0546/332
:60M:D090122VEF000029852875,79
:61:090122D000000001178,00NTRF000058474845//180009
PAGO
:61:090122D000000001500,00NTRF000058320902//180009
PAGO
:61:090122D000000001000,00NTRF000058255434//180009
PAGO
:61:090122D000000000720,00NTRF000034874408//180009
PAGO
:61:090122D000000001000,00NTRF000034827700//180009
PAGO
:61:090122D000000002867,00NTRF000034540255//180009
PAGO
:61:090122D000000000050,00NTRF000034160704//180009
PAGO
:61:090122D000000000420,00NTRF000034116849//180009
PAGO
:61:090122D000000000150,00NTRF000033916775//180009
PAGO
:62M:D090122VEF000029861760,79
-}{5:{CHK:1143FB20924B}}{S:{COP:S}}${1:F21VZCRVECAAXXX5410610696}{4:{177:0404021720}{451:0}}{1:F01VZCRVECAAXXX5410610696}{2:09501717040402VZCRVECAAXXX40812675430404021720N}{3:{108:SCONNECT}}{4:
:20:MI090122
:25:1111111111
:28C:0546/333
:60M:D090122VEF000029861760,79
:61:090122D000000000500,00NTRF000033661797//180009
PAGO
:61:090122D000000003000,00NTRF000033604185//180009
PAGO
:61:090122D000000003000,00NTRF000033545185//180009
PAGO
:61:090122D000000001000,00NTRF000010174349//180009
PAGO
:61:090122D000000000910,00NTRF000009783803//180009
PAGO
:61:090122D000000000051,00NTRF000009503035//180009
PAGO
:61:090122D000000000056,41NTRF000009473892//180009
PAGO
:61:090122D000000001000,00NTRF000008982002//180009
PAGO
:61:090122D000000000500,00NTRF000008721008//180009
PAGO
:62M:D090122VEF000029871778,20
-}{5:{CHK:1143FB20924B}}{S:{COP:S}}${1:F21VZCRVECAAXXX5410610696}{4:{177:0404021720}{451:0}}{1:F01VZCRVECAAXXX5410610696}{2:09501717040402VZCRVECAAXXX40812675430404021720N}{3:{108:SCONNECT}}{4:
:20:MI090122
:25:1111111111
:28C:0546/334
:60M:D090122VEF000029871778,20
:61:090122D000000001000,00NTRF000008530303//180009
PAGO
:61:090122D000000001000,00NTRF000008504303//180009
PAGO
:61:090122D000000000420,00NTRF000008044823//180009
PAGO
:61:090122D000000027209,15NTRF000003385509//180009
PAGO
:61:090122D000000003408,50NTRF000003385409//180009
PAGO
:61:090122D000000001022,55NTRF000003385309//180009
PAGO
:61:090122D000000003067,64NTRF000003385209//180009
PAGO
:61:090122D000000000842,10NTRF000003385109//180009
PAGO
:61:090122D000000000421,05NTRF000003385009//180009
PAGO
:62M:D090122VEF000029910169,19
-}{5:{CHK:1143FB20924B}}{S:{COP:S}}${1:F21VZCRVECAAXXX5410610696}{4:{177:0404021720}{451:0}}{1:F01VZCRVECAAXXX5410610696}{2:09501717040402VZCRVECAAXXX40812675430404021720N}{3:{108:SCONNECT}}{4:
:20:MI090122
:25:1111111111
:28C:0546/335
:60M:D090122VEF000029910169,19
:61:090122D000000000511,27NTRF000003384909//180009
PAGO
:61:090122D000000077133,49NTRF000003384709//180009
PAGO
:61:090122D000000057097,86NTRF000003382609//180009
PAGO
:61:090122D000000001846,10NTRF000021010378//180009
PAGO
:61:090122D000000001099,50NTRF000021010377//180009
PAGO
:61:090122D000000007199,50NTRF000021010376//180009
PAGO
:61:090122D000000001499,50NTRF000021010375//180009
PAGO
:61:090122D000000000599,50NTRF000021010374//180009
PAGO
:61:090122D000000001249,50NTRF000021010373//180009
PAGO
:62M:D090122VEF000030058405,41
-}{5:{CHK:1143FB20924B}}{S:{COP:S}}${1:F21VZCRVECAAXXX5410610696}{4:{177:0404021720}{451:0}}{1:F01VZCRVECAAXXX5410610696}{2:09501717040402VZCRVECAAXXX40812675430404021720N}{3:{108:SCONNECT}}{4:
:20:MI090122
:25:1111111111
:28C:0546/336
:60M:D090122VEF000030058405,41
:61:090122D000000000699,50NTRF000021010372//180009
PAGO
:61:090122D000000001799,50NTRF000021010371//180009
PAGO
:61:090122D000000000998,50NTRF000021010370//180009
PAGO
:61:090122D000000000456,75NTRF000003467334//180009
PAGO
:61:090122D000000000132,74NTRF000000049555//180009
PAGO
:61:090122D000000000312,16NTRF000000049554//180009
PAGO
:61:090122D000000000140,27NTRF000000049553//180009
PAGO
:61:090122D000000000343,82NTRF000000049552//180009
PAGO
:61:090122D000000000315,03NTRF000000049551//180009
PAGO
:62M:D090122VEF000030063603,68
-}{5:{CHK:1143FB20924B}}{S:{COP:S}}${1:F21VZCRVECAAXXX5410610696}{4:{177:0404021720}{451:0}}{1:F01VZCRVECAAXXX5410610696}{2:09501717040402VZCRVECAAXXX40812675430404021720N}{3:{108:SCONNECT}}{4:
:20:MI090122
:25:1111111111
:28C:0546/337
:60M:D090122VEF000030063603,68
:61:090122D000000000229,61NTRF000000049549//180009
PAGO
:61:090122D000000000332,00NTRF000000049548//180009
PAGO
:61:090122D000000000445,26NTRF000000049547//180009
PAGO
:61:090122D000000001595,88NTRF000000049239//180009
PAGO
:61:090122D000000001389,15NTRF000000049238//180009
PAGO
:61:090122D000000001978,02NTRF000000049237//180009
PAGO
:61:090122D000000001927,59NTRF000000049236//180009
PAGO
:61:090122D000000000796,45NTRF000000049235//180009
PAGO
:61:090122D000000001425,97NTRF000000049234//180009
PAGO
:62M:D090122VEF000030073723,61
-}{5:{CHK:1143FB20924B}}{S:{COP:S}}${1:F21VZCRVECAAXXX5410610696}{4:{177:0404021720}{451:0}}{1:F01VZCRVECAAXXX5410610696}{2:09501717040402VZCRVECAAXXX40812675430404021720N}{3:{108:SCONNECT}}{4:
:20:MI090122
:25:1111111111
:28C:0546/338
:60M:D090122VEF000030073723,61
:61:090122D000000001018,70NTRF000000049233//180009
PAGO
:61:090122D000000000615,98NTRF000000049232//180009
PAGO
:61:090122D000000000244,09NTRF000000049231//180009
PAGO
:61:090122D000000001187,54NTRF000000001562//180009
PAGO
:61:090122D000000002671,48NTRF000000001561//180009
PAGO
:61:090122D000000000547,68NTRF000000001560//180009
PAGO
:61:090122D000000000273,84NTRF000000001559//180009
PAGO
:61:090122D000000000079,55NTRF000000001558//180009
PAGO
:61:090122D000000001958,85NTRF000000001557//180009
PAGO
:62M:D090122VEF000030082321,32
-}{5:{CHK:1143FB20924B}}{S:{COP:S}}${1:F21VZCRVECAAXXX5410610696}{4:{177:0404021720}{451:0}}{1:F01VZCRVECAAXXX5410610696}{2:09501717040402VZCRVECAAXXX40812675430404021720N}{3:{108:SCONNECT}}{4:
:20:MI090122
:25:1111111111
:28C:0546/339
:60M:D090122VEF000030082321,32
:61:090122D000000002050,35NTRF000000001556//180009
PAGO
:61:090122D000000007257,68NTRF000000001555//180009
PAGO
:61:090122D000000000408,88NTRF000000001554//180009
PAGO
:61:090122D000000005234,40NTRF000090067627//180009
PAGO
:61:090122D000000001355,40NTRF000090067626//180009
PAGO
:61:090122D000000022594,75NTRF000090067625//180009
PAGO
:61:090122D000000001071,00NTRF000090067624//180009
PAGO
:61:090122D000000002748,00NTRF000090067623//180009
PAGO
:61:090122D000000005180,00NTRF000090067622//180009
PAGO
:62M:D090122VEF000030130221,78
-}{5:{CHK:1143FB20924B}}{S:{COP:S}}${1:F21VZCRVECAAXXX5410610696}{4:{177:0404021720}{451:0}}{1:F01VZCRVECAAXXX5410610696}{2:09501717040402VZCRVECAAXXX40812675430404021720N}{3:{108:SCONNECT}}{4:
:20:MI090122
:25:1111111111
:28C:0546/340
:60M:D090122VEF000030130221,78
:61:090122D000000007137,00NTRF000090067621//180009
PAGO
:61:090122D000000003684,60NTRF000090067620//180009
PAGO
:61:090122D000000002876,40NTRF000090067619//180009
PAGO
:61:090122D000000004269,60NTRF000090067478//180009
PAGO
:61:090122D000000008145,00NTRF000090067477//180009
PAGO
:61:090122D000000005076,00NTRF000090067476//180009
PAGO
:61:090122D000000035859,60NTRF000090067475//180009
PAGO
:61:090122D000000004770,00NTRF000090067474//180009
PAGO
:61:090122D000000002908,80NTRF000090067473//180009
PAGO
:62M:D090122VEF000030204948,78
-}{5:{CHK:1143FB20924B}}{S:{COP:S}}${1:F21VZCRVECAAXXX5410610696}{4:{177:0404021720}{451:0}}{1:F01VZCRVECAAXXX5410610696}{2:09501717040402VZCRVECAAXXX40812675430404021720N}{3:{108:SCONNECT}}{4:
:20:MI090122
:25:1111111111
:28C:0546/341
:60M:D090122VEF000030204948,78
:61:090122D000000001231,20NTRF000090067472//180009
PAGO
:61:090122D000000052853,40NTRF000090067471//180009
PAGO
:61:090122D000000000927,00NTRF000090067470//180009
PAGO
:61:090122D000000000277,68NTRF000044983632//180009
PAGO
:61:090122D000000000385,38NTRF000044983532//180009
PAGO
:61:090122D000000000247,48NTRF000044982432//180009
PAGO
:61:090122D000000000308,56NTRF000044982332//180009
PAGO
:61:090122D000000000248,58NTRF000044982232//180009
PAGO
:61:090122D000000000080,04NTRF000044982132//180009
PAGO
:62M:D090122VEF000030261508,10
-}{5:{CHK:1143FB20924B}}{S:{COP:S}}${1:F21VZCRVECAAXXX5410610696}{4:{177:0404021720}{451:0}}{1:F01VZCRVECAAXXX5410610696}{2:09501717040402VZCRVECAAXXX40812675430404021720N}{3:{108:SCONNECT}}{4:
:20:MI090122
:25:1111111111
:28C:0546/342
:60M:D090122VEF000030261508,10
:61:090122D000000000426,28NTRF000044982032//180009
PAGO
:61:090122D000000000254,50NTRF000044980732//180009
PAGO
:61:090122D000000000394,25NTRF000044980632//180009
PAGO
:61:090122D000000000340,00NTRF000000699051//180009
PAGO
:61:090122D000000004500,00NTRF000000699050//180009
PAGO
:61:090122D000000000214,74NTRF000000699049//180009
PAGO
:61:090122D000000000526,39NTRF000000699047//180009
PAGO
:61:090122D000000000241,67NTRF000000699046//180009
PAGO
:61:090122D000000000448,98NTRF000000699045//180009
PAGO
:62M:D090122VEF000030268854,91
-}{5:{CHK:1143FB20924B}}{S:{COP:S}}${1:F21VZCRVECAAXXX5410610696}{4:{177:0404021720}{451:0}}{1:F01VZCRVECAAXXX5410610696}{2:09501717040402VZCRVECAAXXX40812675430404021720N}{3:{108:SCONNECT}}{4:
:20:MI090122
:25:1111111111
:28C:0546/343
:60M:D090122VEF000030268854,91
:61:090122D000000000150,00NTRF000000699042//180009
PAGO
:61:090122D000000000063,07NTRF000000699041//180009
PAGO
:61:090122D000000000247,53NTRF000000699040//180009
PAGO
:61:090122D000000001317,00NTRF000064474490//180009
PAGO
:61:090122D000000000600,00NTRF000063310378//180009
PAGO
:61:090122D000000300000,00NTRF000062784218//180009
PAGO
:61:090122D000000003725,50NTRF000060380623//180009
PAGO
:61:090122D000000000115,00NTRF000060285626//180009
PAGO
:61:090122D000000000200,00NTRF000060028315//180009
PAGO
:62M:D090122VEF000030575273,01
-}{5:{CHK:1143FB20924B}}{S:{COP:S}}${1:F21VZCRVECAAXXX5410610696}{4:{177:0404021720}{451:0}}{1:F01VZCRVECAAXXX5410610696}{2:09501717040402VZCRVECAAXXX40812675430404021720N}{3:{108:SCONNECT}}{4:
:20:MI090122
:25:1111111111
:28C:0546/344
:60M:D090122VEF000030575273,01
:61:090122D000000000050,00NTRF000059099429//180009
PAGO
:61:090122D000000000500,00NTRF000057784202//180009
PAGO
:61:090122D000000000400,00NTRF000057359239//180009
PAGO
:61:090122D000000000160,00NTRF000082588186//180009
PAGO
:61:090122D000000010000,00NTRF000082544786//180009
PAGO
:61:090122D000000001610,00NTRF000082259774//180009
PAGO
:61:090122D000000000200,00NTRF000082247737//180009
PAGO
:61:090122D000000000100,00NTRF000082222753//180009
PAGO
:61:090122D000000000700,00NTRF000082110120//180009
PAGO
:62M:D090122VEF000030588993,01
-}{5:{CHK:1143FB20924B}}{S:{COP:S}}${1:F21VZCRVECAAXXX5410610696}{4:{177:0404021720}{451:0}}{1:F01VZCRVECAAXXX5410610696}{2:09501717040402VZCRVECAAXXX40812675430404021720N}{3:{108:SCONNECT}}{4:
:20:MI090122
:25:1111111111
:28C:0546/345
:60M:D090122VEF000030588993,01
:61:090122D000000001300,00NTRF000081860650//180009
PAGO
:61:090122D000000000250,00NTRF000081792788//180009
PAGO
:61:090122D000000000375,57NTRF000081620001//180009
PAGO
:61:090122D000000014146,00NTRF000058054145//180009
PAGO
:61:090122D000000001300,00NTRF000057936576//180009
PAGO
:61:090122D000000000200,00NTRF000057639968//180009
PAGO
:61:090122D000000001150,00NTRF000056934084//180009
PAGO
:61:090122D000000000300,00NTRF000056739541//180009
PAGO
:61:090122D000000000253,00NTRF000056639144//180009
PAGO
:62M:D090122VEF000030608267,58
-}{5:{CHK:1143FB20924B}}{S:{COP:S}}${1:F21VZCRVECAAXXX5410610696}{4:{177:0404021720}{451:0}}{1:F01VZCRVECAAXXX5410610696}{2:09501717040402VZCRVECAAXXX40812675430404021720N}{3:{108:SCONNECT}}{4:
:20:MI090122
:25:1111111111
:28C:0546/346
:60M:D090122VEF000030608267,58
:61:090122D000000000254,00NTRF000056555673//180009
PAGO
:61:090122D000000000500,00NTRF000056234218//180009
PAGO
:61:090122D000000000550,00NTRF000055732619//180009
PAGO
:61:090122D000000000800,00NTRF000029953027//180009
PAGO
:61:090122D000000004538,91NTRF000029801255//180009
PAGO
:61:090122D000000000300,00NTRF000029776153//180009
PAGO
:61:090122D000000002000,00NTRF000029767285//180009
PAGO
:61:090122D000000000299,70NTRF000029671451//180009
PAGO
:61:090122D000000001500,00NTRF000029355658//180009
PAGO
:62M:D090122VEF000030619010,19
-}{5:{CHK:1143FB20924B}}{S:{COP:S}}${1:F21VZCRVECAAXXX5410610696}{4:{177:0404021720}{451:0}}{1:F01VZCRVECAAXXX5410610696}{2:09501717040402VZCRVECAAXXX40812675430404021720N}{3:{108:SCONNECT}}{4:
:20:MI090122
:25:1111111111
:28C:0546/347
:60M:D090122VEF000030619010,19
:61:090122D000000003000,00NTRF000029354810//180009
PAGO
:61:090122D000000000245,00NTRF000029210042//180009
PAGO
:61:090122D000000000195,00NTRF000027954322//180009
PAGO
:61:090122D000000000760,00NTRF000006057692//180009
PAGO
:61:090122D000000000320,00NTRF000004719527//180009
PAGO
:61:090122D000000000500,00NTRF000004647521//180009
PAGO
:61:090122D000000000800,00NTRF000004438939//180009
PAGO
:61:090122D000000013500,00NTRF000004402217//180009
PAGO
:61:090122D000000000662,00NTRF000004083485//180009
PAGO
:62M:D090122VEF000030638992,19
-}{5:{CHK:1143FB20924B}}{S:{COP:S}}${1:F21VZCRVECAAXXX5410610696}{4:{177:0404021720}{451:0}}{1:F01VZCRVECAAXXX5410610696}{2:09501717040402VZCRVECAAXXX40812675430404021720N}{3:{108:SCONNECT}}{4:
:20:MI090122
:25:1111111111
:28C:0546/348
:60M:D090122VEF000030638992,19
:61:090122D000000000137,50NTRF000003949375//180009
PAGO
:61:090122D000000000600,00NTRF000003837700//180009
PAGO
:61:090122D000000000800,00NTRF000003795149//180009
PAGO
:61:090122D000000000200,00NTRF000076743526//180009
PAGO
:61:090122D000000000800,00NTRF000076692298//180009
PAGO
:61:090122D000000000265,00NTRF000076300768//180009
PAGO
:61:090122D000000005000,00NTRF000076238651//180009
PAGO
:61:090122D000000000055,00NTRF000075739818//180009
PAGO
:61:090122D000000003000,00NTRF000075584705//180009
PAGO
:62M:D090122VEF000030649849,69
-}{5:{CHK:1143FB20924B}}{S:{COP:S}}${1:F21VZCRVECAAXXX5410610696}{4:{177:0404021720}{451:0}}{1:F01VZCRVECAAXXX5410610696}{2:09501717040402VZCRVECAAXXX40812675430404021720N}{3:{108:SCONNECT}}{4:
:20:MI090122
:25:1111111111
:28C:0546/349
:60M:D090122VEF000030649849,69
:61:090122D000000000500,00NTRF000075456289//180009
PAGO
:61:090122D000000000200,00NTRF000074913726//180009
PAGO
:61:090122D000000000361,00NTRF000074647569//180009
PAGO
:61:090122D000000000120,00NTRF000048166933//180009
PAGO
:61:090122D000000000500,00NTRF000047703107//180009
PAGO
:61:090122D000000000500,00NTRF000047683107//180009
PAGO
:61:090122D000000008290,00NTRF000047649001//180009
PAGO
:61:090122D000000001000,00NTRF000047591186//180009
PAGO
:61:090122D000000000100,00NTRF000047539730//180009
PAGO
:62M:D090122VEF000030661420,69
-}{5:{CHK:1143FB20924B}}{S:{COP:S}}${1:F21VZCRVECAAXXX5410610696}{4:{177:0404021720}{451:0}}{1:F01VZCRVECAAXXX5410610696}{2:09501717040402VZCRVECAAXXX40812675430404021720N}{3:{108:SCONNECT}}{4:
:20:MI090122
:25:1111111111
:28C:0546/350
:60M:D090122VEF000030661420,69
:61:090122D000000000201,03NTRF000047369217//180009
PAGO
:61:090122D000000000720,26NTRF000046856536//180009
PAGO
:61:090122D000000000250,00NTRF000045372629//180009
PAGO
:61:090122D000000000360,00NTRF000014321429//180009
PAGO
:61:090122D000000001500,00NTRF000014147584//180009
PAGO
:61:090122D000000007000,00NTRF000013584014//180009
PAGO
:61:090122D000000000215,00NTRF000013557963//180009
PAGO
:61:090122D000000004500,00NTRF000013437433//180009
PAGO
:61:090122D000000000275,00NTRF000013177039//180009
PAGO
:62M:D090122VEF000030676441,98
-}{5:{CHK:1143FB20924B}}{S:{COP:S}}${1:F21VZCRVECAAXXX5410610696}{4:{177:0404021720}{451:0}}{1:F01VZCRVECAAXXX5410610696}{2:09501717040402VZCRVECAAXXX40812675430404021720N}{3:{108:SCONNECT}}{4:
:20:MI090122
:25:1111111111
:28C:0546/351
:60M:D090122VEF000030676441,98
:61:090122D000000000109,00NTRF000013126107//180009
PAGO
:61:090122D000000000010,00NTRF000012768194//180009
PAGO
:61:090122D000000000516,20NTRF000012629424//180009
PAGO
:61:090122D000000000550,00NTRF000000000243//180009
PAGO
:61:090122D000000000759,00NTRF000000000242//180009
PAGO
:61:090122D000000002523,69NTRF000000000241//180009
PAGO
:61:090122D000000001426,70NTRF000099665522//180009
PAGO
:61:090122D000000000400,00NTRF000099295059//180009
PAGO
:61:090122D000000000900,00NTRF000099214297//180009
PAGO
:62M:D090122VEF000030683636,57
-}{5:{CHK:1143FB20924B}}{S:{COP:S}}${1:F21VZCRVECAAXXX5410610696}{4:{177:0404021720}{451:0}}{1:F01VZCRVECAAXXX5410610696}{2:09501717040402VZCRVECAAXXX40812675430404021720N}{3:{108:SCONNECT}}{4:
:20:MI090122
:25:1111111111
:28C:0546/352
:60M:D090122VEF000030683636,57
:61:090122D000000000524,30NTRF000099102740//180009
PAGO
:61:090122D000000000200,00NTRF000099028129//180009
PAGO
:61:090122D000000001680,00NTRF000098806353//180009
PAGO
:61:090122D000000000990,00NTRF000082213874//180009
PAGO
:61:090122D000000000383,00NTRF000082185831//180009
PAGO
:61:090122D000000020000,00NTRF000082175075//180009
PAGO
:61:090122D000000000210,00NTRF000082139486//180009
PAGO
:61:090122D000000000836,03NTRF000082134078//180009
PAGO
:61:090122D000000000140,00NTRF000081806447//180009
PAGO
:62M:D090122VEF000030708599,90
-}{5:{CHK:1143FB20924B}}{S:{COP:S}}${1:F21VZCRVECAAXXX5410610696}{4:{177:0404021720}{451:0}}{1:F01VZCRVECAAXXX5410610696}{2:09501717040402VZCRVECAAXXX40812675430404021720N}{3:{108:SCONNECT}}{4:
:20:MI090122
:25:1111111111
:28C:0546/353
:60M:D090122VEF000030708599,90
:61:090122D000000010096,25NTRF000081414915//180009
PAGO
:61:090122D000000000966,80NTRF000081381082//180009
PAGO
:61:090122D000000000200,00NTRF000081309805//180009
PAGO
:61:090122D000000000352,00NTRF000067574639//180009
PAGO
:61:090122D000000000900,00NTRF000067536129//180009
PAGO
:61:090122D000000000180,00NTRF000067524306//180009
PAGO
:61:090122D000000001000,00NTRF000067476138//180009
PAGO
:61:090122D000000000400,00NTRF000067306587//180009
PAGO
:61:090122D000000000470,00NTRF000066980131//180009
PAGO
:62M:D090122VEF000030723164,95
-}{5:{CHK:1143FB20924B}}{S:{COP:S}}${1:F21VZCRVECAAXXX5410610696}{4:{177:0404021720}{451:0}}{1:F01VZCRVECAAXXX5410610696}{2:09501717040402VZCRVECAAXXX40812675430404021720N}{3:{108:SCONNECT}}{4:
:20:MI090122
:25:1111111111
:28C:0546/354
:60M:D090122VEF000030723164,95
:61:090122D000000004060,00NTRF000066915602//180009
PAGO
:61:090122D000000000210,44NTRF000066905394//180009
PAGO
:61:090122D000000000790,00NTRF000066757033//180009
PAGO
:61:090122D000000000500,00NTRF000051750569//180009
PAGO
:61:090122D000000000025,00NTRF000051704372//180009
PAGO
:61:090122D000000000871,76NTRF000051657941//180009
PAGO
:61:090122D000000000350,00NTRF000051656651//180009
PAGO
:61:090122D000000001200,00NTRF000051581520//180009
PAGO
:61:090122D000000000290,00NTRF000051517475//180009
PAGO
:62M:D090122VEF000030731462,15
-}{5:{CHK:1143FB20924B}}{S:{COP:S}}${1:F21VZCRVECAAXXX5410610696}{4:{177:0404021720}{451:0}}{1:F01VZCRVECAAXXX5410610696}{2:09501717040402VZCRVECAAXXX40812675430404021720N}{3:{108:SCONNECT}}{4:
:20:MI090122
:25:1111111111
:28C:0546/355
:60M:D090122VEF000030731462,15
:61:090122D000000002500,00NTRF000051456393//180009
PAGO
:61:090122D000000006000,00NTRF000051402281//180009
PAGO
:61:090122D000000000477,32NTRF000051372466//180009
PAGO
:61:090122D000000002424,00NTRF000036127173//180009
PAGO
:61:090122D000000001020,00NTRF000035934556//180009
PAGO
:61:090122D000000000150,00NTRF000035739419//180009
PAGO
:61:090122D000000000356,00NTRF000035532596//180009
PAGO
:61:090122D000000000600,00NTRF000035378907//180009
PAGO
:61:090122D000000000126,00NTRF000035339031//180009
PAGO
:62M:D090122VEF000030745115,47
-}{5:{CHK:1143FB20924B}}{S:{COP:S}}${1:F21VZCRVECAAXXX5410610696}{4:{177:0404021720}{451:0}}{1:F01VZCRVECAAXXX5410610696}{2:09501717040402VZCRVECAAXXX40812675430404021720N}{3:{108:SCONNECT}}{4:
:20:MI090122
:25:1111111111
:28C:0546/356
:60M:D090122VEF000030745115,47
:61:090122D000000000197,00NTRF000035086574//180009
PAGO
:61:090122D000000000750,00NTRF000034960203//180009
PAGO
:61:090122D000000010071,62NTRF000034725729//180009
PAGO
:61:090122D000000001200,00NTRF000020178114//180009
PAGO
:61:090122D000000000100,00NTRF000019945155//180009
PAGO
:61:090122D000000000200,00NTRF000019829066//180009
PAGO
:61:090122D000000000600,00NTRF000019698766//180009
PAGO
:61:090122D000000000248,21NTRF000019639458//180009
PAGO
:61:090122D000000000250,00NTRF000019621477//180009
PAGO
:62M:D090122VEF000030758732,30
-}{5:{CHK:1143FB20924B}}{S:{COP:S}}${1:F21VZCRVECAAXXX5410610696}{4:{177:0404021720}{451:0}}{1:F01VZCRVECAAXXX5410610696}{2:09501717040402VZCRVECAAXXX40812675430404021720N}{3:{108:SCONNECT}}{4:
:20:MI090122
:25:1111111111
:28C:0546/357
:60M:D090122VEF000030758732,30
:61:090122D000000004000,00NTRF000019344607//180009
PAGO
:61:090122D000000002000,00NTRF000019232583//180009
PAGO
:61:090122D000000001300,00NTRF000019176370//180009
PAGO
:61:090122D000000045000,00NTRF000004104092//180009
PAGO
:61:090122D000000001500,00NTRF000004100831//180009
PAGO
:61:090122D000000001000,00NTRF000004098553//180009
PAGO
:61:090122D000000000688,65NTRF000003641463//180009
PAGO
:61:090122D000000009000,00NTRF000003637590//180009
PAGO
:61:090122D000000000400,00NTRF000003379242//180009
PAGO
:62M:D090122VEF000030823620,95
-}{5:{CHK:1143FB20924B}}{S:{COP:S}}${1:F21VZCRVECAAXXX5410610696}{4:{177:0404021720}{451:0}}{1:F01VZCRVECAAXXX5410610696}{2:09501717040402VZCRVECAAXXX40812675430404021720N}{3:{108:SCONNECT}}{4:
:20:MI090122
:25:1111111111
:28C:0546/358
:60M:D090122VEF000030823620,95
:61:090122D000000000500,00NTRF000003278937//180009
PAGO
:61:090122D000000000500,00NTRF000002835504//180009
PAGO
:61:090122D000000021800,00NTRF000002590347//180009
PAGO
:61:090122D000000000200,00NTRF000082479861//180009
PAGO
:61:090122D000000000100,00NTRF000082447630//180009
PAGO
:61:090122D000000000100,00NTRF000082315058//180009
PAGO
:61:090122D000000000200,00NTRF000082291407//180009
PAGO
:61:090122D000000000200,00NTRF000082014282//180009
PAGO
:61:090122D000000000100,00NTRF000081588219//180009
PAGO
:62M:D090122VEF000030847320,95
-}{5:{CHK:1143FB20924B}}{S:{COP:S}}${1:F21VZCRVECAAXXX5410610696}{4:{177:0404021720}{451:0}}{1:F01VZCRVECAAXXX5410610696}{2:09501717040402VZCRVECAAXXX40812675430404021720N}{3:{108:SCONNECT}}{4:
:20:MI090122
:25:1111111111
:28C:0546/359
:60M:D090122VEF000030847320,95
:61:090122D000000000940,00NTRF000081155668//180009
PAGO
:61:090122D000000000100,00NTRF000080380633//180009
PAGO
:61:090122D000000000100,00NTRF000080339633//180009
PAGO
:61:090122D000000000243,99NTRF000058224466//180009
PAGO
:61:090122D000000000713,80NTRF000058159698//180009
PAGO
:61:090122D000000000500,00NTRF000058155718//180009
PAGO
:61:090122D000000000500,00NTRF000058123718//180009
PAGO
:61:090122D000000000500,00NTRF000058095718//180009
PAGO
:61:090122D000000000145,00NTRF000058019126//180009
PAGO
:62M:D090122VEF000030851063,74
-}{5:{CHK:1143FB20924B}}{S:{COP:S}}${1:F21VZCRVECAAXXX5410610696}{4:{177:0404021720}{451:0}}{1:F01VZCRVECAAXXX5410610696}{2:09501717040402VZCRVECAAXXX40812675430404021720N}{3:{108:SCONNECT}}{4:
:20:MI090122
:25:1111111111
:28C:0546/360
:60M:D090122VEF000030851063,74
:61:090122D000000000600,00NTRF000057998615//180009
PAGO
:61:090122D000000001740,00NTRF000056975476//180009
PAGO
:61:090122D000000000284,00NTRF000056883253//180009
PAGO
:61:090122D000000000800,00NTRF000033150698//180009
PAGO
:61:090122D000000000240,00NTRF000033106379//180009
PAGO
:61:090122D000000000150,00NTRF000033072924//180009
PAGO
:61:090122D000000000200,00NTRF000032990690//180009
PAGO
:61:090122D000000002000,00NTRF000032737937//180009
PAGO
:61:090122D000000000150,00NTRF000032708993//180009
PAGO
:62M:D090122VEF000030857227,74
-}{5:{CHK:1143FB20924B}}{S:{COP:S}}${1:F21VZCRVECAAXXX5410610696}{4:{177:0404021720}{451:0}}{1:F01VZCRVECAAXXX5410610696}{2:09501717040402VZCRVECAAXXX40812675430404021720N}{3:{108:SCONNECT}}{4:
:20:MI090122
:25:1111111111
:28C:0546/361
:60M:D090122VEF000030857227,74
:61:090122D000000000200,00NTRF000032631804//180009
PAGO
:61:090122D000000000200,00NTRF000032123180//180009
PAGO
:61:090122D000000001500,00NTRF000032095395//180009
PAGO
:61:090122D000000000400,00NTRF000007861489//180009
PAGO
:61:090122D000000000150,00NTRF000007842347//180009
PAGO
:61:090122D000000000250,00NTRF000007778131//180009
PAGO
:61:090122D000000000142,00NTRF000007717776//180009
PAGO
:61:090122D000000000150,00NTRF000007603168//180009
PAGO
:61:090122D000000000115,00NTRF000007455743//180009
PAGO
:62M:D090122VEF000030860334,74
-}{5:{CHK:1143FB20924B}}{S:{COP:S}}${1:F21VZCRVECAAXXX5410610696}{4:{177:0404021720}{451:0}}{1:F01VZCRVECAAXXX5410610696}{2:09501717040402VZCRVECAAXXX40812675430404021720N}{3:{108:SCONNECT}}{4:
:20:MI090122
:25:1111111111
:28C:0546/362
:60M:D090122VEF000030860334,74
:61:090122D000000001000,00NTRF000007022677//180009
PAGO
:61:090122D000000001000,00NTRF000006834329//180009
PAGO
:61:090122D000000000150,00NTRF000005594741//180009
PAGO
:61:090122D000000025321,14NTRF000003378309//180009
PAGO
:61:090122D000000009221,99NTRF000003378109//180009
PAGO
:61:090122D000000001175,58NTRF000003377909//180009
PAGO
:61:090122D000000009000,00NTRF000000080394//180009
PAGO
:61:090122D000000136217,52NTRF000000080393//180009
PAGO
:61:090122D000000431871,75NTRF000000080392//180009
PAGO
:62M:D090122VEF000031475292,72
-}{5:{CHK:1143FB20924B}}{S:{COP:S}}${1:F21VZCRVECAAXXX5410610696}{4:{177:0404021720}{451:0}}{1:F01VZCRVECAAXXX5410610696}{2:09501717040402VZCRVECAAXXX40812675430404021720N}{3:{108:SCONNECT}}{4:
:20:MI090122
:25:1111111111
:28C:0546/363
:60M:D090122VEF000031475292,72
:61:090122D000000133487,41NTRF000000080391//180009
PAGO
:61:090122D000001074294,31NTRF000000080390//180009
PAGO
:61:090122D000000673413,72NTRF000000080389//180009
PAGO
:61:090122D000000001373,00NTRF000021010369//180009
PAGO
:61:090122D000000000424,94NTRF000021010368//180009
PAGO
:61:090122D000000000999,50NTRF000021010367//180009
PAGO
:61:090122D000000001449,50NTRF000021010366//180009
PAGO
:61:090122D000000001299,50NTRF000021010365//180009
PAGO
:61:090122D000000001029,50NTRF000021010364//180009
PAGO
:62M:D090122VEF000033363064,10
-}{5:{CHK:1143FB20924B}}{S:{COP:S}}${1:F21VZCRVECAAXXX5410610696}{4:{177:0404021720}{451:0}}{1:F01VZCRVECAAXXX5410610696}{2:09501717040402VZCRVECAAXXX40812675430404021720N}{3:{108:SCONNECT}}{4:
:20:MI090122
:25:1111111111
:28C:0546/364
:60M:D090122VEF000033363064,10
:61:090122D000000000999,50NTRF000021010363//180009
PAGO
:61:090122D000000001299,50NTRF000021010362//180009
PAGO
:61:090122D000000000299,50NTRF000021010361//180009
PAGO
:61:090122D000000000218,19NTRF000000049544//180009
PAGO
:61:090122D000000000222,92NTRF000000049543//180009
PAGO
:61:090122D000000000256,01NTRF000000049542//180009
PAGO
:61:090122D000000000073,91NTRF000000049541//180009
PAGO
:61:090122D000000000041,80NTRF000000049540//180009
PAGO
:61:090122D000000000157,51NTRF000000049539//180009
PAGO
:62M:D090122VEF000033366632,94
-}{5:{CHK:1143FB20924B}}{S:{COP:S}}${1:F21VZCRVECAAXXX5410610696}{4:{177:0404021720}{451:0}}{1:F01VZCRVECAAXXX5410610696}{2:09501717040402VZCRVECAAXXX40812675430404021720N}{3:{108:SCONNECT}}{4:
:20:MI090122
:25:1111111111
:28C:0546/365
:60M:D090122VEF000033366632,94
:61:090122D000000000318,19NTRF000000049538//180009
PAGO
:61:090122D000000000480,37NTRF000000049537//180009
PAGO
:61:090122D000000000315,31NTRF000000049536//180009
PAGO
:61:090122D000000004400,45NTRF000000049230//180009
PAGO
:61:090122D000000001627,55NTRF000000049229//180009
PAGO
:61:090122D000000001284,70NTRF000000049228//180009
PAGO
:61:090122D000000003119,54NTRF000000049227//180009
PAGO
:61:090122D000000001904,60NTRF000000049226//180009
PAGO
:61:090122D000000002216,80NTRF000000049225//180009
PAGO
:62M:D090122VEF000033382300,45
-}{5:{CHK:1143FB20924B}}{S:{COP:S}}${1:F21VZCRVECAAXXX5410610696}{4:{177:0404021720}{451:0}}{1:F01VZCRVECAAXXX5410610696}{2:09501717040402VZCRVECAAXXX40812675430404021720N}{3:{108:SCONNECT}}{4:
:20:MI090122
:25:1111111111
:28C:0546/366
:60M:D090122VEF000033382300,45
:61:090122D000000001344,80NTRF000000049224//180009
PAGO
:61:090122D000000003159,34NTRF000000049223//180009
PAGO
:61:090122D000000001627,19NTRF000000049222//180009
PAGO
:61:090122D000000008017,47NTRF000000001553//180009
PAGO
:61:090122D000000000063,90NTRF000000001552//180009
PAGO
:61:090122D000000001095,36NTRF000000001551//180009
PAGO
:61:090122D000000000620,94NTRF000000001550//180009
PAGO
:61:090122D000000002713,86NTRF000000001549//180009
PAGO
:61:090122D000000008815,62NTRF000000001548//180009
PAGO
:62M:D090122VEF000033409758,93
-}{5:{CHK:1143FB20924B}}{S:{COP:S}}${1:F21VZCRVECAAXXX5410610696}{4:{177:0404021720}{451:0}}{1:F01VZCRVECAAXXX5410610696}{2:09501717040402VZCRVECAAXXX40812675430404021720N}{3:{108:SCONNECT}}{4:
:20:MI090122
:25:1111111111
:28C:0546/367
:60M:D090122VEF000033409758,93
:61:090122D000000014622,89NTRF000000001547//180009
PAGO
:61:090122D000000000473,93NTRF000000001546//180009
PAGO
:61:090122D000000002507,61NTRF000000001545//180009
PAGO
:61:090122D000000003439,80NTRF000090067618//180009
PAGO
:61:090122D000000004447,80NTRF000090067617//180009
PAGO
:61:090122D000000000647,50NTRF000090067616//180009
PAGO
:61:090122D000000000732,44NTRF000090067615//180009
PAGO
:61:090122D000000009836,78NTRF000090067614//180009
PAGO
:61:090122D000000003490,73NTRF000090067613//180009
PAGO
:62M:D090122VEF000033449958,41
-}{5:{CHK:1143FB20924B}}{S:{COP:S}}${1:F21VZCRVECAAXXX5410610696}{4:{177:0404021720}{451:0}}{1:F01VZCRVECAAXXX5410610696}{2:09501717040402VZCRVECAAXXX40812675430404021720N}{3:{108:SCONNECT}}{4:
:20:MI090122
:25:1111111111
:28C:0546/368
:60M:D090122VEF000033449958,41
:61:090122D000000007366,79NTRF000090067612//180009
PAGO
:61:090122D000000005842,80NTRF000090067611//180009
PAGO
:61:090122D000000006026,40NTRF000090067610//180009
PAGO
:61:090122D000000005680,80NTRF000090067469//180009
PAGO
:61:090122D000000004968,00NTRF000090067468//180009
PAGO
:61:090122D000000007655,40NTRF000090067467//180009
PAGO
:61:090122D000000009160,20NTRF000090067466//180009
PAGO
:61:090122D000000001776,60NTRF000090067465//180009
PAGO
:61:090122D000000015436,14NTRF000090067464//180009
PAGO
:62M:D090122VEF000033513871,54
-}{5:{CHK:1143FB20924B}}{S:{COP:S}}${1:F21VZCRVECAAXXX5410610696}{4:{177:0404021720}{451:0}}{1:F01VZCRVECAAXXX5410610696}{2:09501717040402VZCRVECAAXXX40812675430404021720N}{3:{108:SCONNECT}}{4:
:20:MI090122
:25:1111111111
:28C:0546/369
:60M:D090122VEF000033513871,54
:61:090122D000000002361,60NTRF000090067463//180009
PAGO
:61:090122D000000003369,60NTRF000090067462//180009
PAGO
:61:090122D000000005373,00NTRF000090067461//180009
PAGO
:61:090122D000000000110,01NTRF000044980532//180009
PAGO
:61:090122D000000000075,70NTRF000044980432//180009
PAGO
:61:090122D000000000344,92NTRF000044979532//180009
PAGO
:61:090122D000000000041,52NTRF000044979432//180009
PAGO
:61:090122D000000000927,96NTRF000044979332//180009
PAGO
:61:090122D000000000106,92NTRF000044978632//180009
PAGO
:62M:D090122VEF000033526582,77
-}{5:{CHK:1143FB20924B}}{S:{COP:S}}${1:F21VZCRVECAAXXX5410610696}{4:{177:0404021720}{451:0}}{1:F01VZCRVECAAXXX5410610696}{2:09501717040402VZCRVECAAXXX40812675430404021720N}{3:{108:SCONNECT}}{4:
:20:MI090122
:25:1111111111
:28C:0546/370
:60M:D090122VEF000033526582,77
:61:090122D000000000065,74NTRF000044977432//180009
PAGO
:61:090122D000000000253,84NTRF000044977332//180009
PAGO
:61:090122D000000000211,47NTRF000044977232//180009
PAGO
:61:090122D000000002125,00NTRF000000699038//180009
PAGO
:61:090122D000000001011,60NTRF000000699037//180009
PAGO
:61:090122D000000000053,10NTRF000000699036//180009
PAGO
:61:090122D000000002935,00NTRF000000699035//180009
PAGO
:61:090122D000000000149,60NTRF000000699034//180009
PAGO
:61:090122D000000000369,92NTRF000000699033//180009
PAGO
:62M:D090122VEF000033533758,04
-}{5:{CHK:1143FB20924B}}{S:{COP:S}}${1:F21VZCRVECAAXXX5410610696}{4:{177:0404021720}{451:0}}{1:F01VZCRVECAAXXX5410610696}{2:09501717040402VZCRVECAAXXX40812675430404021720N}{3:{108:SCONNECT}}{4:
:20:MI090122
:25:1111111111
:28C:0546/371
:60M:D090122VEF000033533758,04
:61:090122D000000000762,50NTRF000000699032//180009
PAGO
:61:090122D000000000235,00NTRF000000699031//180009
PAGO
:61:090122D000000000046,00NTRF000000699027//180009
PAGO
:61:090122D000000000900,00NTRF000057249578//180009
PAGO
:61:090122D000000000270,00NTRF000055382879//180009
PAGO
:61:090122D000000000500,00NTRF000054400778//180009
PAGO
:61:090122D000000000600,00NTRF000052951065//180009
PAGO
:61:090122D000000000795,00NTRF000052753253//180009
PAGO
:61:090122D000000000100,00NTRF000052160009//180009
PAGO
:62M:D090122VEF000033537966,54
-}{5:{CHK:1143FB20924B}}{S:{COP:S}}${1:F21VZCRVECAAXXX5410610696}{4:{177:0404021720}{451:0}}{1:F01VZCRVECAAXXX5410610696}{2:09501717040402VZCRVECAAXXX40812675430404021720N}{3:{108:SCONNECT}}{4:
:20:MI090122
:25:1111111111
:28C:0546/372
:60M:D090122VEF000033537966,54
:61:090122D000000000500,00NTRF000052129543//180009
PAGO
:61:090122D000000000100,01NTRF000051485831//180009
PAGO
:61:090122D000000000665,00NTRF000050051471//180009
PAGO
:61:090122D000000005000,00NTRF000081348695//180009
PAGO
:61:090122D000000000300,00NTRF000081033291//180009
PAGO
:61:090122D000000000300,00NTRF000080525738//180009
PAGO
:61:090122D000000000200,00NTRF000080376445//180009
PAGO
:61:090122D000000003600,00NTRF000080256260//180009
PAGO
:61:090122D000000001000,00NTRF000079970162//180009
PAGO
:62M:D090122VEF000033549631,55
-}{5:{CHK:1143FB20924B}}{S:{COP:S}}${1:F21VZCRVECAAXXX5410610696}{4:{177:0404021720}{451:0}}{1:F01VZCRVECAAXXX5410610696}{2:09501717040402VZCRVECAAXXX40812675430404021720N}{3:{108:SCONNECT}}{4:
:20:MI090122
:25:1111111111
:28C:0546/373
:60M:D090122VEF000033549631,55
:61:090122D000000000700,00NTRF000079770131//180009
PAGO
:61:090122D000000001385,27NTRF000079559435//180009
PAGO
:61:090122D000000000300,00NTRF000079380663//180009
PAGO
:61:090122D000000001200,00NTRF000055646960//180009
PAGO
:61:090122D000000000080,00NTRF000055317670//180009
PAGO
:61:090122D000000000047,68NTRF000055219744//180009
PAGO
:61:090122D000000013000,00NTRF000055132873//180009
PAGO
:61:090122D000000001000,00NTRF000055028122//180009
PAGO
:61:090122D000000000500,00NTRF000054272416//180009
PAGO
:62M:D090122VEF000033567844,50
-}{5:{CHK:1143FB20924B}}{S:{COP:S}}${1:F21VZCRVECAAXXX5410610696}{4:{177:0404021720}{451:0}}{1:F01VZCRVECAAXXX5410610696}{2:09501717040402VZCRVECAAXXX40812675430404021720N}{3:{108:SCONNECT}}{4:
:20:MI090122
:25:1111111111
:28C:0546/374
:60M:D090122VEF000033567844,50
:61:090122D000000000400,00NTRF000054153630//180009
PAGO
:61:090122D000000001000,00NTRF000053921456//180009
PAGO
:61:090122D000000002000,00NTRF000053741642//180009
PAGO
:61:090122D000000000500,00NTRF000029142207//180009
PAGO
:61:090122D000000000600,00NTRF000029101912//180009
PAGO
:61:090122D000000000150,00NTRF000029075678//180009
PAGO
:61:090122D000000003240,00NTRF000029061096//180009
PAGO
:61:090122D000000000010,00NTRF000028588752//180009
PAGO
:61:090122D000000000686,00NTRF000028191485//180009
PAGO
:62M:D090122VEF000033576430,50
-}{5:{CHK:1143FB20924B}}{S:{COP:S}}${1:F21VZCRVECAAXXX5410610696}{4:{177:0404021720}{451:0}}{1:F01VZCRVECAAXXX5410610696}{2:09501717040402VZCRVECAAXXX40812675430404021720N}{3:{108:SCONNECT}}{4:
:20:MI090122
:25:1111111111
:28C:0546/375
:60M:D090122VEF000033576430,50
:61:090122D000000000200,00NTRF000028084970//180009
PAGO
:61:090122D000000002700,00NTRF000027985566//180009
PAGO
:61:090122D000000000550,00NTRF000027969379//180009
PAGO
:61:090122D000000003600,00NTRF000003505662//180009
PAGO
:61:090122D000000000100,00NTRF000003267924//180009
PAGO
:61:090122D000000005000,00NTRF000003049963//180009
PAGO
:61:090122D000000000050,00NTRF000002840729//180009
PAGO
:61:090122D000000006800,00NTRF000002713050//180009
PAGO
:61:090122D000000003045,81NTRF000002680373//180009
PAGO
:62M:D090122VEF000033598476,31
-}{5:{CHK:1143FB20924B}}{S:{COP:S}}${1:F21VZCRVECAAXXX5410610696}{4:{177:0404021720}{451:0}}{1:F01VZCRVECAAXXX5410610696}{2:09501717040402VZCRVECAAXXX40812675430404021720N}{3:{108:SCONNECT}}{4:
:20:MI090122
:25:1111111111
:28C:0546/376
:60M:D090122VEF000033598476,31
:61:090122D000000000300,00NTRF000002337437//180009
PAGO
:61:090122D000000000660,00NTRF000002169526//180009
PAGO
:61:090122D000000003500,00NTRF000001872726//180009
PAGO
:61:090122D000000000065,00NTRF000074584244//180009
PAGO
:61:090122D000000007000,00NTRF000074445048//180009
PAGO
:61:090122D000000000040,00NTRF000074440821//180009
PAGO
:61:090122D000000000500,00NTRF000073989441//180009
PAGO
:61:090122D000000001000,00NTRF000073954219//180009
PAGO
:61:090122D000000000500,00NTRF000073662110//180009
PAGO
:62M:D090122VEF000033612041,31
-}{5:{CHK:1143FB20924B}}{S:{COP:S}}${1:F21VZCRVECAAXXX5410610696}{4:{177:0404021720}{451:0}}{1:F01VZCRVECAAXXX5410610696}{2:09501717040402VZCRVECAAXXX40812675430404021720N}{3:{108:SCONNECT}}{4:
:20:MI090122
:25:1111111111
:28C:0546/377
:60M:D090122VEF000033612041,31
:61:090122D000000000100,00NTRF000073599724//180009
PAGO
:61:090122D000000000108,23NTRF000073049480//180009
PAGO
:61:090122D000000000500,00NTRF000072734843//180009
PAGO
:61:090122D000000000400,00NTRF000045093198//180009
PAGO
:61:090122D000000000100,00NTRF000045085353//180009
PAGO
:61:090122D000000000100,00NTRF000045062353//180009
PAGO
:61:090122D000000000100,00NTRF000045038353//180009
PAGO
:61:090122D000000007500,00NTRF000044765709//180009
PAGO
:61:090122D000000001222,00NTRF000044712442//180009
PAGO
:62M:D090122VEF000033622171,54
-}{5:{CHK:1143FB20924B}}{S:{COP:S}}${1:F21VZCRVECAAXXX5410610696}{4:{177:0404021720}{451:0}}{1:F01VZCRVECAAXXX5410610696}{2:09501717040402VZCRVECAAXXX40812675430404021720N}{3:{108:SCONNECT}}{4:
:20:MI090122
:25:1111111111
:28C:0546/378
:60M:D090122VEF000033622171,54
:61:090122D000000000100,00NTRF000044568378//180009
PAGO
:61:090122D000000000500,00NTRF000043929494//180009
PAGO
:61:090122D000000000500,00NTRF000043886494//180009
PAGO
:61:090122D000000000150,00NTRF000012299051//180009
PAGO
:61:090122D000000004200,00NTRF000012185456//180009
PAGO
:61:090122D000000000160,00NTRF000012105269//180009
PAGO
:61:090122D000000000060,00NTRF000011466288//180009
PAGO
:61:090122D000000000060,00NTRF000011437288//180009
PAGO
:61:090122D000000000100,00NTRF000011402179//180009
PAGO
:62M:D090122VEF000033628001,54
-}{5:{CHK:1143FB20924B}}{S:{COP:S}}${1:F21VZCRVECAAXXX5410610696}{4:{177:0404021720}{451:0}}{1:F01VZCRVECAAXXX5410610696}{2:09501717040402VZCRVECAAXXX40812675430404021720N}{3:{108:SCONNECT}}{4:
:20:MI090122
:25:1111111111
:28C:0546/379
:60M:D090122VEF000033628001,54
:61:090122D000000005360,00NTRF000011391007//180009
PAGO
:61:090122D000000006000,00NTRF000011086086//180009
PAGO
:61:090122D000000006000,00NTRF000011006086//180009
PAGO
:61:090122D000002500000,00NTRF000052614542//180009
PAGO
:61:090122D000000050000,00NTRF000090006694//180009
PAGO
:61:090122D000000001399,38NTRF000045022432//180009
PAGO
:61:090122D000000000167,00NTRF000045022332//180009
PAGO
:61:090122D000000000353,81NTRF000045022232//180009
PAGO
:61:090122D000000000192,39NTRF000045022132//180009
PAGO
:62M:D090122VEF000036197474,12
-}{5:{CHK:1143FB20924B}}{S:{COP:S}}${1:F21VZCRVECAAXXX5410610696}{4:{177:0404021720}{451:0}}{1:F01VZCRVECAAXXX5410610696}{2:09501717040402VZCRVECAAXXX40812675430404021720N}{3:{108:SCONNECT}}{4:
:20:MI090122
:25:1111111111
:28C:0546/380
:60M:D090122VEF000036197474,12
:61:090122D000000000293,59NTRF000045022032//180009
PAGO
:61:090122D000000000062,20NTRF000045021932//180009
PAGO
:61:090122D000000000231,00NTRF000045021832//180009
PAGO
:61:090122D000000000140,00NTRF000098786332//180009
PAGO
:61:090122D000000001800,00NTRF000098777395//180009
PAGO
:61:090122D000000007500,00NTRF000098748869//180009
PAGO
:61:090122D000000005590,00NTRF000098731327//180009
PAGO
:61:090122D000000000410,00NTRF000098638896//180009
PAGO
:61:090122D000000002500,00NTRF000098624649//180009
PAGO
:62M:D090122VEF000036216000,91
-}{5:{CHK:1143FB20924B}}{S:{COP:S}}${1:F21VZCRVECAAXXX5410610696}{4:{177:0404021720}{451:0}}{1:F01VZCRVECAAXXX5410610696}{2:09501717040402VZCRVECAAXXX40812675430404021720N}{3:{108:SCONNECT}}{4:
:20:MI090122
:25:1111111111
:28C:0546/381
:60M:D090122VEF000036216000,91
:61:090122D000000000306,78NTRF000098494215//180009
PAGO
:61:090122D000000001130,00NTRF000098481393//180009
PAGO
:61:090122D000000000108,25NTRF000098432568//180009
PAGO
:61:090122D000000000750,00NTRF000081134551//180009
PAGO
:61:090122D000000009794,30NTRF000081070408//180009
PAGO
:61:090122D000000000580,00NTRF000080979878//180009
PAGO
:61:090122D000000000100,00NTRF000080583462//180009
PAGO
:61:090122D000000000256,31NTRF000080536331//180009
PAGO
:61:090122D000000000200,00NTRF000080191833//180009
PAGO
:62M:D090122VEF000036229226,55
-}{5:{CHK:1143FB20924B}}{S:{COP:S}}${1:F21VZCRVECAAXXX5410610696}{4:{177:0404021720}{451:0}}{1:F01VZCRVECAAXXX5410610696}{2:09501717040402VZCRVECAAXXX40812675430404021720N}{3:{108:SCONNECT}}{4:
:20:MI090122
:25:1111111111
:28C:0546/382
:60M:D090122VEF000036229226,55
:61:090122D000000001500,00NTRF000080136135//180009
PAGO
:61:090122D000000001303,00NTRF000079675956//180009
PAGO
:61:090122D000000003800,00NTRF000079443353//180009
PAGO
:61:090122D000000000350,00NTRF000066708144//180009
PAGO
:61:090122D000000000050,00NTRF000066695617//180009
PAGO
:61:090122D000000000254,00NTRF000066621983//180009
PAGO
:61:090122D000000007500,00NTRF000066580921//180009
PAGO
:61:090122D000000000200,00NTRF000066552186//180009
PAGO
:61:090122D000000002500,00NTRF000066452985//180009
PAGO
:62M:D090122VEF000036246683,55
-}{5:{CHK:1143FB20924B}}{S:{COP:S}}${1:F21VZCRVECAAXXX5410610696}{4:{177:0404021720}{451:0}}{1:F01VZCRVECAAXXX5410610696}{2:09501717040402VZCRVECAAXXX40812675430404021720N}{3:{108:SCONNECT}}{4:
:20:MI090122
:25:1111111111
:28C:0546/383
:60M:D090122VEF000036246683,55
:61:090122D000000001000,00NTRF000066301127//180009
PAGO
:61:090122D000000000764,00NTRF000066253625//180009
PAGO
:61:090122D000000001000,00NTRF000066194737//180009
PAGO
:61:090122D000000000185,00NTRF000051362958//180009
PAGO
:61:090122D000000000950,00NTRF000051297342//180009
PAGO
:61:090122D000000000595,82NTRF000051206885//180009
PAGO
:61:090122D000000000356,59NTRF000051092462//180009
PAGO
:61:090122D000000000500,00NTRF000051020607//180009
PAGO
:61:090122D000000001900,00NTRF000050817162//180009
PAGO
:62M:D090122VEF000036253934,96
-}{5:{CHK:1143FB20924B}}{S:{COP:S}}${1:F21VZCRVECAAXXX5410610696}{4:{177:0404021720}{451:0}}{1:F01VZCRVECAAXXX5410610696}{2:09501717040402VZCRVECAAXXX40812675430404021720N}{3:{108:SCONNECT}}{4:
:20:MI090122
:25:1111111111
:28C:0546/384
:60M:D090122VEF000036253934,96
:61:090122D000000001300,00NTRF000050760800//180009
PAGO
:61:090122D000000004500,00NTRF000050528074//180009
PAGO
:61:090122D000000010200,00NTRF000050472260//180009
PAGO
:61:090122D000000000520,00NTRF000034579786//180009
PAGO
:61:090122D000000000090,00NTRF000034512046//180009
PAGO
:61:090122D000000001000,00NTRF000034367679//180009
PAGO
:61:090122D000000000295,00NTRF000034270623//180009
PAGO
:61:090122D000000010464,00NTRF000034255995//180009
PAGO
:61:090122D000000013000,00NTRF000034067609//180009
PAGO
:62M:D090122VEF000036295303,96
-}{5:{CHK:1143FB20924B}}{S:{COP:S}}${1:F21VZCRVECAAXXX5410610696}{4:{177:0404021720}{451:0}}{1:F01VZCRVECAAXXX5410610696}{2:09501717040402VZCRVECAAXXX40812675430404021720N}{3:{108:SCONNECT}}{4:
:20:MI090122
:25:1111111111
:28C:0546/385
:60M:D090122VEF000036295303,96
:61:090122D000000000100,00NTRF000033837369//180009
PAGO
:61:090122D000000000400,00NTRF000033757654//180009
PAGO
:61:090122D000000004000,00NTRF000033688911//180009
PAGO
:61:090122D000000000200,00NTRF000019137253//180009
PAGO
:61:090122D000000000278,02NTRF000018842234//180009
PAGO
:61:090122D000000000065,00NTRF000018696538//180009
PAGO
:61:090122D000000002800,00NTRF000018588752//180009
PAGO
:61:090122D000000000200,00NTRF000018585207//180009
PAGO
:61:090122D000000000230,00NTRF000018422406//180009
PAGO
:62M:D090122VEF000036303576,98
-}{5:{CHK:1143FB20924B}}{S:{COP:S}}${1:F21VZCRVECAAXXX5410610696}{4:{177:0404021720}{451:0}}{1:F01VZCRVECAAXXX5410610696}{2:09501717040402VZCRVECAAXXX40812675430404021720N}{3:{108:SCONNECT}}{4:
:20:MI090122
:25:1111111111
:28C:0546/386
:60M:D090122VEF000036303576,98
:61:090122D000000001200,00NTRF000018370611//180009
PAGO
:61:090122D000000000172,88NTRF000018183803//180009
PAGO
:61:090122D000000000260,00NTRF000018130311//180009
PAGO
:61:090122D000000005735,00NTRF000002516043//180009
PAGO
:61:090122D000000000100,00NTRF000002501905//180009
PAGO
:61:090122D000000001500,00NTRF000002493470//180009
PAGO
:61:090122D000000000200,00NTRF000002460721//180009
PAGO
:61:090122D000000000005,00NTRF000002383053//180009
PAGO
:61:090122D000000000207,72NTRF000002263892//180009
PAGO
:62M:D090122VEF000036312957,58
-}{5:{CHK:1143FB20924B}}{S:{COP:S}}${1:F21VZCRVECAAXXX5410610696}{4:{177:0404021720}{451:0}}{1:F01VZCRVECAAXXX5410610696}{2:09501717040402VZCRVECAAXXX40812675430404021720N}{3:{108:SCONNECT}}{4:
:20:MI090122
:25:1111111111
:28C:0546/387
:60M:D090122VEF000036312957,58
:61:090122D000000000670,00NTRF000002199165//180009
PAGO
:61:090122D000000001222,00NTRF000002081075//180009
PAGO
:61:090122D000000001000,00NTRF000002031853//180009
PAGO
:61:090122D000000000100,00NTRF000080304633//180009
PAGO
:61:090122D000000000150,00NTRF000080192217//180009
PAGO
:61:090122D000000000300,00NTRF000079930508//180009
PAGO
:61:090122D000000000150,00NTRF000079802217//180009
PAGO
:61:090122D000000000500,00NTRF000079574497//180009
PAGO
:61:090122D000000001100,00NTRF000079556749//180009
PAGO
:62M:D090122VEF000036318149,58
-}{5:{CHK:1143FB20924B}}{S:{COP:S}}${1:F21VZCRVECAAXXX5410610696}{4:{177:0404021720}{451:0}}{1:F01VZCRVECAAXXX5410610696}{2:09501717040402VZCRVECAAXXX40812675430404021720N}{3:{108:SCONNECT}}{4:
:20:MI090122
:25:1111111111
:28C:0546/388
:60M:D090122VEF000036318149,58
:61:090122D000000000500,00NTRF000079023284//180009
PAGO
:61:090122D000000001000,00NTRF000078769651//180009
PAGO
:61:090122D000000000080,00NTRF000078760350//180009
PAGO
:61:090122D000000000211,38NTRF000056830872//180009
PAGO
:61:090122D000000000200,00NTRF000056498178//180009
PAGO
:61:090122D000000001000,00NTRF000056204249//180009
PAGO
:61:090122D000000000500,00NTRF000056159724//180009
PAGO
:61:090122D000000000500,00NTRF000056111724//180009
PAGO
:61:090122D000000000500,00NTRF000055951724//180009
PAGO
:62M:D090122VEF000036322640,96
-}{5:{CHK:1143FB20924B}}{S:{COP:S}}${1:F21VZCRVECAAXXX5410610696}{4:{177:0404021720}{451:0}}{1:F01VZCRVECAAXXX5410610696}{2:09501717040402VZCRVECAAXXX40812675430404021720N}{3:{108:SCONNECT}}{4:
:20:MI090122
:25:1111111111
:28C:0546/389
:60M:D090122VEF000036322640,96
:61:090122D000000000250,00NTRF000055945658//180009
PAGO
:61:090122D000000000500,00NTRF000055916724//180009
PAGO
:61:090122D000000001024,00NTRF000055900207//180009
PAGO
:61:090122D000000001500,00NTRF000032044395//180009
PAGO
:61:090122D000000000300,00NTRF000031982953//180009
PAGO
:61:090122D000000000380,00NTRF000031891039//180009
PAGO
:61:090122D000000000025,00NTRF000031786037//180009
PAGO
:61:090122D000000000250,00NTRF000031686358//180009
PAGO
:61:090122D000000000050,00NTRF000031447860//180009
PAGO
:62M:D090122VEF000036326919,96
-}{5:{CHK:1143FB20924B}}{S:{COP:S}}${1:F21VZCRVECAAXXX5410610696}{4:{177:0404021720}{451:0}}{1:F01VZCRVECAAXXX5410610696}{2:09501717040402VZCRVECAAXXX40812675430404021720N}{3:{108:SCONNECT}}{4:
:20:MI090122
:25:1111111111
:28C:0546/390
:60M:D090122VEF000036326919,96
:61:090122D000000000180,00NTRF000031110690//180009
PAGO
:61:090122D000000000210,00NTRF000031036918//180009
PAGO
:61:090122D000000000150,00NTRF000030930906//180009
PAGO
:61:090122D000000000100,00NTRF000006771005//180009
PAGO
:61:090122D000000005000,00NTRF000006573878//180009
PAGO
:61:090122D000000000150,00NTRF000006533879//180009
PAGO
:61:090122D000000000090,00NTRF000006525633//180009
PAGO
:61:090122D000000000150,00NTRF000006522571//180009
PAGO
:61:090122D000000000149,00NTRF000006336330//180009
PAGO
:62M:D090122VEF000036333098,96
-}{5:{CHK:1143FB20924B}}{S:{COP:S}}${1:F21VZCRVECAAXXX5410610696}{4:{177:0404021720}{451:0}}{1:F01VZCRVECAAXXX5410610696}{2:09501717040402VZCRVECAAXXX40812675430404021720N}{3:{108:SCONNECT}}{4:
:20:MI090122
:25:1111111111
:28C:0546/391
:60M:D090122VEF000036333098,96
:61:090122D000000000100,00NTRF000006238481//180009
PAGO
:61:090122D000000000860,00NTRF000005748857//180009
PAGO
:61:090122D000000000500,00NTRF000005639970//180009
PAGO
:61:090122D000000307395,15NTRF000000080388//180009
PAGO
:61:090122D000000448825,42NTRF000000080387//180009
PAGO
:61:090122D000001175284,18NTRF000000080386//180009
PAGO
:61:090122D000001976423,18NTRF000000080385//180009
PAGO
:61:090122D000000078477,01NTRF000000080384//180009
PAGO
:61:090122D000000224775,42NTRF000000080383//180009
PAGO
:62M:D090122VEF000040545739,32
-}{5:{CHK:1143FB20924B}}{S:{COP:S}}${1:F21VZCRVECAAXXX5410610696}{4:{177:0404021720}{451:0}}{1:F01VZCRVECAAXXX5410610696}{2:09501717040402VZCRVECAAXXX40812675430404021720N}{3:{108:SCONNECT}}{4:
:20:MI090122
:25:1111111111
:28C:0546/392
:60M:D090122VEF000040545739,32
:61:090122D000000018210,40NTRF000000080381//180009
PAGO
:61:090122D000000003591,84NTRF000000080380//180009
PAGO
:61:090122D000000142756,65NTRF000000080379//180009
PAGO
:61:090122D000000002899,50NTRF000021010360//180009
PAGO
:61:090122D000000001932,50NTRF000021010359//180009
PAGO
:61:090122D000000000699,50NTRF000021010358//180009
PAGO
:61:090122D000000001699,50NTRF000021010357//180009
PAGO
:61:090122D000000000567,50NTRF000021010356//180009
PAGO
:61:090122D000000000679,50NTRF000021010355//180009
PAGO
:62M:D090122VEF000040718776,21
-}{5:{CHK:1143FB20924B}}{S:{COP:S}}${1:F21VZCRVECAAXXX5410610696}{4:{177:0404021720}{451:0}}{1:F01VZCRVECAAXXX5410610696}{2:09501717040402VZCRVECAAXXX40812675430404021720N}{3:{108:SCONNECT}}{4:
:20:MI090122
:25:1111111111
:28C:0546/393
:60M:D090122VEF000040718776,21
:61:090122D000000000619,50NTRF000021010354//180009
PAGO
:61:090122D000000002499,50NTRF000021010353//180009
PAGO
:61:090122D000000001399,50NTRF000021010352//180009
PAGO
:61:090122D000000000189,45NTRF000000049535//180009
PAGO
:61:090122D000000000265,59NTRF000000049534//180009
PAGO
:61:090122D000000000255,14NTRF000000049533//180009
PAGO
:61:090122D000000000434,01NTRF000000049532//180009
PAGO
:61:090122D000000000519,04NTRF000000049531//180009
PAGO
:61:090122D000000000251,79NTRF000000049530//180009
PAGO
:62M:D090122VEF000040725209,73
-}{5:{CHK:1143FB20924B}}{S:{COP:S}}${1:F21VZCRVECAAXXX5410610696}{4:{177:0404021720}{451:0}}{1:F01VZCRVECAAXXX5410610696}{2:09501717040402VZCRVECAAXXX40812675430404021720N}{3:{108:SCONNECT}}{4:
:20:MI090122
:25:1111111111
:28C:0546/394
:60M:D090122VEF000040725209,73
:61:090122D000000000238,20NTRF000000049529//180009
PAGO
:61:090122D000000000194,84NTRF000000049528//180009
PAGO
:61:090122D000000000489,59NTRF000000049527//180009
PAGO
:61:090122D000000001238,89NTRF000000049221//180009
PAGO
:61:090122D000000000174,16NTRF000000049220//180009
PAGO
:61:090122D000000000479,56NTRF000000049219//180009
PAGO
:61:090122D000000000529,11NTRF000000049218//180009
PAGO
:61:090122D000000000663,53NTRF000000049216//180009
PAGO
:61:090122D000000000432,91NTRF000000049215//180009
PAGO
:62M:D090122VEF000040729650,52
-}{5:{CHK:1143FB20924B}}{S:{COP:S}}${1:F21VZCRVECAAXXX5410610696}{4:{177:0404021720}{451:0}}{1:F01VZCRVECAAXXX5410610696}{2:09501717040402VZCRVECAAXXX40812675430404021720N}{3:{108:SCONNECT}}{4:
:20:MI090122
:25:1111111111
:28C:0546/395
:60M:D090122VEF000040729650,52
:61:090122D000000000435,04NTRF000000049214//180009
PAGO
:61:090122D000000000603,76NTRF000000049213//180009
PAGO
:61:090122D000000000292,47NTRF000000049212//180009
PAGO
:61:090122D000000001652,88NTRF000000001544//180009
PAGO
:61:090122D000000000278,95NTRF000000001543//180009
PAGO
:61:090122D000000004358,31NTRF000000001542//180009
PAGO
:61:090122D000000003887,20NTRF000000001541//180009
PAGO
:61:090122D000000000063,90NTRF000000001540//180009
PAGO
:61:090122D000000000511,20NTRF000000001539//180009
PAGO
:62M:D090122VEF000040741734,23
-}{5:{CHK:1143FB20924B}}{S:{COP:S}}${1:F21VZCRVECAAXXX5410610696}{4:{177:0404021720}{451:0}}{1:F01VZCRVECAAXXX5410610696}{2:09501717040402VZCRVECAAXXX40812675430404021720N}{3:{108:SCONNECT}}{4:
:20:MI090122
:25:1111111111
:28C:0546/396
:60M:D090122VEF000040741734,23
:61:090122D000000001460,48NTRF000000001538//180009
PAGO
:61:090122D000000000800,58NTRF000000001537//180009
PAGO
:61:090122D000000001227,95NTRF000000001536//180009
PAGO
:61:090122D000000005351,40NTRF000090067609//180009
PAGO
:61:090122D000000005563,80NTRF000090067608//180009
PAGO
:61:090122D000000001528,20NTRF000090067607//180009
PAGO
:61:090122D000000003763,80NTRF000090067606//180009
PAGO
:61:090122D000000004354,20NTRF000090067605//180009
PAGO
:61:090122D000000003607,20NTRF000090067604//180009
PAGO
:62M:D090122VEF000040769391,84
-}{5:{CHK:1143FB20924B}}{S:{COP:S}}${1:F21VZCRVECAAXXX5410610696}{4:{177:0404021720}{451:0}}{1:F01VZCRVECAAXXX5410610696}{2:09501717040402VZCRVECAAXXX40812675430404021720N}{3:{108:SCONNECT}}{4:
:20:MI090122
:25:1111111111
:28C:0546/397
:60M:D090122VEF000040769391,84
:61:090122D000000001313,00NTRF000090067603//180009
PAGO
:61:090122D000000011867,40NTRF000090067602//180009
PAGO
:61:090122D000000002717,98NTRF000090067601//180009
PAGO
:61:090122D000000005497,20NTRF000090067460//180009
PAGO
:61:090122D000000003450,60NTRF000090067459//180009
PAGO
:61:090122D000000003895,20NTRF000090067458//180009
PAGO
:61:090122D000000005254,50NTRF000090067457//180009
PAGO
:61:090122D000000006472,80NTRF000090067456//180009
PAGO
:61:090122D000000032223,60NTRF000090067455//180009
PAGO
:62M:D090122VEF000040842084,12
-}{5:{CHK:1143FB20924B}}{S:{COP:S}}${1:F21VZCRVECAAXXX5410610696}{4:{177:0404021720}{451:0}}{1:F01VZCRVECAAXXX5410610696}{2:09501717040402VZCRVECAAXXX40812675430404021720N}{3:{108:SCONNECT}}{4:
:20:MI090122
:25:1111111111
:28C:0546/398
:60M:D090122VEF000040842084,12
:61:090122D000000007246,80NTRF000090067454//180009
PAGO
:61:090122D000000002539,80NTRF000090067453//180009
PAGO
:61:090122D000000000982,80NTRF000090067452//180009
PAGO
:61:090122D000000000033,06NTRF000044975932//180009
PAGO
:61:090122D000000000165,20NTRF000044975832//180009
PAGO
:61:090122D000000000327,46NTRF000044975732//180009
PAGO
:61:090122D000000001461,17NTRF000044975632//180009
PAGO
:61:090122D000000000231,80NTRF000044975532//180009
PAGO
:61:090122D000000000456,66NTRF000044975432//180009
PAGO
:62M:D090122VEF000040855528,87
-}{5:{CHK:1143FB20924B}}{S:{COP:S}}${1:F21VZCRVECAAXXX5410610696}{4:{177:0404021720}{451:0}}{1:F01VZCRVECAAXXX5410610696}{2:09501717040402VZCRVECAAXXX40812675430404021720N}{3:{108:SCONNECT}}{4:
:20:MI090122
:25:1111111111
:28C:0546/399
:60M:D090122VEF000040855528,87
:61:090122D000000000272,45NTRF000044975332//180009
PAGO
:61:090122D000000000129,93NTRF000044975232//180009
PAGO
:61:090122D000000000303,18NTRF000044973932//180009
PAGO
:61:090122D000000002175,21NTRF000000699026//180009
PAGO
:61:090122D000000000200,00NTRF000000699025//180009
PAGO
:61:090122D000000001362,90NTRF000000699024//180009
PAGO
:61:090122D000000001055,32NTRF000000699023//180009
PAGO
:61:090122D000000007187,48NTRF000000699022//180009
PAGO
:61:090122D000000000066,37NTRF000000699021//180009
PAGO
:62M:D090122VEF000040868281,71
-}{5:{CHK:1143FB20924B}}{S:{COP:S}}${1:F21VZCRVECAAXXX5410610696}{4:{177:0404021720}{451:0}}{1:F01VZCRVECAAXXX5410610696}{2:09501717040402VZCRVECAAXXX40812675430404021720N}{3:{108:SCONNECT}}{4:
:20:MI090122
:25:1111111111
:28C:0546/400
:60M:D090122VEF000040868281,71
:61:090122D000000002034,90NTRF000000699020//180009
PAGO
:61:090122D000000001325,54NTRF000000699019//180009
PAGO
:61:090122D000000000560,00NTRF000000699018//180009
PAGO
:61:090122D000000001000,00NTRF000049707484//180009
PAGO
:61:090122D000000001800,00NTRF000048310372//180009
PAGO
:61:090122D000000004000,00NTRF000046854440//180009
PAGO
:61:090122D000000000615,00NTRF000046813463//180009
PAGO
:61:090122D000000000600,00NTRF000045966761//180009
PAGO
:61:090122D000000000500,00NTRF000044868837//180009
PAGO
:62M:D090122VEF000040880717,15
-}{5:{CHK:1143FB20924B}}{S:{COP:S}}${1:F21VZCRVECAAXXX5410610696}{4:{177:0404021720}{451:0}}{1:F01VZCRVECAAXXX5410610696}{2:09501717040402VZCRVECAAXXX40812675430404021720N}{3:{108:SCONNECT}}{4:
:20:MI090122
:25:1111111111
:28C:0546/401
:60M:D090122VEF000040880717,15
:61:090122D000000000380,00NTRF000043118567//180009
PAGO
:61:090122D000000002200,00NTRF000043013267//180009
PAGO
:61:090122D000000000682,00NTRF000040804822//180009
PAGO
:61:090122D000000001000,00NTRF000079251004//180009
PAGO
:61:090122D000000000200,00NTRF000079205118//180009
PAGO
:61:090122D000000001200,00NTRF000079071573//180009
PAGO
:61:090122D000000003490,00NTRF000079068530//180009
PAGO
:61:090122D000000000400,00NTRF000079056760//180009
PAGO
:61:090122D000000000300,00NTRF000078962440//180009
PAGO
:62M:D090122VEF000040890569,15
-}{5:{CHK:1143FB20924B}}{S:{COP:S}}${1:F21VZCRVECAAXXX5410610696}{4:{177:0404021720}{451:0}}{1:F01VZCRVECAAXXX5410610696}{2:09501717040402VZCRVECAAXXX40812675430404021720N}{3:{108:SCONNECT}}{4:
:20:MI090122
:25:1111111111
:28C:0546/402
:60M:D090122VEF000040890569,15
:61:090122D000000000250,00NTRF000078720048//180009
PAGO
:61:090122D000000001500,00NTRF000078553540//180009
PAGO
:61:090122D000000001270,00NTRF000078483321//180009
PAGO
:61:090122D000000001637,00NTRF000053504623//180009
PAGO
:61:090122D000000001000,00NTRF000053427156//180009
PAGO
:61:090122D000000000100,00NTRF000053219547//180009
PAGO
:61:090122D000000008000,00NTRF000053008882//180009
PAGO
:61:090122D000000001200,00NTRF000052967940//180009
PAGO
:61:090122D000000000200,00NTRF000052734196//180009
PAGO
:62M:D090122VEF000040905726,15
-}{5:{CHK:1143FB20924B}}{S:{COP:S}}${1:F21VZCRVECAAXXX5410610696}{4:{177:0404021720}{451:0}}{1:F01VZCRVECAAXXX5410610696}{2:09501717040402VZCRVECAAXXX40812675430404021720N}{3:{108:SCONNECT}}{4:
:20:MI090122
:25:1111111111
:28C:0546/403
:60M:D090122VEF000040905726,15
:61:090122D000000000250,00NTRF000052534325//180009
PAGO
:61:090122D000000000332,31NTRF000052443753//180009
PAGO
:61:090122D000000002000,00NTRF000051912734//180009
PAGO
:61:090122D000000001000,00NTRF000027864198//180009
PAGO
:61:090122D000000100094,25NTRF000027703620//180009
PAGO
:61:090122D000000007500,00NTRF000027685656//180009
PAGO
:61:090122D000000002000,00NTRF000027616258//180009
PAGO
:61:090122D000000000005,00NTRF000027436572//180009
PAGO
:61:090122D000000002000,00NTRF000027411768//180009
PAGO
:62M:D090122VEF000041020907,71
-}{5:{CHK:1143FB20924B}}{S:{COP:S}}${1:F21VZCRVECAAXXX5410610696}{4:{177:0404021720}{451:0}}{1:F01VZCRVECAAXXX5410610696}{2:09501717040402VZCRVECAAXXX40812675430404021720N}{3:{108:SCONNECT}}{4:
:20:MI090122
:25:1111111111
:28C:0546/404
:60M:D090122VEF000041020907,71
:61:090122D000000000150,00NTRF000027304883//180009
PAGO
:61:090122D000000001000,00NTRF000027303797//180009
PAGO
:61:090122D000000000300,00NTRF000025788355//180009
PAGO
:61:090122D000000001246,00NTRF000001853234//180009
PAGO
:61:090122D000000000430,00NTRF000001758267//180009
PAGO
:61:090122D000000002500,00NTRF000001757039//180009
PAGO
:61:090122D000000001500,00NTRF000001460884//180009
PAGO
:61:090122D000000028479,60NTRF000001261903//180009
PAGO
:61:090122D000000012000,00NTRF000001047288//180009
PAGO
:62M:D090122VEF000041068513,31
-}{5:{CHK:1143FB20924B}}{S:{COP:S}}${1:F21VZCRVECAAXXX5410610696}{4:{177:0404021720}{451:0}}{1:F01VZCRVECAAXXX5410610696}{2:09501717040402VZCRVECAAXXX40812675430404021720N}{3:{108:SCONNECT}}{4:
:20:MI090122
:25:1111111111
:28C:0546/405
:60M:D090122VEF000041068513,31
:61:090122D000000000532,84NTRF000000772951//180009
PAGO
:61:090122D000000000130,00NTRF000000529548//180009
PAGO
:61:090122D000000006000,00NTRF000000354863//180009
PAGO
:61:090122D000000000500,00NTRF000072682843//180009
PAGO
:61:090122D000000000500,00NTRF000072653843//180009
PAGO
:61:090122D000000000400,00NTRF000072624878//180009
PAGO
:61:090122D000000000900,00NTRF000072502086//180009
PAGO
:61:090122D000000018725,00NTRF000072283995//180009
PAGO
:61:090122D000000000460,00NTRF000072212750//180009
PAGO
:62M:D090122VEF000041096661,15
-}{5:{CHK:1143FB20924B}}{S:{COP:S}}${1:F21VZCRVECAAXXX5410610696}{4:{177:0404021720}{451:0}}{1:F01VZCRVECAAXXX5410610696}{2:09501717040402VZCRVECAAXXX40812675430404021720N}{3:{108:SCONNECT}}{4:
:20:MI090122
:25:1111111111
:28C:0546/406
:60M:D090122VEF000041096661,15
:61:090122D000000001000,00NTRF000072009458//180009
PAGO
:61:090122D000000001000,00NTRF000071962458//180009
PAGO
:61:090122D000000002100,00NTRF000071890033//180009
PAGO
:61:090122D000000000765,00NTRF000043696324//180009
PAGO
:61:090122D000000000370,92NTRF000043677849//180009
PAGO
:61:090122D000000001000,00NTRF000043386277//180009
PAGO
:61:090122D000000002635,00NTRF000042907598//180009
PAGO
:61:090122D000000000050,00NTRF000042738486//180009
PAGO
:61:090122D000000001500,00NTRF000042596083//180009
PAGO
:62M:D090122VEF000041107082,07
-}{5:{CHK:1143FB20924B}}{S:{COP:S}}${1:F21VZCRVECAAXXX5410610696}{4:{177:0404021720}{451:0}}{1:F01VZCRVECAAXXX5410610696}{2:09501717040402VZCRVECAAXXX40812675430404021720N}{3:{108:SCONNECT}}{4:
:20:MI090122
:25:1111111111
:28C:0546/407
:60M:D090122VEF000041107082,07
:61:090122D000000000050,00NTRF000042301533//180009
PAGO
:61:090122D000000000100,00NTRF000042170640//180009
PAGO
:61:090122D000000000200,00NTRF000042005829//180009
PAGO
:61:090122D000000000915,00NTRF000010241365//180009
PAGO
:61:090122D000000000180,00NTRF000010114577//180009
PAGO
:61:090122D000000000350,00NTRF000009817285//180009
PAGO
:61:090122D000000000600,00NTRF000009212174//180009
PAGO
:61:090122D000000011000,00NTRF000008112111//180009
PAGO
:61:090122D000000000133,00NTRF000008061160//180009
PAGO
:62M:D090122VEF000041120610,07
-}{5:{CHK:1143FB20924B}}{S:{COP:S}}${1:F21VZCRVECAAXXX5410610696}{4:{177:0404021720}{451:0}}{1:F01VZCRVECAAXXX5410610696}{2:09501717040402VZCRVECAAXXX40812675430404021720N}{3:{108:SCONNECT}}{4:
:20:MI090122
:25:1111111111
:28C:0546/408
:60M:D090122VEF000041120610,07
:61:090122D000000008000,00NTRF000007893441//180009
PAGO
:61:090122D000000000124,00NTRF000007870866//180009
PAGO
:61:090122D000000000217,36NTRF000007714129//180009
PAGO
:61:090122D000000000045,64NTRF000045021732//180009
PAGO
:61:090122D000000000088,10NTRF000045021632//180009
PAGO
:61:090122D000000000359,72NTRF000045021532//180009
PAGO
:61:090122D000000000019,00NTRF000045021432//180009
PAGO
:61:090122D000000000478,00NTRF000045021332//180009
PAGO
:61:090122D000000000257,37NTRF000045021232//180009
PAGO
:62M:D090122VEF000041130199,26
-}{5:{CHK:1143FB20924B}}{S:{COP:S}}${1:F21VZCRVECAAXXX5410610696}{4:{177:0404021720}{451:0}}{1:F01VZCRVECAAXXX5410610696}{2:09501717040402VZCRVECAAXXX40812675430404021720N}{3:{108:SCONNECT}}{4:
:20:MI090122
:25:1111111111
:28C:0546/409
:60M:D090122VEF000041130199,26
:61:090122D000000000070,00NTRF000045021132//180009
PAGO
:61:090122D000000000262,20NTRF000045021032//180009
PAGO
:61:090122D000000000053,60NTRF000045020932//180009
PAGO
:61:090122D000000000582,70NTRF000098212480//180009
PAGO
:61:090122D000000000016,11NTRF000098066816//180009
PAGO
:61:090122D000000000100,00NTRF000097986969//180009
PAGO
:61:090122D000000010000,00NTRF000097984765//180009
PAGO
:61:090122D000000001550,00NTRF000097928154//180009
PAGO
:61:090122D000000000800,00NTRF000097733383//180009
PAGO
:62M:D090122VEF000041143633,87
-}{5:{CHK:1143FB20924B}}{S:{COP:S}}${1:F21VZCRVECAAXXX5410610696}{4:{177:0404021720}{451:0}}{1:F01VZCRVECAAXXX5410610696}{2:09501717040402VZCRVECAAXXX40812675430404021720N}{3:{108:SCONNECT}}{4:
:20:MI090122
:25:1111111111
:28C:0546/410
:60M:D090122VEF000041143633,87
:61:090122D000000008772,00NTRF000097712573//180009
PAGO
:61:090122D000000001395,00NTRF000097624914//180009
PAGO
:61:090122D000000000100,00NTRF000097590924//180009
PAGO
:61:090122D000000000350,00NTRF000079329401//180009
PAGO
:61:090122D000000000400,00NTRF000079257425//180009
PAGO
:61:090122D000000000185,00NTRF000079248764//180009
PAGO
:61:090122D000000000020,00NTRF000079069121//180009
PAGO
:61:090122D000000000450,00NTRF000079048715//180009
PAGO
:61:090122D000000001730,00NTRF000078997778//180009
PAGO
:62M:D090122VEF000041157035,87
-}{5:{CHK:1143FB20924B}}{S:{COP:S}}${1:F21VZCRVECAAXXX5410610696}{4:{177:0404021720}{451:0}}{1:F01VZCRVECAAXXX5410610696}{2:09501717040402VZCRVECAAXXX40812675430404021720N}{3:{108:SCONNECT}}{4:
:20:MI090122
:25:1111111111
:28C:0546/411
:60M:D090122VEF000041157035,87
:61:090122D000000000750,00NTRF000078922934//180009
PAGO
:61:090122D000000001465,26NTRF000078803441//180009
PAGO
:61:090122D000000001170,00NTRF000078580163//180009
PAGO
:61:090122D000000000150,00NTRF000066049071//180009
PAGO
:61:090122D000000001000,00NTRF000066034642//180009
PAGO
:61:090122D000000001320,00NTRF000065885890//180009
PAGO
:61:090122D000000009000,00NTRF000065878578//180009
PAGO
:61:090122D000000000200,00NTRF000065818789//180009
PAGO
:61:090122D000000000150,00NTRF000065808023//180009
PAGO
:62M:D090122VEF000041172241,13
-}{5:{CHK:1143FB20924B}}{S:{COP:S}}${1:F21VZCRVECAAXXX5410610696}{4:{177:0404021720}{451:0}}{1:F01VZCRVECAAXXX5410610696}{2:09501717040402VZCRVECAAXXX40812675430404021720N}{3:{108:SCONNECT}}{4:
:20:MI090122
:25:1111111111
:28C:0546/412
:60M:D090122VEF000041172241,13
:61:090122D000000001400,00NTRF000065779514//180009
PAGO
:61:090122D000000001800,00NTRF000065740763//180009
PAGO
:61:090122D000000002300,00NTRF000065652821//180009
PAGO
:61:090122D000000000340,00NTRF000050455866//180009
PAGO
:61:090122D000000000340,00NTRF000050383521//180009
PAGO
:61:090122D000000001000,00NTRF000050363661//180009
PAGO
:61:090122D000000000072,02NTRF000050313040//180009
PAGO
:61:090122D000000000100,00NTRF000050191669//180009
PAGO
:61:090122D000000000437,71NTRF000050119881//180009
PAGO
:62M:D090122VEF000041180030,86
-}{5:{CHK:1143FB20924B}}{S:{COP:S}}${1:F21VZCRVECAAXXX5410610696}{4:{177:0404021720}{451:0}}{1:F01VZCRVECAAXXX5410610696}{2:09501717040402VZCRVECAAXXX40812675430404021720N}{3:{108:SCONNECT}}{4:
:20:MI090122
:25:1111111111
:28C:0546/413
:60M:D090122VEF000041180030,86
:61:090122D000000030000,00NTRF000050096886//180009
PAGO
:61:090122D000000064862,90NTRF000049960139//180009
PAGO
:61:090122D000000000300,00NTRF000049677127//180009
PAGO
:61:090122D000000003075,00NTRF000033671911//180009
PAGO
:61:090122D000000001500,00NTRF000033553241//180009
PAGO
:61:090122D000000000400,00NTRF000033425368//180009
PAGO
:61:090122D000000000320,00NTRF000033398281//180009
PAGO
:61:090122D000000001500,00NTRF000033208172//180009
PAGO
:61:090122D000000000225,00NTRF000033172846//180009
PAGO
:62M:D090122VEF000041282213,76
-}{5:{CHK:1143FB20924B}}{S:{COP:S}}${1:F21VZCRVECAAXXX5410610696}{4:{177:0404021720}{451:0}}{1:F01VZCRVECAAXXX5410610696}{2:09501717040402VZCRVECAAXXX40812675430404021720N}{3:{108:SCONNECT}}{4:
:20:MI090122
:25:1111111111
:28C:0546/414
:60M:D090122VEF000041282213,76
:61:090122D000000000410,00NTRF000032824534//180009
PAGO
:61:090122D000000003500,00NTRF000032743573//180009
PAGO
:61:090122D000000002000,00NTRF000032733884//180009
PAGO
:61:090122D000000000300,00NTRF000018070519//180009
PAGO
:61:090122D000000000065,00NTRF000018064451//180009
PAGO
:61:090122D000000000208,28NTRF000017991737//180009
PAGO
:61:090122D000000000325,00NTRF000017949027//180009
PAGO
:61:090122D000000010000,00NTRF000017778045//180009
PAGO
:61:090122D000000000150,00NTRF000017624348//180009
PAGO
:62M:D090122VEF000041299172,04
-}{5:{CHK:1143FB20924B}}{S:{COP:S}}${1:F21VZCRVECAAXXX5410610696}{4:{177:0404021720}{451:0}}{1:F01VZCRVECAAXXX5410610696}{2:09501717040402VZCRVECAAXXX40812675430404021720N}{3:{108:SCONNECT}}{4:
:20:MI090122
:25:1111111111
:28C:0546/415
:60M:D090122VEF000041299172,04
:61:090122D000000000065,00NTRF000017359563//180009
PAGO
:61:090122D000000000240,79NTRF000017056248//180009
PAGO
:61:090122D000000001000,00NTRF000017027193//180009
PAGO
:61:090122D000000000206,00NTRF000002007845//180009
PAGO
:61:090122D000000008500,00NTRF000001904872//180009
PAGO
:61:090122D000000006000,00NTRF000001704275//180009
PAGO
:61:090122D000000000080,09NTRF000001624571//180009
PAGO
:61:090122D000000000500,00NTRF000001435891//180009
PAGO
:61:090122D000000000099,00NTRF000001416470//180009
PAGO
:62M:D090122VEF000041315862,92
-}{5:{CHK:1143FB20924B}}{S:{COP:S}}${1:F21VZCRVECAAXXX5410610696}{4:{177:0404021720}{451:0}}{1:F01VZCRVECAAXXX5410610696}{2:09501717040402VZCRVECAAXXX40812675430404021720N}{3:{108:SCONNECT}}{4:
:20:MI090122
:25:1111111111
:28C:0546/416
:60M:D090122VEF000041315862,92
:61:090122D000000003327,04NTRF000001165485//180009
PAGO
:61:090122D000000000100,00NTRF000001138587//180009
PAGO
:61:090122D000000000150,00NTRF000001060364//180009
PAGO
:61:090122D000000000080,00NTRF000078685350//180009
PAGO
:61:090122D000000006898,66NTRF000078585409//180009
PAGO
:61:090122D000000000362,00NTRF000078583693//180009
PAGO
:61:090122D000000000400,00NTRF000078564348//180009
PAGO
:61:090122D000000000400,00NTRF000078549932//180009
PAGO
:61:090122D000000000300,00NTRF000078505114//180009
PAGO
:62M:D090122VEF000041327880,62
-}{5:{CHK:1143FB20924B}}{S:{COP:S}}${1:F21VZCRVECAAXXX5410610696}{4:{177:0404021720}{451:0}}{1:F01VZCRVECAAXXX5410610696}{2:09501717040402VZCRVECAAXXX40812675430404021720N}{3:{108:SCONNECT}}{4:
:20:MI090122
:25:1111111111
:28C:0546/417
:60M:D090122VEF000041327880,62
:61:090122D000000002000,00NTRF000078497862//180009
PAGO
:61:090122D000000000150,00NTRF000078479406//180009
PAGO
:61:090122D000000000050,05NTRF000078397351//180009
PAGO
:61:090122D000000000150,00NTRF000055401817//180009
PAGO
:61:090122D000000000150,00NTRF000055361817//180009
PAGO
:61:090122D000000000200,00NTRF000055301280//180009
PAGO
:61:090122D000000000600,00NTRF000055193556//180009
PAGO
:61:090122D000000000200,00NTRF000055153192//180009
PAGO
:61:090122D000000000570,00NTRF000054999466//180009
PAGO
:62M:D090122VEF000041331950,67
-}{5:{CHK:1143FB20924B}}{S:{COP:S}}${1:F21VZCRVECAAXXX5410610696}{4:{177:0404021720}{451:0}}{1:F01VZCRVECAAXXX5410610696}{2:09501717040402VZCRVECAAXXX40812675430404021720N}{3:{108:SCONNECT}}{4:
:20:MI090122
:25:1111111111
:28C:0546/418
:60M:D090122VEF000041331950,67
:61:090122D000000004000,00NTRF000054864214//180009
PAGO
:61:090122D000000000287,00NTRF000054140246//180009
PAGO
:61:090122D000000002700,00NTRF000054105585//180009
PAGO
:61:090122D000000000155,00NTRF000030832512//180009
PAGO
:61:090122D000000000100,00NTRF000030780346//180009
PAGO
:61:090122D000000000500,00NTRF000030016036//180009
PAGO
:61:090122D000000000650,00NTRF000029692050//180009
PAGO
:61:090122D000000007000,00NTRF000029318002//180009
PAGO
:61:090122D000000002000,00NTRF000029262020//180009
PAGO
:62M:D090122VEF000041349342,67
-}{5:{CHK:1143FB20924B}}{S:{COP:S}}${1:F21VZCRVECAAXXX5410610696}{4:{177:0404021720}{451:0}}{1:F01VZCRVECAAXXX5410610696}{2:09501717040402VZCRVECAAXXX40812675430404021720N}{3:{108:SCONNECT}}{4:
:20:MI090122
:25:1111111111
:28C:0546/419
:60M:D090122VEF000041349342,67
:61:090122D000000000100,00NTRF000029150155//180009
PAGO
:61:090122D000000000090,00NTRF000029111741//180009
PAGO
:61:090122D000000000300,00NTRF000004965198//180009
PAGO
:61:090122D000000000300,00NTRF000004930198//180009
PAGO
:61:090122D000000000189,00NTRF000004534566//180009
PAGO
:61:090122D000000000150,00NTRF000004508971//180009
PAGO
:61:090122D000000000050,00NTRF000004393107//180009
PAGO
:61:090122D000000000200,00NTRF000003909578//180009
PAGO
:61:090122D000000000100,00NTRF000003859011//180009
PAGO
:62M:D090122VEF000041350821,67
-}{5:{CHK:1143FB20924B}}{S:{COP:S}}${1:F21VZCRVECAAXXX5410610696}{4:{177:0404021720}{451:0}}{1:F01VZCRVECAAXXX5410610696}{2:09501717040402VZCRVECAAXXX40812675430404021720N}{3:{108:SCONNECT}}{4:
:20:MI090122
:25:1111111111
:28C:0546/420
:60M:D090122VEF000041350821,67
:61:090122D000000000700,00NTRF000003787757//180009
PAGO
:61:090122D000000000500,00NTRF000002999526//180009
PAGO
:61:090122D000000007651,00NTRF000000080378//180009
PAGO
:61:090122D000000021074,91NTRF000000080377//180009
PAGO
:61:090122D000000002020,43NTRF000000080376//180009
PAGO
:61:090122D000000000659,20NTRF000000080375//180009
PAGO
:61:090122D000000018218,95NTRF000000080374//180009
PAGO
:61:090122D000000005819,81NTRF000000080368//180009
PAGO
:61:090122D000000005162,58NTRF000000080367//180009
PAGO
:62M:D090122VEF000041412628,55
-}{5:{CHK:1143FB20924B}}{S:{COP:S}}${1:F21VZCRVECAAXXX5410610696}{4:{177:0404021720}{451:0}}{1:F01VZCRVECAAXXX5410610696}{2:09501717040402VZCRVECAAXXX40812675430404021720N}{3:{108:SCONNECT}}{4:
:20:MI090122
:25:1111111111
:28C:0546/421
:60M:D090122VEF000041412628,55
:61:090122D000000005127,60NTRF000000080366//180009
PAGO
:61:090122D000000014977,29NTRF000000080365//180009
PAGO
:61:090122D000000000529,50NTRF000021010351//180009
PAGO
:61:090122D000000001399,50NTRF000021010350//180009
PAGO
:61:090122D000000001999,50NTRF000021010349//180009
PAGO
:61:090122D000000002999,50NTRF000021010348//180009
PAGO
:61:090122D000000001149,50NTRF000021010347//180009
PAGO
:61:090122D000000002899,50NTRF000021010346//180009
PAGO
:61:090122D000000001499,50NTRF000021010345//180009
PAGO
:62M:D090122VEF000041445209,94
-}{5:{CHK:1143FB20924B}}{S:{COP:S}}${1:F21VZCRVECAAXXX5410610696}{4:{177:0404021720}{451:0}}{1:F01VZCRVECAAXXX5410610696}{2:09501717040402VZCRVECAAXXX40812675430404021720N}{3:{108:SCONNECT}}{4:
:20:MI090122
:25:1111111111
:28C:0546/422
:60M:D090122VEF000041445209,94
:61:090122D000000001643,50NTRF000021010344//180009
PAGO
:61:090122D000000001680,34NTRF000021010343//180009
PAGO
:61:090122D000000000130,93NTRF000000049526//180009
PAGO
:61:090122D000000000161,72NTRF000000049525//180009
PAGO
:61:090122D000000000220,27NTRF000000049524//180009
PAGO
:61:090122D000000000252,27NTRF000000049523//180009
PAGO
:61:090122D000000000189,45NTRF000000049522//180009
PAGO
:61:090122D000000000336,97NTRF000000049521//180009
PAGO
:61:090122D000000000369,92NTRF000000049520//180009
PAGO
:62M:D090122VEF000041450195,31
-}{5:{CHK:1143FB20924B}}{S:{COP:S}}${1:F21VZCRVECAAXXX5410610696}{4:{177:0404021720}{451:0}}{1:F01VZCRVECAAXXX5410610696}{2:09501717040402VZCRVECAAXXX40812675430404021720N}{3:{108:SCONNECT}}{4:
:20:MI090122
:25:1111111111
:28C:0546/423
:60M:D090122VEF000041450195,31
:61:090122D000000000419,45NTRF000000049519//180009
PAGO
:61:090122D000000000629,73NTRF000000049517//180009
PAGO
:61:090122D000000000650,19NTRF000000049211//180009
PAGO
:61:090122D000000000369,73NTRF000000049210//180009
PAGO
:61:090122D000000000730,54NTRF000000049209//180009
PAGO
:61:090122D000000000550,78NTRF000000049208//180009
PAGO
:61:090122D000000000385,91NTRF000000049207//180009
PAGO
:61:090122D000000000716,59NTRF000000049206//180009
PAGO
:61:090122D000000000669,42NTRF000000049205//180009
PAGO
:62M:D090122VEF000041455317,65
-}{5:{CHK:1143FB20924B}}{S:{COP:S}}${1:F21VZCRVECAAXXX5410610696}{4:{177:0404021720}{451:0}}{1:F01VZCRVECAAXXX5410610696}{2:09501717040402VZCRVECAAXXX40812675430404021720N}{3:{108:SCONNECT}}{4:
:20:MI090122
:25:1111111111
:28C:0546/424
:60M:D090122VEF000041455317,65
:61:090122D000000000491,76NTRF000000049204//180009
PAGO
:61:090122D000000000664,36NTRF000000049203//180009
PAGO
:61:090122D000000000574,29NTRF000000001535//180009
PAGO
:61:090122D000000018683,16NTRF000000001534//180009
PAGO
:61:090122D000000000438,16NTRF000000001533//180009
PAGO
:61:090122D000000000273,84NTRF000000001532//180009
PAGO
:61:090122D000000035417,67NTRF000000001531//180009
PAGO
:61:090122D000000005596,76NTRF000000001530//180009
PAGO
:61:090122D000000000939,10NTRF000000001529//180009
PAGO
:62M:D090122VEF000041518396,75
-}{5:{CHK:1143FB20924B}}{S:{COP:S}}${1:F21VZCRVECAAXXX5410610696}{4:{177:0404021720}{451:0}}{1:F01VZCRVECAAXXX5410610696}{2:09501717040402VZCRVECAAXXX40812675430404021720N}{3:{108:SCONNECT}}{4:
:20:MI090122
:25:1111111111
:28C:0546/425
:60M:D090122VEF000041518396,75
:61:090122D000000002460,77NTRF000000001528//180009
PAGO
:61:090122D000000000292,10NTRF000000001527//180009
PAGO
:61:090122D000000000873,00NTRF000090067600//180009
PAGO
:61:090122D000000001581,10NTRF000090067599//180009
PAGO
:61:090122D000000001557,00NTRF000090067598//180009
PAGO
:61:090122D000000003888,00NTRF000090067597//180009
PAGO
:61:090122D000000003160,80NTRF000090067596//180009
PAGO
:61:090122D000000002538,00NTRF000090067595//180009
PAGO
:61:090122D000000001694,37NTRF000090067594//180009
PAGO
:62M:D090122VEF000041536441,89
-}{5:{CHK:1143FB20924B}}{S:{COP:S}}${1:F21VZCRVECAAXXX5410610696}{4:{177:0404021720}{451:0}}{1:F01VZCRVECAAXXX5410610696}{2:09501717040402VZCRVECAAXXX40812675430404021720N}{3:{108:SCONNECT}}{4:
:20:MI090122
:25:1111111111
:28C:0546/426
:60M:D090122VEF000041536441,89
:61:090122D000000003459,60NTRF000090067593//180009
PAGO
:61:090122D000000007283,03NTRF000090067592//180009
PAGO
:61:090122D000000002003,40NTRF000090067451//180009
PAGO
:61:090122D000000003020,40NTRF000090067450//180009
PAGO
:61:090122D000000006325,20NTRF000090067449//180009
PAGO
:61:090122D000000001625,40NTRF000090067448//180009
PAGO
:61:090122D000000004705,20NTRF000090067447//180009
PAGO
:61:090122D000000001328,40NTRF000090067445//180009
PAGO
:61:090122D000000004176,00NTRF000090067444//180009
PAGO
:62M:D090122VEF000041570368,52
-}{5:{CHK:1143FB20924B}}{S:{COP:S}}${1:F21VZCRVECAAXXX5410610696}{4:{177:0404021720}{451:0}}{1:F01VZCRVECAAXXX5410610696}{2:09501717040402VZCRVECAAXXX40812675430404021720N}{3:{108:SCONNECT}}{4:
:20:MI090122
:25:1111111111
:28C:0546/427
:60M:D090122VEF000041570368,52
:61:090122D000000000752,40NTRF000090067443//180009
PAGO
:61:090122D000000003627,00NTRF000090067442//180009
PAGO
:61:090122D000000000147,54NTRF000044973832//180009
PAGO
:61:090122D000000000238,94NTRF000044973732//180009
PAGO
:61:090122D000000002814,59NTRF000044973632//180009
PAGO
:61:090122D000000005904,00NTRF000044973532//180009
PAGO
:61:090122D000000001508,53NTRF000044973432//180009
PAGO
:61:090122D000000000242,77NTRF000044973332//180009
PAGO
:61:090122D000000004828,50NTRF000044973232//180009
PAGO
:62M:D090122VEF000041590432,79
-}{5:{CHK:1143FB20924B}}{S:{COP:S}}${1:F21VZCRVECAAXXX5410610696}{4:{177:0404021720}{451:0}}{1:F01VZCRVECAAXXX5410610696}{2:09501717040402VZCRVECAAXXX40812675430404021720N}{3:{108:SCONNECT}}{4:
:20:MI090122
:25:1111111111
:28C:0546/428
:60M:D090122VEF000041590432,79
:61:090122D000000004665,66NTRF000044973132//180009
PAGO
:61:090122D000000000711,75NTRF000044973032//180009
PAGO
:61:090122D000000000759,92NTRF000000699017//180009
PAGO
:61:090122D000000000141,10NTRF000000699016//180009
PAGO
:61:090122D000000000313,90NTRF000000699015//180009
PAGO
:61:090122D000000001390,29NTRF000000699014//180009
PAGO
:61:090122D000000005262,14NTRF000000699013//180009
PAGO
:61:090122D000000003983,21NTRF000000699012//180009
PAGO
:61:090122D000000004100,33NTRF000000699011//180009
PAGO
:62M:D090122VEF000041611761,09
-}{5:{CHK:1143FB20924B}}{S:{COP:S}}${1:F21VZCRVECAAXXX5410610696}{4:{177:0404021720}{451:0}}{1:F01VZCRVECAAXXX5410610696}{2:09501717040402VZCRVECAAXXX40812675430404021720N}{3:{108:SCONNECT}}{4:
:20:MI090122
:25:1111111111
:28C:0546/429
:60M:D090122VEF000041611761,09
:61:090122D000000003161,20NTRF000000699010//180009
PAGO
:61:090122D000000000473,45NTRF000000699009//180009
PAGO
:61:090122D000000000100,00NTRF000039432810//180009
PAGO
:61:090122D000000000533,00NTRF000037835506//180009
PAGO
:61:090122D000000000025,01NTRF000037503431//180009
PAGO
:61:090122D000000068000,00NTRF000035053633//180009
PAGO
:61:090122D000000002200,00NTRF000034012851//180009
PAGO
:61:090122D000000000100,00NTRF000033987146//180009
PAGO
:61:090122D000000000200,00NTRF000033331930//180009
PAGO
:62M:D090122VEF000041686553,75
-}{5:{CHK:1143FB20924B}}{S:{COP:S}}${1:F21VZCRVECAAXXX5410610696}{4:{177:0404021720}{451:0}}{1:F01VZCRVECAAXXX5410610696}{2:09501717040402VZCRVECAAXXX40812675430404021720N}{3:{108:SCONNECT}}{4:
:20:MI090122
:25:1111111111
:28C:0546/430
:60M:D090122VEF000041686553,75
:61:090122D000000000032,00NTRF000033149996//180009
PAGO
:61:090122D000000000050,00NTRF000031203759//180009
PAGO
:61:090122D000000001250,00NTRF000078315881//180009
PAGO
:61:090122D000000000300,00NTRF000078275624//180009
PAGO
:61:090122D000000001450,00NTRF000078230196//180009
PAGO
:61:090122D000000001600,00NTRF000078136482//180009
PAGO
:61:090122D000000000200,00NTRF000077935947//180009
PAGO
:61:090122D000000000800,00NTRF000077390068//180009
PAGO
:61:090122D000000006818,30NTRF000076828346//180009
PAGO
:62M:D090122VEF000041699054,05
-}{5:{CHK:1143FB20924B}}{S:{COP:S}}${1:F21VZCRVECAAXXX5410610696}{4:{177:0404021720}{451:0}}{1:F01VZCRVECAAXXX5410610696}{2:09501717040402VZCRVECAAXXX40812675430404021720N}{3:{108:SCONNECT}}{4:
:20:MI090122
:25:1111111111
:28C:0546/431
:60M:D090122VEF000041699054,05
:61:090122D000000005900,00NTRF000076753601//180009
PAGO
:61:090122D000000000046,75NTRF000076749673//180009
PAGO
:61:090122D000000000100,00NTRF000051731220//180009
PAGO
:61:090122D000000000250,00NTRF000051678659//180009
PAGO
:61:090122D000000001500,00NTRF000051653390//180009
PAGO
:61:090122D000000004950,00NTRF000051545865//180009
PAGO
:61:090122D000000000290,00NTRF000051500604//180009
PAGO
:61:090122D000000000280,00NTRF000051376418//180009
PAGO
:61:090122D000000000780,00NTRF000050833978//180009
PAGO
:62M:D090122VEF000041713150,80
-}{5:{CHK:1143FB20924B}}{S:{COP:S}}${1:F21VZCRVECAAXXX5410610696}{4:{177:0404021720}{451:0}}{1:F01VZCRVECAAXXX5410610696}{2:09501717040402VZCRVECAAXXX40812675430404021720N}{3:{108:SCONNECT}}{4:
:20:MI090122
:25:1111111111
:28C:0546/432
:60M:D090122VEF000041713150,80
:61:090122D000000000380,00NTRF000049879729//180009
PAGO
:61:090122D000000001234,46NTRF000049726017//180009
PAGO
:61:090122D000000000200,00NTRF000027265158//180009
PAGO
:61:090122D000000000370,60NTRF000027244047//180009
PAGO
:61:090122D000000002000,00NTRF000027216472//180009
PAGO
:61:090122D000000000135,00NTRF000026925122//180009
PAGO
:61:090122D000000000500,00NTRF000026604159//180009
PAGO
:61:090122D000000006429,00NTRF000026470760//180009
PAGO
:61:090122D000000004500,00NTRF000026161158//180009
PAGO
:62M:D090122VEF000041728899,86
-}{5:{CHK:1143FB20924B}}{S:{COP:S}}${1:F21VZCRVECAAXXX5410610696}{4:{177:0404021720}{451:0}}{1:F01VZCRVECAAXXX5410610696}{2:09501717040402VZCRVECAAXXX40812675430404021720N}{3:{108:SCONNECT}}{4:
:20:MI090122
:25:1111111111
:28C:0546/433
:60M:D090122VEF000041728899,86
:61:090122D000000000300,00NTRF000026158287//180009
PAGO
:61:090122D000000000140,00NTRF000025992828//180009
PAGO
:61:090122D000000000075,38NTRF000099813444//180009
PAGO
:61:090122D000000001000,00NTRF000099715074//180009
PAGO
:61:090122D000000000050,00NTRF000099669306//180009
PAGO
:61:090122D000000001000,00NTRF000099327933//180009
PAGO
:61:090122D000000000337,00NTRF000098741090//180009
PAGO
:61:090122D000000000050,00NTRF000098051338//180009
PAGO
:61:090122D000000000250,00NTRF000097703626//180009
PAGO
:62M:D090122VEF000041732102,24
-}{5:{CHK:1143FB20924B}}{S:{COP:S}}${1:F21VZCRVECAAXXX5410610696}{4:{177:0404021720}{451:0}}{1:F01VZCRVECAAXXX5410610696}{2:09501717040402VZCRVECAAXXX40812675430404021720N}{3:{108:SCONNECT}}{4:
:20:MI090122
:25:1111111111
:28C:0546/434
:60M:D090122VEF000041732102,24
:61:090122D000000000100,00NTRF000097449334//180009
PAGO
:61:090122D000000000304,83NTRF000097101700//180009
PAGO
:61:090122D000000000150,00NTRF000071497869//180009
PAGO
:61:090122D000000000150,00NTRF000071461869//180009
PAGO
:61:090122D000000001319,38NTRF000071133487//180009
PAGO
:61:090122D000000002806,55NTRF000071008640//180009
PAGO
:61:090122D000000000200,00NTRF000070886380//180009
PAGO
:61:090122D000000000150,00NTRF000070753869//180009
PAGO
:61:090122D000000000736,80NTRF000070753682//180009
PAGO
:62M:D090122VEF000041738019,80
-}{5:{CHK:1143FB20924B}}{S:{COP:S}}${1:F21VZCRVECAAXXX5410610696}{4:{177:0404021720}{451:0}}{1:F01VZCRVECAAXXX5410610696}{2:09501717040402VZCRVECAAXXX40812675430404021720N}{3:{108:SCONNECT}}{4:
:20:MI090122
:25:1111111111
:28C:0546/435
:60M:D090122VEF000041738019,80
:61:090122D000000000246,00NTRF000070472107//180009
PAGO
:61:090122D000000000100,00NTRF000069533004//180009
PAGO
:61:090122D000000001000,00NTRF000041900915//180009
PAGO
:61:090122D000000001000,00NTRF000041793915//180009
PAGO
:61:090122D000000001000,00NTRF000041725915//180009
PAGO
:61:090122D000000000110,00NTRF000041698205//180009
PAGO
:61:090122D000000000720,00NTRF000041560746//180009
PAGO
:61:090122D000000000518,00NTRF000041515377//180009
PAGO
:61:090122D000000001106,00NTRF000041228861//180009
PAGO
:62M:D090122VEF000041743819,80
-}{5:{CHK:1143FB20924B}}{S:{COP:S}}${1:F21VZCRVECAAXXX5410610696}{4:{177:0404021720}{451:0}}{1:F01VZCRVECAAXXX5410610696}{2:09501717040402VZCRVECAAXXX40812675430404021720N}{3:{108:SCONNECT}}{4:
:20:MI090122
:25:1111111111
:28C:0546/436
:60M:D090122VEF000041743819,80
:61:090122D000000000445,00NTRF000040895217//180009
PAGO
:61:090122D000000001500,00NTRF000040700467//180009
PAGO
:61:090122D000000000034,44NTRF000007593876//180009
PAGO
:61:090122D000000000075,00NTRF000007458981//180009
PAGO
:61:090122D000000000342,00NTRF000007199563//180009
PAGO
:61:090122D000000002000,00NTRF000006940331//180009
PAGO
:61:090122D000000000600,00NTRF000006902785//180009
PAGO
:61:090122D000000000105,00NTRF000006058843//180009
PAGO
:61:090122D000000000150,00NTRF000005719519//180009
PAGO
:62M:D090122VEF000041749071,24
-}{5:{CHK:1143FB20924B}}{S:{COP:S}}${1:F21VZCRVECAAXXX5410610696}{4:{177:0404021720}{451:0}}{1:F01VZCRVECAAXXX5410610696}{2:09501717040402VZCRVECAAXXX40812675430404021720N}{3:{108:SCONNECT}}{4:
:20:MI090122
:25:1111111111
:28C:0546/437
:60M:D090122VEF000041749071,24
:61:090122D000000000100,00NTRF000004335194//180009
PAGO
:61:090122D000000002000,00NTRF000003766019//180009
PAGO
:61:090122D000000000583,02NTRF000045020832//180009
PAGO
:61:090122D000000001315,06NTRF000045020732//180009
PAGO
:61:090122D000000000051,50NTRF000045020632//180009
PAGO
:61:090122D000000000129,18NTRF000045020432//180009
PAGO
:61:090122D000000000064,50NTRF000045020332//180009
PAGO
:61:090122D000000000296,60NTRF000045020232//180009
PAGO
:61:090122D000000000401,50NTRF000045020132//180009
PAGO
:62M:D090122VEF000041754012,60
-}{5:{CHK:1143FB20924B}}{S:{COP:S}}${1:F21VZCRVECAAXXX5410610696}{4:{177:0404021720}{451:0}}{1:F01VZCRVECAAXXX5410610696}{2:09501717040402VZCRVECAAXXX40812675430404021720N}{3:{108:SCONNECT}}{4:
:20:MI090122
:25:1111111111
:28C:0546/438
:60M:D090122VEF000041754012,60
:61:090122D000000000039,72NTRF000045020032//180009
PAGO
:61:090122D000000000256,12NTRF000045019932//180009
PAGO
:61:090122D000000000560,00NTRF000097435287//180009
PAGO
:61:090122D000000000400,00NTRF000096959262//180009
PAGO
:61:090122D000000001000,00NTRF000096953635//180009
PAGO
:61:090122D000000000150,00NTRF000096882506//180009
PAGO
:61:090122D000000001000,00NTRF000096864378//180009
PAGO
:61:090122D000000000376,89NTRF000096540460//180009
PAGO
:61:090122D000000000688,51NTRF000096418617//180009
PAGO
:62M:D090122VEF000041758483,84
-}{5:{CHK:1143FB20924B}}{S:{COP:S}}${1:F21VZCRVECAAXXX5410610696}{4:{177:0404021720}{451:0}}{1:F01VZCRVECAAXXX5410610696}{2:09501717040402VZCRVECAAXXX40812675430404021720N}{3:{108:SCONNECT}}{4:
:20:MI090122
:25:1111111111
:28C:0546/439
:60M:D090122VEF000041758483,84
:61:090122D000000000455,89NTRF000096337352//180009
PAGO
:61:090122D000000005000,00NTRF000096310220//180009
PAGO
:61:090122D000000002725,00NTRF000078578722//180009
PAGO
:61:090122D000000001000,00NTRF000078541486//180009
PAGO
:61:090122D000000001000,00NTRF000078380602//180009
PAGO
:61:090122D000000000500,00NTRF000078122041//180009
PAGO
:61:090122D000000001256,79NTRF000078073546//180009
PAGO
:61:090122D000000000150,00NTRF000078048386//180009
PAGO
:61:090122D000000001000,00NTRF000077957593//180009
PAGO
:62M:D090122VEF000041771571,52
-}{5:{CHK:1143FB20924B}}{S:{COP:S}}${1:F21VZCRVECAAXXX5410610696}{4:{177:0404021720}{451:0}}{1:F01VZCRVECAAXXX5410610696}{2:09501717040402VZCRVECAAXXX40812675430404021720N}{3:{108:SCONNECT}}{4:
:20:MI090122
:25:1111111111
:28C:0546/440
:60M:D090122VEF000041771571,52
:61:090122D000000001000,00NTRF000077946177//180009
PAGO
:61:090122D000000000220,00NTRF000077834981//180009
PAGO
:61:090122D000000000300,00NTRF000065470197//180009
PAGO
:61:090122D000000002500,00NTRF000065372396//180009
PAGO
:61:090122D000000005000,00NTRF000065152138//180009
PAGO
:61:090122D000000000100,00NTRF000065134556//180009
PAGO
:61:090122D000000000250,00NTRF000064974657//180009
PAGO
:61:090122D000000000600,00NTRF000064591347//180009
PAGO
:61:090122D000000000600,00NTRF000064456241//180009
PAGO
:62M:D090122VEF000041782141,52
-}{5:{CHK:1143FB20924B}}{S:{COP:S}}${1:F21VZCRVECAAXXX5410610696}{4:{177:0404021720}{451:0}}{1:F01VZCRVECAAXXX5410610696}{2:09501717040402VZCRVECAAXXX40812675430404021720N}{3:{108:SCONNECT}}{4:
:20:MI090122
:25:1111111111
:28C:0546/441
:60M:D090122VEF000041782141,52
:61:090122D000000051349,95NTRF000064378913//180009
PAGO
:61:090122D000000000300,00NTRF000064202179//180009
PAGO
:61:090122D000000000244,12NTRF000049665348//180009
PAGO
:61:090122D000000002417,00NTRF000049615711//180009
PAGO
:61:090122D000000001659,00NTRF000049538073//180009
PAGO
:61:090122D000000000400,00NTRF000049190276//180009
PAGO
:61:090122D000000000700,00NTRF000049114243//180009
PAGO
:61:090122D000000000200,00NTRF000049018472//180009
PAGO
:61:090122D000000000151,23NTRF000048628831//180009
PAGO
:62M:D090122VEF000041839562,82
-}{5:{CHK:1143FB20924B}}{S:{COP:S}}${1:F21VZCRVECAAXXX5410610696}{4:{177:0404021720}{451:0}}{1:F01VZCRVECAAXXX5410610696}{2:09501717040402VZCRVECAAXXX40812675430404021720N}{3:{108:SCONNECT}}{4:
:20:MI090122
:25:1111111111
:28C:0546/442
:60M:D090122VEF000041839562,82
:61:090122D000000000230,00NTRF000048438508//180009
PAGO
:61:090122D000000000300,00NTRF000048423531//180009
PAGO
:61:090122D000000030007,50NTRF000032701732//180009
PAGO
:61:090122D000000001500,00NTRF000032620811//180009
PAGO
:61:090122D000000000095,00NTRF000032527868//180009
PAGO
:61:090122D000000000042,00NTRF000032277852//180009
PAGO
:61:090122D000000000140,00NTRF000032275322//180009
PAGO
:61:090122D000000000700,00NTRF000032211467//180009
PAGO
:61:090122D000000000125,00NTRF000032045238//180009
PAGO
:62M:D090122VEF000041872702,32
-}{5:{CHK:1143FB20924B}}{S:{COP:S}}${1:F21VZCRVECAAXXX5410610696}{4:{177:0404021720}{451:0}}{1:F01VZCRVECAAXXX5410610696}{2:09501717040402VZCRVECAAXXX40812675430404021720N}{3:{108:SCONNECT}}{4:
:20:MI090122
:25:1111111111
:28C:0546/443
:60M:D090122VEF000041872702,32
:61:090122D000000000050,00NTRF000032043393//180009
PAGO
:61:090122D000000000005,29NTRF000031873376//180009
PAGO
:61:090122D000000055300,00NTRF000016988614//180009
PAGO
:61:090122D000000010000,00NTRF000016963584//180009
PAGO
:61:090122D000000000700,00NTRF000016809725//180009
PAGO
:61:090122D000000000308,40NTRF000016696336//180009
PAGO
:61:090122D000000000200,00NTRF000016480505//180009
PAGO
:61:090122D000000000120,00NTRF000016438896//180009
PAGO
:61:090122D000000004400,00NTRF000015855496//180009
PAGO
:62M:D090122VEF000041943786,01
-}{5:{CHK:1143FB20924B}}{S:{COP:S}}${1:F21VZCRVECAAXXX5410610696}{4:{177:0404021720}{451:0}}{1:F01VZCRVECAAXXX5410610696}{2:09501717040402VZCRVECAAXXX40812675430404021720N}{3:{108:SCONNECT}}{4:
:20:MI090122
:25:1111111111
:28C:0546/444
:60M:D090122VEF000041943786,01
:61:090122D000000000900,00NTRF000015719078//180009
PAGO
:61:090122D000000000500,00NTRF000015649118//180009
PAGO
:61:090122D000000001700,00NTRF000000682462//180009
PAGO
:61:090122D000000000500,00NTRF000000588424//180009
PAGO
:61:090122D000000003854,69NTRF000000577616//180009
PAGO
:61:090122D000000000200,00NTRF000000533051//180009
PAGO
:61:090122D000000000110,00NTRF000000398596//180009
PAGO
:61:090122D000000003200,00NTRF000000098466//180009
PAGO
:61:090122D000000000200,00NTRF000099986575//180009
PAGO
:62M:D090122VEF000041954950,70
-}{5:{CHK:1143FB20924B}}{S:{COP:S}}${1:F21VZCRVECAAXXX5410610696}{4:{177:0404021720}{451:0}}{1:F01VZCRVECAAXXX5410610696}{2:09501717040402VZCRVECAAXXX40812675430404021720N}{3:{108:SCONNECT}}{4:
:20:MI090122
:25:1111111111
:28C:0546/445
:60M:D090122VEF000041954950,70
:61:090122D000000000613,00NTRF000099850747//180009
PAGO
:61:090122D000000000080,00NTRF000099724127//180009
PAGO
:61:090122D000000006500,00NTRF000078091733//180009
PAGO
:61:090122D000000003000,00NTRF000078016264//180009
PAGO
:61:090122D000000000585,00NTRF000077944697//180009
PAGO
:61:090122D000000001125,00NTRF000077938770//180009
PAGO
:61:090122D000000001500,00NTRF000077027308//180009
PAGO
:61:090122D000000000106,70NTRF000076829485//180009
PAGO
:61:090122D000000002000,00NTRF000076490033//180009
PAGO
:62M:D090122VEF000041970460,40
-}{5:{CHK:1143FB20924B}}{S:{COP:S}}${1:F21VZCRVECAAXXX5410610696}{4:{177:0404021720}{451:0}}{1:F01VZCRVECAAXXX5410610696}{2:09501717040402VZCRVECAAXXX40812675430404021720N}{3:{108:SCONNECT}}{4:
:20:MI090122
:25:1111111111
:28C:0546/446
:60M:D090122VEF000041970460,40
:61:090122D000000000200,00NTRF000075938377//180009
PAGO
:61:090122D000000000060,00NTRF000075914373//180009
PAGO
:61:090122D000000000150,00NTRF000053805140//180009
PAGO
:61:090122D000000000810,00NTRF000053686391//180009
PAGO
:61:090122D000000000478,00NTRF000053597120//180009
PAGO
:61:090122D000000000060,00NTRF000053590493//180009
PAGO
:61:090122D000000000350,00NTRF000053332299//180009
PAGO
:61:090122D000000000400,00NTRF000053241990//180009
PAGO
:61:090122D000000000460,00NTRF000053198199//180009
PAGO
:62M:D090122VEF000041973428,40
-}{5:{CHK:1143FB20924B}}{S:{COP:S}}${1:F21VZCRVECAAXXX5410610696}{4:{177:0404021720}{451:0}}{1:F01VZCRVECAAXXX5410610696}{2:09501717040402VZCRVECAAXXX40812675430404021720N}{3:{108:SCONNECT}}{4:
:20:MI090122
:25:1111111111
:28C:0546/447
:60M:D090122VEF000041973428,40
:61:090122D000000000131,00NTRF000052835726//180009
PAGO
:61:090122D000000000500,00NTRF000052833146//180009
PAGO
:61:090122D000000000050,00NTRF000028939360//180009
PAGO
:61:090122D000000001020,00NTRF000028647630//180009
PAGO
:61:090122D000000000437,59NTRF000028559831//180009
PAGO
:61:090122D000000000150,00NTRF000028063126//180009
PAGO
:61:090122D000000002000,00NTRF000027901881//180009
PAGO
:61:090122D000000000200,00NTRF000027898092//180009
PAGO
:61:090122D000000000100,00NTRF000027877088//180009
PAGO
:62M:D090122VEF000041978016,99
-}{5:{CHK:1143FB20924B}}{S:{COP:S}}${1:F21VZCRVECAAXXX5410610696}{4:{177:0404021720}{451:0}}{1:F01VZCRVECAAXXX5410610696}{2:09501717040402VZCRVECAAXXX40812675430404021720N}{3:{108:SCONNECT}}{4:
:20:MI090122
:25:1111111111
:28C:0546/448
:60M:D090122VEF000041978016,99
:61:090122D000000000400,00NTRF000027851871//180009
PAGO
:61:090122D000000001000,00NTRF000027846909//180009
PAGO
:61:090122D000000000100,00NTRF000003759667//180009
PAGO
:61:090122D000000000450,00NTRF000003652916//180009
PAGO
:61:090122D000000000290,00NTRF000003615736//180009
PAGO
:61:090122D000000000082,00NTRF000003540963//180009
PAGO
:61:090122D000000000600,00NTRF000003502972//180009
PAGO
:61:090122D000000000500,00NTRF000003461785//180009
PAGO
:61:090122D000000000150,00NTRF000003436212//180009
PAGO
:62M:D090122VEF000041981588,99
-}{5:{CHK:1143FB20924B}}{S:{COP:S}}${1:F21VZCRVECAAXXX5410610696}{4:{177:0404021720}{451:0}}{1:F01VZCRVECAAXXX5410610696}{2:09501717040402VZCRVECAAXXX40812675430404021720N}{3:{108:SCONNECT}}{4:
:20:MI090122
:25:1111111111
:28C:0546/449
:60M:D090122VEF000041981588,99
:61:090122D000000000050,00NTRF000003369471//180009
PAGO
:61:090122D000000000500,00NTRF000003025660//180009
PAGO
:61:090122D000001215383,81NTRF000000080364//180009
PAGO
:61:090122D000000033239,72NTRF000000080363//180009
PAGO
:61:090122D000000000721,53NTRF000000080362//180009
PAGO
:61:090122D000000006234,86NTRF000000080361//180009
PAGO
:61:090122D000000018368,32NTRF000000080360//180009
PAGO
:61:090122D000000004444,05NTRF000000080359//180009
PAGO
:61:090122D000000029879,65NTRF000000080358//180009
PAGO
:62M:D090122VEF000043290410,93
-}{5:{CHK:1143FB20924B}}{S:{COP:S}}${1:F21VZCRVECAAXXX5410610696}{4:{177:0404021720}{451:0}}{1:F01VZCRVECAAXXX5410610696}{2:09501717040402VZCRVECAAXXX40812675430404021720N}{3:{108:SCONNECT}}{4:
:20:MI090122
:25:1111111111
:28C:0546/450
:60M:D090122VEF000043290410,93
:61:090122D000000004562,23NTRF000000080357//180009
PAGO
:61:090122D000000001858,70NTRF000000080356//180009
PAGO
:61:090122D000000006336,06NTRF000021010342//180009
PAGO
:61:090122D000000003078,03NTRF000021010341//180009
PAGO
:61:090122D000000001418,85NTRF000021010340//180009
PAGO
:61:090122D000000002030,14NTRF000021010339//180009
PAGO
:61:090122D000000002172,25NTRF000021010338//180009
PAGO
:61:090122D000000002633,34NTRF000021010337//180009
PAGO
:61:090122D000000000312,04NTRF000021010336//180009
PAGO
:62M:D090122VEF000043314812,57
-}{5:{CHK:1143FB20924B}}{S:{COP:S}}${1:F21VZCRVECAAXXX5410610696}{4:{177:0404021720}{451:0}}{1:F01VZCRVECAAXXX5410610696}{2:09501717040402VZCRVECAAXXX40812675430404021720N}{3:{108:SCONNECT}}{4:
:20:MI090122
:25:1111111111
:28C:0546/451
:60M:D090122VEF000043314812,57
:61:090122D000000004227,56NTRF000021010335//180009
PAGO
:61:090122D000000004002,80NTRF000021010334//180009
PAGO
:61:090122D000000000315,03NTRF000000049515//180009
PAGO
:61:090122D000000000205,14NTRF000000049514//180009
PAGO
:61:090122D000000000210,32NTRF000000049513//180009
PAGO
:61:090122D000000000101,29NTRF000000049511//180009
PAGO
:61:090122D000000000079,95NTRF000000049510//180009
PAGO
:61:090122D000000000340,93NTRF000000049509//180009
PAGO
:61:090122D000000000188,81NTRF000000049507//180009
PAGO
:62M:D090122VEF000043324484,40
-}{5:{CHK:1143FB20924B}}{S:{COP:S}}${1:F21VZCRVECAAXXX5410610696}{4:{177:0404021720}{451:0}}{1:F01VZCRVECAAXXX5410610696}{2:09501717040402VZCRVECAAXXX40812675430404021720N}{3:{108:SCONNECT}}{4:
:20:MI090122
:25:1111111111
:28C:0546/452
:60M:D090122VEF000043324484,40
:61:090122D000000000314,26NTRF000000049506//180009
PAGO
:61:090122D000000000101,29NTRF000000049505//180009
PAGO
:61:090122D000000000262,56NTRF000000049202//180009
PAGO
:61:090122D000000000941,38NTRF000000049201//180009
PAGO
:61:090122D000000000835,88NTRF000000049200//180009
PAGO
:61:090122D000000000199,89NTRF000000049199//180009
PAGO
:61:090122D000000000550,04NTRF000000049198//180009
PAGO
:61:090122D000000000352,86NTRF000000049197//180009
PAGO
:61:090122D000000000438,51NTRF000000049196//180009
PAGO
:62M:D090122VEF000043328481,07
-}{5:{CHK:1143FB20924B}}{S:{COP:S}}${1:F21VZCRVECAAXXX5410610696}{4:{177:0404021720}{451:0}}{1:F01VZCRVECAAXXX5410610696}{2:09501717040402VZCRVECAAXXX40812675430404021720N}{3:{108:SCONNECT}}{4:
:20:MI090122
:25:1111111111
:28C:0546/453
:60M:D090122VEF000043328481,07
:61:090122D000000000552,15NTRF000000049195//180009
PAGO
:61:090122D000000000331,43NTRF000000049194//180009
PAGO
:61:090122D000000000584,20NTRF000000001526//180009
PAGO
:61:090122D000000002467,56NTRF000000001525//180009
PAGO
:61:090122D000000005963,48NTRF000000001524//180009
PAGO
:61:090122D000000009238,42NTRF000000001523//180009
PAGO
:61:090122D000000009727,38NTRF000000001522//180009
PAGO
:61:090122D000000000219,08NTRF000000001521//180009
PAGO
:61:090122D000000000600,44NTRF000000001520//180009
PAGO
:62M:D090122VEF000043358165,21
-}{5:{CHK:1143FB20924B}}{S:{COP:S}}${1:F21VZCRVECAAXXX5410610696}{4:{177:0404021720}{451:0}}{1:F01VZCRVECAAXXX5410610696}{2:09501717040402VZCRVECAAXXX40812675430404021720N}{3:{108:SCONNECT}}{4:
:20:MI090122
:25:1111111111
:28C:0546/454
:60M:D090122VEF000043358165,21
:61:090122D000000001022,23NTRF000000001519//180009
PAGO
:61:090122D000000001839,00NTRF000000001518//180009
PAGO
:61:090122D000000003486,60NTRF000090067591//180009
PAGO
:61:090122D000000006768,54NTRF000090067590//180009
PAGO
:61:090122D000000000737,15NTRF000090067589//180009
PAGO
:61:090122D000000006701,60NTRF000090067588//180009
PAGO
:61:090122D000000003512,20NTRF000090067587//180009
PAGO
:61:090122D000000023884,20NTRF000090067586//180009
PAGO
:61:090122D000000007819,36NTRF000090067584//180009
PAGO
:62M:D090122VEF000043413936,09
-}{5:{CHK:1143FB20924B}}{S:{COP:S}}${1:F21VZCRVECAAXXX5410610696}{4:{177:0404021720}{451:0}}{1:F01VZCRVECAAXXX5410610696}{2:09501717040402VZCRVECAAXXX40812675430404021720N}{3:{108:SCONNECT}}{4:
:20:MI090122
:25:1111111111
:28C:0546/455
:60M:D090122VEF000043413936,09
:61:090122D000000002928,44NTRF000090067583//180009
PAGO
:61:090122D000000005705,76NTRF000090067582//180009
PAGO
:61:090122D000000001090,80NTRF000090067441//180009
PAGO
:61:090122D000000011237,40NTRF000090067440//180009
PAGO
:61:090122D000000005745,80NTRF000090067439//180009
PAGO
:61:090122D000000006357,60NTRF000090067438//180009
PAGO
:61:090122D000000002201,40NTRF000090067437//180009
PAGO
:61:090122D000000002251,80NTRF000090067436//180009
PAGO
:61:090122D000000002199,60NTRF000090067435//180009
PAGO
:62M:D090122VEF000043453654,69
-}{5:{CHK:1143FB20924B}}{S:{COP:S}}${1:F21VZCRVECAAXXX5410610696}{4:{177:0404021720}{451:0}}{1:F01VZCRVECAAXXX5410610696}{2:09501717040402VZCRVECAAXXX40812675430404021720N}{3:{108:SCONNECT}}{4:
:20:MI090122
:25:1111111111
:28C:0546/456
:60M:D090122VEF000043453654,69
:61:090122D000000001387,80NTRF000090067434//180009
PAGO
:61:090122D000000003160,80NTRF000090067433//180009
PAGO
:61:090122D000000000973,65NTRF000044972832//180009
PAGO
:61:090122D000000000070,00NTRF000044972732//180009
PAGO
:61:090122D000000000385,62NTRF000044972632//180009
PAGO
:61:090122D000000003109,98NTRF000044972532//180009
PAGO
:61:090122D000000001453,69NTRF000044972432//180009
PAGO
:61:090122D000000010179,00NTRF000044972332//180009
PAGO
:61:090122D000000012324,27NTRF000044972232//180009
PAGO
:62M:D090122VEF000043486699,50
-}{5:{CHK:1143FB20924B}}{S:{COP:S}}${1:F21VZCRVECAAXXX5410610696}{4:{177:0404021720}{451:0}}{1:F01VZCRVECAAXXX5410610696}{2:09501717040402VZCRVECAAXXX40812675430404021720N}{3:{108:SCONNECT}}{4:
:20:MI090122
:25:1111111111
:28C:0546/457
:60M:D090122VEF000043486699,50
:61:090122D000000000829,48NTRF000044972132//180009
PAGO
:61:090122D000000000631,48NTRF000044972032//180009
PAGO
:61:090122D000000000137,25NTRF000000699008//180009
PAGO
:61:090122D000000000840,69NTRF000000699007//180009
PAGO
:61:090122D000000000756,46NTRF000000699006//180009
PAGO
:61:090122D000000000636,53NTRF000000699005//180009
PAGO
:61:090122D000000010849,31NTRF000000699004//180009
PAGO
:61:090122D000000001672,96NTRF000000699003//180009
PAGO
:61:090122D000000000520,00NTRF000000699002//180009
PAGO
:62M:D090122VEF000043503573,66
-}{5:{CHK:1143FB20924B}}{S:{COP:S}}${1:F21VZCRVECAAXXX5410610696}{4:{177:0404021720}{451:0}}{1:F01VZCRVECAAXXX5410610696}{2:09501717040402VZCRVECAAXXX40812675430404021720N}{3:{108:SCONNECT}}{4:
:20:MI090122
:25:1111111111
:28C:0546/458
:60M:D090122VEF000043503573,66
:61:090122D000000007745,87NTRF000000699001//180009
PAGO
:61:090122D000000000247,35NTRF000000699000//180009
PAGO
:61:090122D000000009900,00NTRF000000080283//180009
PAGO
:61:090122D000000009900,00NTRF000000080274//180009
PAGO
:61:090122D000000871183,73NTRF000000080194//180009
PAGO
:61:090122D000000000324,00NTRF000000080193//180009
PAGO
:61:090122C000044402874,61NTRF000020090122//180009
N/C
:62F:C090122VEF000000000000,00
-}{5:{CHK:1143FB20924B}}{S:{COP:S}}