{1:F21VZCRVECAAXXX5297582204}{4:{177:0311252025}{451:0}}{1:F01VZCRVECAAXXX5297582204}{2:09502025031125VZCRVECAAXXX27981267430311252025N}{3:{108:T000163667}}{4:
:20:MI090527
:25:1111111111
:28C:0628/001
:60F:C090527VEF000000000000,00
:61:090527D000000000150,00NTRF000049024206//180010
PAGO
:61:090527D000000000500,00NTRF000095661238//180010
PAGO
:61:090527D000000002000,00NTRF000090950207//180010
PAGO
:61:090527D000000000300,00NTRF000055775918//180010
PAGO
:61:090527D000000002000,00NTRF000061122283//180010
PAGO
:61:090527D000000005500,00NTRF000039753442//180010
PAGO
:61:090527D000000000100,00NTRF000074682500//180010
PAGO
:61:090527D000000000100,00NTRF000013651082//180010
PAGO
:61:090527D000000000135,00NTRF000041001546//180010
PAGO
:62M:D090527VEF000000010785,00
-}{5:{CHK:1143FB20924B}}{S:{COP:S}}${1:F21VZCRVECAAXXX5410610696}{4:{177:0404021720}{451:0}}{1:F01VZCRVECAAXXX5410610696}{2:09501717040402VZCRVECAAXXX40812675430404021720N}{3:{108:SCONNECT}}{4:
:20:MI090527
:25:1111111111
:28C:0628/002
:60M:D090527VEF000000010785,00
:61:090527D000000001295,77NTRF000000003168//180010
PAGO
:61:090527D000000000250,00NTRF000056628377//180010
PAGO
:61:090527D000000002322,00NTRF000041001518//180010
PAGO
:61:090527D000000000115,00NTRF000028315618//180010
PAGO
:61:090527D000000000400,00NTRF000028225602//180010
PAGO
:61:090527D000000000071,96NTRF000028040266//180010
PAGO
:61:090527D000000002500,00NTRF000028018553//180010
PAGO
:61:090527D000000000100,00NTRF000027710477//180010
PAGO
:61:090527D000000000040,00NTRF000027668353//180010
PAGO
:62M:D090527VEF000000017879,73
-}{5:{CHK:1143FB20924B}}{S:{COP:S}}${1:F21VZCRVECAAXXX5410610696}{4:{177:0404021720}{451:0}}{1:F01VZCRVECAAXXX5410610696}{2:09501717040402VZCRVECAAXXX40812675430404021720N}{3:{108:SCONNECT}}{4:
:20:MI090527
:25:1111111111
:28C:0628/003
:60M:D090527VEF000000017879,73
:61:090527D000000000600,00NTRF000027640936//180010
PAGO
:61:090527D000000000600,00NTRF000027577936//180010
PAGO
:61:090527D000000000080,00NTRF000027400377//180010
PAGO
:61:090527D000000000600,00NTRF000099688786//180010
PAGO
:61:090527D000000000300,00NTRF000099679205//180010
PAGO
:61:090527D000000004000,00NTRF000099544744//180010
PAGO
:61:090527D000000005120,00NTRF000099540791//180010
PAGO
:61:090527D000000020000,00NTRF000099517908//180010
PAGO
:61:090527D000000000210,00NTRF000099067966//180010
PAGO
:62M:D090527VEF000000049389,73
-}{5:{CHK:1143FB20924B}}{S:{COP:S}}${1:F21VZCRVECAAXXX5410610696}{4:{177:0404021720}{451:0}}{1:F01VZCRVECAAXXX5410610696}{2:09501717040402VZCRVECAAXXX40812675430404021720N}{3:{108:SCONNECT}}{4:
:20:MI090527
:25:1111111111
:28C:0628/004
:60M:D090527VEF000000049389,73
:61:090527D000000019200,00NTRF000099003528//180010
PAGO
:61:090527D000000000150,00NTRF000098823409//180010
PAGO
:61:090527D000000000960,00NTRF000098755973//180010
PAGO
:61:090527D000000002233,00NTRF000082034889//180010
PAGO
:61:090527D000000001400,00NTRF000082011027//180010
PAGO
:61:090527D000000000200,00NTRF000081874968//180010
PAGO
:61:090527D000000001000,00NTRF000081848835//180010
PAGO
:61:090527D000000000990,00NTRF000081788401//180010
PAGO
:61:090527D000000000180,00NTRF000081509868//180010
PAGO
:62M:D090527VEF000000075702,73
-}{5:{CHK:1143FB20924B}}{S:{COP:S}}${1:F21VZCRVECAAXXX5410610696}{4:{177:0404021720}{451:0}}{1:F01VZCRVECAAXXX5410610696}{2:09501717040402VZCRVECAAXXX40812675430404021720N}{3:{108:SCONNECT}}{4:
:20:MI090527
:25:1111111111
:28C:0628/005
:60M:D090527VEF000000075702,73
:61:090527D000000000150,00NTRF000081428754//180010
PAGO
:61:090527D000000000030,00NTRF000081238022//180010
PAGO
:61:090527D000000000250,00NTRF000081048630//180010
PAGO
:61:090527D000000000300,00NTRF000067314281//180010
PAGO
:61:090527D000000001448,50NTRF000067107668//180010
PAGO
:61:090527D000000002000,00NTRF000066832867//180010
PAGO
:61:090527D000000001909,50NTRF000066610085//180010
PAGO
:61:090527D000000003600,00NTRF000066573193//180010
PAGO
:61:090527D000000015000,00NTRF000066533742//180010
PAGO
:62M:D090527VEF000000100390,73
-}{5:{CHK:1143FB20924B}}{S:{COP:S}}${1:F21VZCRVECAAXXX5410610696}{4:{177:0404021720}{451:0}}{1:F01VZCRVECAAXXX5410610696}{2:09501717040402VZCRVECAAXXX40812675430404021720N}{3:{108:SCONNECT}}{4:
:20:MI090527
:25:1111111111
:28C:0628/006
:60M:D090527VEF000000100390,73
:61:090527D000000008918,05NTRF000066459723//180010
PAGO
:61:090527D000000002000,00NTRF000066274251//180010
PAGO
:61:090527D000000004047,90NTRF000066070137//180010
PAGO
:61:090527D000000000661,95NTRF000048239734//180010
PAGO
:61:090527D000000000200,00NTRF000047983264//180010
PAGO
:61:090527D000000000500,00NTRF000047947296//180010
PAGO
:61:090527D000000000296,00NTRF000047738766//180010
PAGO
:61:090527D000000010000,00NTRF000047602491//180010
PAGO
:61:090527D000000005800,00NTRF000047235262//180010
PAGO
:62M:D090527VEF000000132814,63
-}{5:{CHK:1143FB20924B}}{S:{COP:S}}${1:F21VZCRVECAAXXX5410610696}{4:{177:0404021720}{451:0}}{1:F01VZCRVECAAXXX5410610696}{2:09501717040402VZCRVECAAXXX40812675430404021720N}{3:{108:SCONNECT}}{4:
:20:MI090527
:25:1111111111
:28C:0628/007
:60M:D090527VEF000000132814,63
:61:090527D000000000500,00NTRF000047178779//180010
PAGO
:61:090527D000000003500,00NTRF000047061015//180010
PAGO
:61:090527D000000001212,22NTRF000047056109//180010
PAGO
:61:090527D000000000100,00NTRF000031487767//180010
PAGO
:61:090527D000000000400,00NTRF000031395817//180010
PAGO
:61:090527D000000000500,00NTRF000031330717//180010
PAGO
:61:090527D000000006583,72NTRF000031264671//180010
PAGO
:61:090527D000000000739,40NTRF000031214755//180010
PAGO
:61:090527D000000000529,00NTRF000031189922//180010
PAGO
:62M:D090527VEF000000146878,97
-}{5:{CHK:1143FB20924B}}{S:{COP:S}}${1:F21VZCRVECAAXXX5410610696}{4:{177:0404021720}{451:0}}{1:F01VZCRVECAAXXX5410610696}{2:09501717040402VZCRVECAAXXX40812675430404021720N}{3:{108:SCONNECT}}{4:
:20:MI090527
:25:1111111111
:28C:0628/008
:60M:D090527VEF000000146878,97
:61:090527D000000001300,00NTRF000031162972//180010
PAGO
:61:090527D000000000500,00NTRF000031115232//180010
PAGO
:61:090527D000000008000,00NTRF000031024621//180010
PAGO
:61:090527D000000000300,00NTRF000011461408//180010
PAGO
:61:090527D000000000400,00NTRF000011365240//180010
PAGO
:61:090527D000000000150,00NTRF000010992306//180010
PAGO
:61:090527D000000004350,00NTRF000010877020//180010
PAGO
:61:090527D000000000160,00NTRF000010702345//180010
PAGO
:61:090527D000000000600,00NTRF000010629190//180010
PAGO
:62M:D090527VEF000000162638,97
-}{5:{CHK:1143FB20924B}}{S:{COP:S}}${1:F21VZCRVECAAXXX5410610696}{4:{177:0404021720}{451:0}}{1:F01VZCRVECAAXXX5410610696}{2:09501717040402VZCRVECAAXXX40812675430404021720N}{3:{108:SCONNECT}}{4:
:20:MI090527
:25:1111111111
:28C:0628/009
:60M:D090527VEF000000162638,97
:61:090527D000000003000,00NTRF000010613900//180010
PAGO
:61:090527D000000003000,00NTRF000010504369//180010
PAGO
:61:090527D000000000477,00NTRF000010274059//180010
PAGO
:61:090527D000000001000,00NTRF000088805363//180010
PAGO
:61:090527D000000000050,36NTRF000088434523//180010
PAGO
:61:090527D000000000055,00NTRF000088399859//180010
PAGO
:61:090527D000000000036,00NTRF000088117411//180010
PAGO
:61:090527D000000001000,00NTRF000088054636//180010
PAGO
:61:090527D000000000400,00NTRF000087786684//180010
PAGO
:62M:D090527VEF000000171657,33
-}{5:{CHK:1143FB20924B}}{S:{COP:S}}${1:F21VZCRVECAAXXX5410610696}{4:{177:0404021720}{451:0}}{1:F01VZCRVECAAXXX5410610696}{2:09501717040402VZCRVECAAXXX40812675430404021720N}{3:{108:SCONNECT}}{4:
:20:MI090527
:25:1111111111
:28C:0628/010
:60M:D090527VEF000000171657,33
:61:090527D000000000150,00NTRF000087543529//180010
PAGO
:61:090527D000000000830,00NTRF000087277499//180010
PAGO
:61:090527D000000000210,00NTRF000087221563//180010
PAGO
:61:090527D000000000100,00NTRF000059455274//180010
PAGO
:61:090527D000000000300,00NTRF000059165771//180010
PAGO
:61:090527D000000003614,00NTRF000057880827//180010
PAGO
:61:090527D000000002000,00NTRF000057683608//180010
PAGO
:61:090527D000000000080,73NTRF000057611537//180010
PAGO
:61:090527D000000000035,95NTRF000057505159//180010
PAGO
:62M:D090527VEF000000178978,01
-}{5:{CHK:1143FB20924B}}{S:{COP:S}}${1:F21VZCRVECAAXXX5410610696}{4:{177:0404021720}{451:0}}{1:F01VZCRVECAAXXX5410610696}{2:09501717040402VZCRVECAAXXX40812675430404021720N}{3:{108:SCONNECT}}{4:
:20:MI090527
:25:1111111111
:28C:0628/011
:60M:D090527VEF000000178978,01
:61:090527D000000000370,00NTRF000057328437//180010
PAGO
:61:090527D000000005200,00NTRF000057154730//180010
PAGO
:61:090527D000000000160,00NTRF000057139833//180010
PAGO
:61:090527D000000000050,00NTRF000029006457//180010
PAGO
:61:090527D000000000234,43NTRF000028502379//180010
PAGO
:61:090527D000000000800,00NTRF000028293383//180010
PAGO
:61:090527D000000000141,00NTRF000028247629//180010
PAGO
:61:090527D000000000055,00NTRF000027830592//180010
PAGO
:61:090527D000000000800,00NTRF000027822669//180010
PAGO
:62M:D090527VEF000000186788,44
-}{5:{CHK:1143FB20924B}}{S:{COP:S}}${1:F21VZCRVECAAXXX5410610696}{4:{177:0404021720}{451:0}}{1:F01VZCRVECAAXXX5410610696}{2:09501717040402VZCRVECAAXXX40812675430404021720N}{3:{108:SCONNECT}}{4:
:20:MI090527
:25:1111111111
:28C:0628/012
:60M:D090527VEF000000186788,44
:61:090527D000000002400,00NTRF000027705072//180010
PAGO
:61:090527D000000000120,00NTRF000027703334//180010
PAGO
:61:090527D000000003700,00NTRF000027564941//180010
PAGO
:61:090527D000000000650,00NTRF000002921432//180010
PAGO
:61:090527D000000000100,00NTRF000002843873//180010
PAGO
:61:090527D000000000600,00NTRF000002702950//180010
PAGO
:61:090527D000000000770,00NTRF000002678936//180010
PAGO
:61:090527D000000000100,00NTRF000002529882//180010
PAGO
:61:090527D000000000080,00NTRF000002270375//180010
PAGO
:62M:D090527VEF000000195308,44
-}{5:{CHK:1143FB20924B}}{S:{COP:S}}${1:F21VZCRVECAAXXX5410610696}{4:{177:0404021720}{451:0}}{1:F01VZCRVECAAXXX5410610696}{2:09501717040402VZCRVECAAXXX40812675430404021720N}{3:{108:SCONNECT}}{4:
:20:MI090527
:25:1111111111
:28C:0628/013
:60M:D090527VEF000000195308,44
:61:090527D000000000971,49NTRF000002266879//180010
PAGO
:61:090527D000000000664,28NTRF000001667823//180010
PAGO
:61:090527D000000000120,00NTRF000001602454//180010
PAGO
:61:090527D000000001610,20NTRF000000917729//180010
PAGO
:61:090527D000000008317,79NTRF000000917728//180010
PAGO
:61:090527D000000001462,23NTRF000000917536//180010
PAGO
:61:090527D000000002575,00NTRF000000917521//180010
PAGO
:61:090527D000000002408,44NTRF000000917515//180010
PAGO
:61:090527D000000003862,25NTRF000000917501//180010
PAGO
:62M:D090527VEF000000217300,12
-}{5:{CHK:1143FB20924B}}{S:{COP:S}}${1:F21VZCRVECAAXXX5410610696}{4:{177:0404021720}{451:0}}{1:F01VZCRVECAAXXX5410610696}{2:09501717040402VZCRVECAAXXX40812675430404021720N}{3:{108:SCONNECT}}{4:
:20:MI090527
:25:1111111111
:28C:0628/014
:60M:D090527VEF000000217300,12
:61:090527D000000009015,84NTRF000000880839//180010
PAGO
:61:090527D000000009273,16NTRF000000880835//180010
PAGO
:61:090527D000000016108,50NTRF000000880831//180010
PAGO
:61:090527D000000000183,00NTRF000090000543//180010
PAGO
:61:090527D000000000420,00NTRF000090000542//180010
PAGO
:61:090527D000000000100,40NTRF000090000541//180010
PAGO
:61:090527D000000000024,10NTRF000090000540//180010
PAGO
:61:090527D000000000154,60NTRF000090000539//180010
PAGO
:61:090527D000000000587,80NTRF000090000538//180010
PAGO
:62M:D090527VEF000000253167,52
-}{5:{CHK:1143FB20924B}}{S:{COP:S}}${1:F21VZCRVECAAXXX5410610696}{4:{177:0404021720}{451:0}}{1:F01VZCRVECAAXXX5410610696}{2:09501717040402VZCRVECAAXXX40812675430404021720N}{3:{108:SCONNECT}}{4:
:20:MI090527
:25:1111111111
:28C:0628/015
:60M:D090527VEF000000253167,52
:61:090527D000000000299,50NTRF000090000537//180010
PAGO
:61:090527D000000000156,80NTRF000090000536//180010
PAGO
:61:090527D000000000580,00NTRF000090000535//180010
PAGO
:61:090527D000000000214,60NTRF000090000399//180010
PAGO
:61:090527D000000000147,10NTRF000090000398//180010
PAGO
:61:090527D000000000212,80NTRF000090000397//180010
PAGO
:61:090527D000000000245,60NTRF000090000396//180010
PAGO
:61:090527D000000000208,80NTRF000090000395//180010
PAGO
:61:090527D000000000214,70NTRF000090000394//180010
PAGO
:62M:D090527VEF000000255447,42
-}{5:{CHK:1143FB20924B}}{S:{COP:S}}${1:F21VZCRVECAAXXX5410610696}{4:{177:0404021720}{451:0}}{1:F01VZCRVECAAXXX5410610696}{2:09501717040402VZCRVECAAXXX40812675430404021720N}{3:{108:SCONNECT}}{4:
:20:MI090527
:25:1111111111
:28C:0628/016
:60M:D090527VEF000000255447,42
:61:090527D000000000426,60NTRF000090000393//180010
PAGO
:61:090527D000000000229,10NTRF000090000392//180010
PAGO
:61:090527D000000000356,70NTRF000090000391//180010
PAGO
:61:090527D000000000666,80NTRF000090000255//180010
PAGO
:61:090527D000000001480,00NTRF000090000254//180010
PAGO
:61:090527D000000000402,00NTRF000090000253//180010
PAGO
:61:090527D000000000128,00NTRF000090000252//180010
PAGO
:61:090527D000000000236,70NTRF000090000251//180010
PAGO
:61:090527D000000000442,80NTRF000090000250//180010
PAGO
:62M:D090527VEF000000259816,12
-}{5:{CHK:1143FB20924B}}{S:{COP:S}}${1:F21VZCRVECAAXXX5410610696}{4:{177:0404021720}{451:0}}{1:F01VZCRVECAAXXX5410610696}{2:09501717040402VZCRVECAAXXX40812675430404021720N}{3:{108:SCONNECT}}{4:
:20:MI090527
:25:1111111111
:28C:0628/017
:60M:D090527VEF000000259816,12
:61:090527D000000001277,20NTRF000090000249//180010
PAGO
:61:090527D000000000157,20NTRF000090000248//180010
PAGO
:61:090527D000000000272,40NTRF000090000238//180010
PAGO
:61:090527D000000000256,00NTRF000090000108//180010
PAGO
:61:090527D000000000395,50NTRF000090000107//180010
PAGO
:61:090527D000000000148,20NTRF000090000106//180010
PAGO
:61:090527D000000000351,90NTRF000090000104//180010
PAGO
:61:090527D000000000488,20NTRF000090000103//180010
PAGO
:61:090527D000000000332,80NTRF000090000102//180010
PAGO
:62M:D090527VEF000000263495,52
-}{5:{CHK:1143FB20924B}}{S:{COP:S}}${1:F21VZCRVECAAXXX5410610696}{4:{177:0404021720}{451:0}}{1:F01VZCRVECAAXXX5410610696}{2:09501717040402VZCRVECAAXXX40812675430404021720N}{3:{108:SCONNECT}}{4:
:20:MI090527
:25:1111111111
:28C:0628/018
:60M:D090527VEF000000263495,52
:61:090527D000000000162,50NTRF000090000101//180010
PAGO
:61:090527D000000000564,40NTRF000090000100//180010
PAGO
:61:090527D000000000370,50NTRF000090000099//180010
PAGO
:61:090527D000000003468,05NTRF000041001503//180010
PAGO
:61:090527D000000002255,61NTRF000041001502//180010
PAGO
:61:090527D000000000494,40NTRF000041001501//180010
PAGO
:61:090527D000000000695,30NTRF000041001500//180010
PAGO
:61:090527D000000001338,10NTRF000041001498//180010
PAGO
:61:090527D000000000534,77NTRF000041001497//180010
PAGO
:62M:D090527VEF000000273379,15
-}{5:{CHK:1143FB20924B}}{S:{COP:S}}${1:F21VZCRVECAAXXX5410610696}{4:{177:0404021720}{451:0}}{1:F01VZCRVECAAXXX5410610696}{2:09501717040402VZCRVECAAXXX40812675430404021720N}{3:{108:SCONNECT}}{4:
:20:MI090527
:25:1111111111
:28C:0628/019
:60M:D090527VEF000000273379,15
:61:090527D000000001285,89NTRF000041001496//180010
PAGO
:61:090527D000000000616,11NTRF000041001495//180010
PAGO
:61:090527D000000001902,35NTRF000041001494//180010
PAGO
:61:090527D000000000250,00NTRF000026402918//180010
PAGO
:61:090527D000000122000,00NTRF000025445915//180010
PAGO
:61:090527D000000001250,00NTRF000024027933//180010
PAGO
:61:090527D000000000879,00NTRF000022211980//180010
PAGO
:61:090527D000000000120,00NTRF000021736463//180010
PAGO
:61:090527D000000000670,00NTRF000021370291//180010
PAGO
:62M:D090527VEF000000402352,50
-}{5:{CHK:1143FB20924B}}{S:{COP:S}}${1:F21VZCRVECAAXXX5410610696}{4:{177:0404021720}{451:0}}{1:F01VZCRVECAAXXX5410610696}{2:09501717040402VZCRVECAAXXX40812675430404021720N}{3:{108:SCONNECT}}{4:
:20:MI090527
:25:1111111111
:28C:0628/020
:60M:D090527VEF000000402352,50
:61:090527D000000000550,00NTRF000020900087//180010
PAGO
:61:090527D000000001000,00NTRF000016518633//180010
PAGO
:61:090527D000000000357,00NTRF000016303237//180010
PAGO
:61:090527D000000000600,00NTRF000078870253//180010
PAGO
:61:090527D000000000370,00NTRF000078530357//180010
PAGO
:61:090527D000000000500,00NTRF000078268471//180010
PAGO
:61:090527D000000001000,00NTRF000078130725//180010
PAGO
:61:090527D000000001000,00NTRF000077977417//180010
PAGO
:61:090527D000000000250,00NTRF000077711870//180010
PAGO
:62M:D090527VEF000000407979,50
-}{5:{CHK:1143FB20924B}}{S:{COP:S}}${1:F21VZCRVECAAXXX5410610696}{4:{177:0404021720}{451:0}}{1:F01VZCRVECAAXXX5410610696}{2:09501717040402VZCRVECAAXXX40812675430404021720N}{3:{108:SCONNECT}}{4:
:20:MI090527
:25:1111111111
:28C:0628/021
:60M:D090527VEF000000407979,50
:61:090527D000000000500,00NTRF000077645143//180010
PAGO
:61:090527D000000000131,00NTRF000077455357//180010
PAGO
:61:090527D000000000259,54NTRF000077140816//180010
PAGO
:61:090527D000000000180,00NTRF000052907798//180010
PAGO
:61:090527D000000000700,00NTRF000052828774//180010
PAGO
:61:090527D000000001350,00NTRF000052547227//180010
PAGO
:61:090527D000000001500,00NTRF000052512614//180010
PAGO
:61:090527D000000000600,00NTRF000052318122//180010
PAGO
:61:090527D000000001361,70NTRF000052167020//180010
PAGO
:62M:D090527VEF000000414561,74
-}{5:{CHK:1143FB20924B}}{S:{COP:S}}${1:F21VZCRVECAAXXX5410610696}{4:{177:0404021720}{451:0}}{1:F01VZCRVECAAXXX5410610696}{2:09501717040402VZCRVECAAXXX40812675430404021720N}{3:{108:SCONNECT}}{4:
:20:MI090527
:25:1111111111
:28C:0628/022
:60M:D090527VEF000000414561,74
:61:090527D000000001700,00NTRF000052016328//180010
PAGO
:61:090527D000000000600,00NTRF000051176893//180010
PAGO
:61:090527D000000000260,00NTRF000051117891//180010
PAGO
:61:090527D000000000500,00NTRF000025826270//180010
PAGO
:61:090527D000000001700,00NTRF000025592689//180010
PAGO
:61:090527D000000001000,00NTRF000025481154//180010
PAGO
:61:090527D000000000350,00NTRF000025300719//180010
PAGO
:61:090527D000000003700,00NTRF000024880529//180010
PAGO
:61:090527D000000000610,00NTRF000024878467//180010
PAGO
:62M:D090527VEF000000424981,74
-}{5:{CHK:1143FB20924B}}{S:{COP:S}}${1:F21VZCRVECAAXXX5410610696}{4:{177:0404021720}{451:0}}{1:F01VZCRVECAAXXX5410610696}{2:09501717040402VZCRVECAAXXX40812675430404021720N}{3:{108:SCONNECT}}{4:
:20:MI090527
:25:1111111111
:28C:0628/023
:60M:D090527VEF000000424981,74
:61:090527D000000009211,26NTRF000024614820//180010
PAGO
:61:090527D000000000200,00NTRF000024306354//180010
PAGO
:61:090527D000000000400,00NTRF000024283609//180010
PAGO
:61:090527D000000000329,91NTRF000000022101//180010
PAGO
:61:090527D000000001200,00NTRF000099844838//180010
PAGO
:61:090527D000000004730,23NTRF000099533005//180010
PAGO
:61:090527D000000000500,00NTRF000099083834//180010
PAGO
:61:090527D000000000500,00NTRF000099060834//180010
PAGO
:61:090527D000000000145,00NTRF000098536905//180010
PAGO
:62M:D090527VEF000000442198,14
-}{5:{CHK:1143FB20924B}}{S:{COP:S}}${1:F21VZCRVECAAXXX5410610696}{4:{177:0404021720}{451:0}}{1:F01VZCRVECAAXXX5410610696}{2:09501717040402VZCRVECAAXXX40812675430404021720N}{3:{108:SCONNECT}}{4:
:20:MI090527
:25:1111111111
:28C:0628/024
:60M:D090527VEF000000442198,14
:61:090527D000000000200,00NTRF000098523717//180010
PAGO
:61:090527D000000002264,00NTRF000098515753//180010
PAGO
:61:090527D000000000500,00NTRF000098086588//180010
PAGO
:61:090527D000000000250,00NTRF000063714446//180010
PAGO
:61:090527D000000000250,00NTRF000063711508//180010
PAGO
:61:090527D000000000250,00NTRF000063699565//180010
PAGO
:61:090527D000000000500,00NTRF000063635682//180010
PAGO
:61:090527D000000000100,00NTRF000063305761//180010
PAGO
:61:090527D000000001500,00NTRF000062969587//180010
PAGO
:62M:D090527VEF000000448012,14
-}{5:{CHK:1143FB20924B}}{S:{COP:S}}${1:F21VZCRVECAAXXX5410610696}{4:{177:0404021720}{451:0}}{1:F01VZCRVECAAXXX5410610696}{2:09501717040402VZCRVECAAXXX40812675430404021720N}{3:{108:SCONNECT}}{4:
:20:MI090527
:25:1111111111
:28C:0628/025
:60M:D090527VEF000000448012,14
:61:090527D000000001514,00NTRF000062938129//180010
PAGO
:61:090527D000000000417,00NTRF000062650820//180010
PAGO
:61:090527D000000001052,00NTRF000060795709//180010
PAGO
:61:090527D000000001000,00NTRF000027304807//180010
PAGO
:61:090527D000000001000,00NTRF000027099895//180010
PAGO
:61:090527D000000000250,00NTRF000026368749//180010
PAGO
:61:090527D000000001000,00NTRF000026178770//180010
PAGO
:61:090527D000000000500,00NTRF000025811190//180010
PAGO
:61:090527D000000000500,00NTRF000025763190//180010
PAGO
:62M:D090527VEF000000455245,14
-}{5:{CHK:1143FB20924B}}{S:{COP:S}}${1:F21VZCRVECAAXXX5410610696}{4:{177:0404021720}{451:0}}{1:F01VZCRVECAAXXX5410610696}{2:09501717040402VZCRVECAAXXX40812675430404021720N}{3:{108:SCONNECT}}{4:
:20:MI090527
:25:1111111111
:28C:0628/026
:60M:D090527VEF000000455245,14
:61:090527D000000000437,79NTRF000025578894//180010
PAGO
:61:090527D000000000020,00NTRF000025453195//180010
PAGO
:61:090527D000000000626,64NTRF000025087948//180010
PAGO
:61:090527D000000001150,00NTRF000098450756//180010
PAGO
:61:090527D000000005930,31NTRF000098410683//180010
PAGO
:61:090527D000000007000,00NTRF000098372645//180010
PAGO
:61:090527D000000010700,00NTRF000098328720//180010
PAGO
:61:090527D000000000900,22NTRF000098277932//180010
PAGO
:61:090527D000000023295,65NTRF000097912139//180010
PAGO
:62M:D090527VEF000000505305,75
-}{5:{CHK:1143FB20924B}}{S:{COP:S}}${1:F21VZCRVECAAXXX5410610696}{4:{177:0404021720}{451:0}}{1:F01VZCRVECAAXXX5410610696}{2:09501717040402VZCRVECAAXXX40812675430404021720N}{3:{108:SCONNECT}}{4:
:20:MI090527
:25:1111111111
:28C:0628/027
:60M:D090527VEF000000505305,75
:61:090527D000000005500,00NTRF000097691152//180010
PAGO
:61:090527D000000000800,00NTRF000097638540//180010
PAGO
:61:090527D000000001600,00NTRF000097302493//180010
PAGO
:61:090527D000000000400,00NTRF000081025325//180010
PAGO
:61:090527D000000000630,00NTRF000080968481//180010
PAGO
:61:090527D000000000952,16NTRF000080660772//180010
PAGO
:61:090527D000000010000,00NTRF000080564096//180010
PAGO
:61:090527D000000000900,00NTRF000080518661//180010
PAGO
:61:090527D000000020667,58NTRF000080452831//180010
PAGO
:62M:D090527VEF000000546755,49
-}{5:{CHK:1143FB20924B}}{S:{COP:S}}${1:F21VZCRVECAAXXX5410610696}{4:{177:0404021720}{451:0}}{1:F01VZCRVECAAXXX5410610696}{2:09501717040402VZCRVECAAXXX40812675430404021720N}{3:{108:SCONNECT}}{4:
:20:MI090527
:25:1111111111
:28C:0628/028
:60M:D090527VEF000000546755,49
:61:090527D000000000300,00NTRF000080290590//180010
PAGO
:61:090527D000000000850,00NTRF000080285729//180010
PAGO
:61:090527D000000000800,00NTRF000080232914//180010
PAGO
:61:090527D000000000366,50NTRF000065687937//180010
PAGO
:61:090527D000000000400,00NTRF000065686232//180010
PAGO
:61:090527D000000000550,00NTRF000065600390//180010
PAGO
:61:090527D000000000660,00NTRF000065545354//180010
PAGO
:61:090527D000000001300,00NTRF000065531897//180010
PAGO
:61:090527D000000000700,00NTRF000065389946//180010
PAGO
:62M:D090527VEF000000552681,99
-}{5:{CHK:1143FB20924B}}{S:{COP:S}}${1:F21VZCRVECAAXXX5410610696}{4:{177:0404021720}{451:0}}{1:F01VZCRVECAAXXX5410610696}{2:09501717040402VZCRVECAAXXX40812675430404021720N}{3:{108:SCONNECT}}{4:
:20:MI090527
:25:1111111111
:28C:0628/029
:60M:D090527VEF000000552681,99
:61:090527D000000001800,00NTRF000065362664//180010
PAGO
:61:090527D000000000400,00NTRF000065137015//180010
PAGO
:61:090527D000000000070,00NTRF000065051112//180010
PAGO
:61:090527D000000000760,00NTRF000046976040//180010
PAGO
:61:090527D000000002570,00NTRF000046926773//180010
PAGO
:61:090527D000000000006,00NTRF000046889490//180010
PAGO
:61:090527D000000000624,00NTRF000046594123//180010
PAGO
:61:090527D000000000300,00NTRF000046282099//180010
PAGO
:61:090527D000000000070,00NTRF000046263745//180010
PAGO
:62M:D090527VEF000000559281,99
-}{5:{CHK:1143FB20924B}}{S:{COP:S}}${1:F21VZCRVECAAXXX5410610696}{4:{177:0404021720}{451:0}}{1:F01VZCRVECAAXXX5410610696}{2:09501717040402VZCRVECAAXXX40812675430404021720N}{3:{108:SCONNECT}}{4:
:20:MI090527
:25:1111111111
:28C:0628/030
:60M:D090527VEF000000559281,99
:61:090527D000000001061,30NTRF000046241934//180010
PAGO
:61:090527D000000000123,00NTRF000046228354//180010
PAGO
:61:090527D000000000105,00NTRF000045727304//180010
PAGO
:61:090527D000000000500,00NTRF000030950233//180010
PAGO
:61:090527D000000000500,00NTRF000030915670//180010
PAGO
:61:090527D000000000200,00NTRF000030836127//180010
PAGO
:61:090527D000000000300,00NTRF000030796934//180010
PAGO
:61:090527D000000000200,00NTRF000030789993//180010
PAGO
:61:090527D000000000500,00NTRF000030622855//180010
PAGO
:62M:D090527VEF000000562771,29
-}{5:{CHK:1143FB20924B}}{S:{COP:S}}${1:F21VZCRVECAAXXX5410610696}{4:{177:0404021720}{451:0}}{1:F01VZCRVECAAXXX5410610696}{2:09501717040402VZCRVECAAXXX40812675430404021720N}{3:{108:SCONNECT}}{4:
:20:MI090527
:25:1111111111
:28C:0628/031
:60M:D090527VEF000000562771,29
:61:090527D000000010000,00NTRF000030530879//180010
PAGO
:61:090527D000000001500,00NTRF000030341731//180010
PAGO
:61:090527D000000010000,00NTRF000030267800//180010
PAGO
:61:090527D000000000450,00NTRF000010028061//180010
PAGO
:61:090527D000000000800,00NTRF000009998416//180010
PAGO
:61:090527D000000000100,00NTRF000009794685//180010
PAGO
:61:090527D000000004345,00NTRF000009700805//180010
PAGO
:61:090527D000000001100,00NTRF000009359908//180010
PAGO
:61:090527D000000000380,00NTRF000009217255//180010
PAGO
:62M:D090527VEF000000591446,29
-}{5:{CHK:1143FB20924B}}{S:{COP:S}}${1:F21VZCRVECAAXXX5410610696}{4:{177:0404021720}{451:0}}{1:F01VZCRVECAAXXX5410610696}{2:09501717040402VZCRVECAAXXX40812675430404021720N}{3:{108:SCONNECT}}{4:
:20:MI090527
:25:1111111111
:28C:0628/032
:60M:D090527VEF000000591446,29
:61:090527D000000000300,00NTRF000009072234//180010
PAGO
:61:090527D000000000300,00NTRF000008874745//180010
PAGO
:61:090527D000000000519,00NTRF000008770164//180010
PAGO
:61:090527D000000001500,00NTRF000087112090//180010
PAGO
:61:090527D000000000060,00NTRF000086925639//180010
PAGO
:61:090527D000000001500,00NTRF000086844090//180010
PAGO
:61:090527D000000001500,00NTRF000086789090//180010
PAGO
:61:090527D000000000500,00NTRF000086695632//180010
PAGO
:61:090527D000000004000,00NTRF000086479686//180010
PAGO
:62M:D090527VEF000000601625,29
-}{5:{CHK:1143FB20924B}}{S:{COP:S}}${1:F21VZCRVECAAXXX5410610696}{4:{177:0404021720}{451:0}}{1:F01VZCRVECAAXXX5410610696}{2:09501717040402VZCRVECAAXXX40812675430404021720N}{3:{108:SCONNECT}}{4:
:20:MI090527
:25:1111111111
:28C:0628/033
:60M:D090527VEF000000601625,29
:61:090527D000000001019,00NTRF000086348797//180010
PAGO
:61:090527D000000000250,00NTRF000085833115//180010
PAGO
:61:090527D000000000260,00NTRF000085664591//180010
PAGO
:61:090527D000000000200,00NTRF000056990514//180010
PAGO
:61:090527D000000000200,00NTRF000056973514//180010
PAGO
:61:090527D000000000150,00NTRF000056883740//180010
PAGO
:61:090527D000000000040,00NTRF000056365008//180010
PAGO
:61:090527D000000000300,00NTRF000055845565//180010
PAGO
:61:090527D000000000141,70NTRF000055740377//180010
PAGO
:62M:D090527VEF000000604185,99
-}{5:{CHK:1143FB20924B}}{S:{COP:S}}${1:F21VZCRVECAAXXX5410610696}{4:{177:0404021720}{451:0}}{1:F01VZCRVECAAXXX5410610696}{2:09501717040402VZCRVECAAXXX40812675430404021720N}{3:{108:SCONNECT}}{4:
:20:MI090527
:25:1111111111
:28C:0628/034
:60M:D090527VEF000000604185,99
:61:090527D000000000100,00NTRF000055573567//180010
PAGO
:61:090527D000000000500,00NTRF000055436212//180010
PAGO
:61:090527D000000000500,00NTRF000055398212//180010
PAGO
:61:090527D000000000200,00NTRF000027433994//180010
PAGO
:61:090527D000000000500,00NTRF000026917664//180010
PAGO
:61:090527D000000000400,00NTRF000026465703//180010
PAGO
:61:090527D000000000515,00NTRF000026408340//180010
PAGO
:61:090527D000000000150,00NTRF000026336357//180010
PAGO
:61:090527D000000001000,00NTRF000026205117//180010
PAGO
:62M:D090527VEF000000608050,99
-}{5:{CHK:1143FB20924B}}{S:{COP:S}}${1:F21VZCRVECAAXXX5410610696}{4:{177:0404021720}{451:0}}{1:F01VZCRVECAAXXX5410610696}{2:09501717040402VZCRVECAAXXX40812675430404021720N}{3:{108:SCONNECT}}{4:
:20:MI090527
:25:1111111111
:28C:0628/035
:60M:D090527VEF000000608050,99
:61:090527D000000000500,00NTRF000026098798//180010
PAGO
:61:090527D000000000537,00NTRF000026077617//180010
PAGO
:61:090527D000000000143,74NTRF000025587584//180010
PAGO
:61:090527D000000000136,00NTRF000001543663//180010
PAGO
:61:090527D000000001560,00NTRF000001452850//180010
PAGO
:61:090527D000000001000,00NTRF000001226046//180010
PAGO
:61:090527D000000000050,00NTRF000001133988//180010
PAGO
:61:090527D000000002000,00NTRF000001116249//180010
PAGO
:61:090527D000000000300,00NTRF000000837710//180010
PAGO
:62M:D090527VEF000000614277,73
-}{5:{CHK:1143FB20924B}}{S:{COP:S}}${1:F21VZCRVECAAXXX5410610696}{4:{177:0404021720}{451:0}}{1:F01VZCRVECAAXXX5410610696}{2:09501717040402VZCRVECAAXXX40812675430404021720N}{3:{108:SCONNECT}}{4:
:20:MI090527
:25:1111111111
:28C:0628/036
:60M:D090527VEF000000614277,73
:61:090527D000000000250,00NTRF000000455036//180010
PAGO
:61:090527D000000000250,00NTRF000000403036//180010
PAGO
:61:090527D000000000200,00NTRF000000349372//180010
PAGO
:61:090527D000000014980,00NTRF000000880829//180010
PAGO
:61:090527D000000007280,00NTRF000000880828//180010
PAGO
:61:090527D000000003372,11NTRF000000018414//180010
PAGO
:61:090527D000000044883,61NTRF000000015198//180010
PAGO
:61:090527D000000318270,00NTRF000000015178//180010
PAGO
:61:090527D000000007474,93NTRF000000066955//180010
PAGO
:62M:D090527VEF000001011238,38
-}{5:{CHK:1143FB20924B}}{S:{COP:S}}${1:F21VZCRVECAAXXX5410610696}{4:{177:0404021720}{451:0}}{1:F01VZCRVECAAXXX5410610696}{2:09501717040402VZCRVECAAXXX40812675430404021720N}{3:{108:SCONNECT}}{4:
:20:MI090527
:25:1111111111
:28C:0628/037
:60M:D090527VEF000001011238,38
:61:090527D000000150000,00NTRF000000066953//180010
PAGO
:61:090527D000000532694,75NTRF000004443009//180010
PAGO
:61:090527D000000398144,66NTRF000004442709//180010
PAGO
:61:090527D000000000103,80NTRF000090000534//180010
PAGO
:61:090527D000000000050,00NTRF000090000533//180010
PAGO
:61:090527D000000000349,90NTRF000090000532//180010
PAGO
:61:090527D000000000607,40NTRF000090000531//180010
PAGO
:61:090527D000000000187,80NTRF000090000530//180010
PAGO
:61:090527D000000000676,90NTRF000090000529//180010
PAGO
:62M:D090527VEF000002094053,59
-}{5:{CHK:1143FB20924B}}{S:{COP:S}}${1:F21VZCRVECAAXXX5410610696}{4:{177:0404021720}{451:0}}{1:F01VZCRVECAAXXX5410610696}{2:09501717040402VZCRVECAAXXX40812675430404021720N}{3:{108:SCONNECT}}{4:
:20:MI090527
:25:1111111111
:28C:0628/038
:60M:D090527VEF000002094053,59
:61:090527D000000000181,40NTRF000090000528//180010
PAGO
:61:090527D000000000054,70NTRF000090000527//180010
PAGO
:61:090527D000000000131,00NTRF000090000526//180010
PAGO
:61:090527D000000000797,90NTRF000090000390//180010
PAGO
:61:090527D000000000261,20NTRF000090000389//180010
PAGO
:61:090527D000000000236,00NTRF000090000388//180010
PAGO
:61:090527D000000000415,70NTRF000090000387//180010
PAGO
:61:090527D000000001273,10NTRF000090000386//180010
PAGO
:61:090527D000000000051,80NTRF000090000385//180010
PAGO
:62M:D090527VEF000002097456,39
-}{5:{CHK:1143FB20924B}}{S:{COP:S}}${1:F21VZCRVECAAXXX5410610696}{4:{177:0404021720}{451:0}}{1:F01VZCRVECAAXXX5410610696}{2:09501717040402VZCRVECAAXXX40812675430404021720N}{3:{108:SCONNECT}}{4:
:20:MI090527
:25:1111111111
:28C:0628/039
:60M:D090527VEF000002097456,39
:61:090527D000000000230,20NTRF000090000384//180010
PAGO
:61:090527D000000000366,20NTRF000090000383//180010
PAGO
:61:090527D000000000347,00NTRF000090000382//180010
PAGO
:61:090527D000000000218,40NTRF000090000247//180010
PAGO
:61:090527D000000000347,60NTRF000090000246//180010
PAGO
:61:090527D000000000279,60NTRF000090000245//180010
PAGO
:61:090527D000000000263,40NTRF000090000244//180010
PAGO
:61:090527D000000000139,90NTRF000090000243//180010
PAGO
:61:090527D000000000208,00NTRF000090000242//180010
PAGO
:62M:D090527VEF000002099856,69
-}{5:{CHK:1143FB20924B}}{S:{COP:S}}${1:F21VZCRVECAAXXX5410610696}{4:{177:0404021720}{451:0}}{1:F01VZCRVECAAXXX5410610696}{2:09501717040402VZCRVECAAXXX40812675430404021720N}{3:{108:SCONNECT}}{4:
:20:MI090527
:25:1111111111
:28C:0628/040
:60M:D090527VEF000002099856,69
:61:090527D000000000304,22NTRF000090000241//180010
PAGO
:61:090527D000000001254,00NTRF000090000240//180010
PAGO
:61:090527D000000002787,80NTRF000090000239//180010
PAGO
:61:090527D000000000534,00NTRF000090000098//180010
PAGO
:61:090527D000000000116,70NTRF000090000097//180010
PAGO
:61:090527D000000000230,10NTRF000090000096//180010
PAGO
:61:090527D000000000147,70NTRF000090000095//180010
PAGO
:61:090527D000000000221,50NTRF000090000094//180010
PAGO
:61:090527D000000000518,00NTRF000090000093//180010
PAGO
:62M:D090527VEF000002105970,71
-}{5:{CHK:1143FB20924B}}{S:{COP:S}}${1:F21VZCRVECAAXXX5410610696}{4:{177:0404021720}{451:0}}{1:F01VZCRVECAAXXX5410610696}{2:09501717040402VZCRVECAAXXX40812675430404021720N}{3:{108:SCONNECT}}{4:
:20:MI090527
:25:1111111111
:28C:0628/041
:60M:D090527VEF000002105970,71
:61:090527D000000000134,60NTRF000090000092//180010
PAGO
:61:090527D000000000289,70NTRF000090000091//180010
PAGO
:61:090527D000000000180,20NTRF000090000090//180010
PAGO
:61:090527D000000001440,60NTRF000041001493//180010
PAGO
:61:090527D000000001598,97NTRF000041001492//180010
PAGO
:61:090527D000000002400,00NTRF000041001491//180010
PAGO
:61:090527D000000072929,06NTRF000041001490//180010
PAGO
:61:090527D000000003322,20NTRF000041001489//180010
PAGO
:61:090527D000000003119,08NTRF000041001488//180010
PAGO
:62M:D090527VEF000002191385,12
-}{5:{CHK:1143FB20924B}}{S:{COP:S}}${1:F21VZCRVECAAXXX5410610696}{4:{177:0404021720}{451:0}}{1:F01VZCRVECAAXXX5410610696}{2:09501717040402VZCRVECAAXXX40812675430404021720N}{3:{108:SCONNECT}}{4:
:20:MI090527
:25:1111111111
:28C:0628/042
:60M:D090527VEF000002191385,12
:61:090527D000000004832,05NTRF000041001487//180010
PAGO
:61:090527D000000002923,67NTRF000041001486//180010
PAGO
:61:090527D000000005200,20NTRF000041001485//180010
PAGO
:61:090527D000000001250,00NTRF000016273591//180010
PAGO
:61:090527D000000001000,00NTRF000016077167//180010
PAGO
:61:090527D000000001800,00NTRF000015753626//180010
PAGO
:61:090527D000000002500,00NTRF000015382780//180010
PAGO
:61:090527D000000000200,00NTRF000015229351//180010
PAGO
:61:090527D000000000120,00NTRF000014492174//180010
PAGO
:62M:D090527VEF000002211211,04
-}{5:{CHK:1143FB20924B}}{S:{COP:S}}${1:F21VZCRVECAAXXX5410610696}{4:{177:0404021720}{451:0}}{1:F01VZCRVECAAXXX5410610696}{2:09501717040402VZCRVECAAXXX40812675430404021720N}{3:{108:SCONNECT}}{4:
:20:MI090527
:25:1111111111
:28C:0628/043
:60M:D090527VEF000002211211,04
:61:090527D000000004700,00NTRF000012421941//180010
PAGO
:61:090527D000000000150,00NTRF000012231375//180010
PAGO
:61:090527D000000002909,00NTRF000011410301//180010
PAGO
:61:090527D000000000650,00NTRF000077060671//180010
PAGO
:61:090527D000000001207,50NTRF000076977105//180010
PAGO
:61:090527D000000001367,00NTRF000076779976//180010
PAGO
:61:090527D000000000990,00NTRF000076237180//180010
PAGO
:61:090527D000000000200,00NTRF000076126867//180010
PAGO
:61:090527D000000000500,00NTRF000075997144//180010
PAGO
:62M:D090527VEF000002223884,54
-}{5:{CHK:1143FB20924B}}{S:{COP:S}}${1:F21VZCRVECAAXXX5410610696}{4:{177:0404021720}{451:0}}{1:F01VZCRVECAAXXX5410610696}{2:09501717040402VZCRVECAAXXX40812675430404021720N}{3:{108:SCONNECT}}{4:
:20:MI090527
:25:1111111111
:28C:0628/044
:60M:D090527VEF000002223884,54
:61:090527D000000000250,00NTRF000075963822//180010
PAGO
:61:090527D000000000400,00NTRF000075264663//180010
PAGO
:61:090527D000000001000,00NTRF000075235062//180010
PAGO
:61:090527D000000000619,00NTRF000050050001//180010
PAGO
:61:090527D000000000700,00NTRF000049998602//180010
PAGO
:61:090527D000000000300,00NTRF000049965684//180010
PAGO
:61:090527D000000003500,00NTRF000049537215//180010
PAGO
:61:090527D000000001600,00NTRF000048860728//180010
PAGO
:61:090527D000000005000,00NTRF000048746626//180010
PAGO
:62M:D090527VEF000002237253,54
-}{5:{CHK:1143FB20924B}}{S:{COP:S}}${1:F21VZCRVECAAXXX5410610696}{4:{177:0404021720}{451:0}}{1:F01VZCRVECAAXXX5410610696}{2:09501717040402VZCRVECAAXXX40812675430404021720N}{3:{108:SCONNECT}}{4:
:20:MI090527
:25:1111111111
:28C:0628/045
:60M:D090527VEF000002237253,54
:61:090527D000000001022,48NTRF000048620216//180010
PAGO
:61:090527D000000002000,00NTRF000048457374//180010
PAGO
:61:090527D000000020000,00NTRF000024268339//180010
PAGO
:61:090527D000000005000,00NTRF000024185340//180010
PAGO
:61:090527D000000000900,00NTRF000023777127//180010
PAGO
:61:090527D000000000360,00NTRF000023606913//180010
PAGO
:61:090527D000000001000,00NTRF000023399071//180010
PAGO
:61:090527D000000000120,00NTRF000023277561//180010
PAGO
:61:090527D000000000700,00NTRF000023226730//180010
PAGO
:62M:D090527VEF000002268356,02
-}{5:{CHK:1143FB20924B}}{S:{COP:S}}${1:F21VZCRVECAAXXX5410610696}{4:{177:0404021720}{451:0}}{1:F01VZCRVECAAXXX5410610696}{2:09501717040402VZCRVECAAXXX40812675430404021720N}{3:{108:SCONNECT}}{4:
:20:MI090527
:25:1111111111
:28C:0628/046
:60M:D090527VEF000002268356,02
:61:090527D000000000360,00NTRF000023112103//180010
PAGO
:61:090527D000000000283,90NTRF000023096360//180010
PAGO
:61:090527D000000000200,00NTRF000098008780//180010
PAGO
:61:090527D000000000500,00NTRF000097842904//180010
PAGO
:61:090527D000000000100,00NTRF000097522983//180010
PAGO
:61:090527D000000000050,00NTRF000097188914//180010
PAGO
:61:090527D000000000300,00NTRF000097163467//180010
PAGO
:61:090527D000000001500,00NTRF000096863658//180010
PAGO
:61:090527D000000001000,00NTRF000096833819//180010
PAGO
:62M:D090527VEF000002272649,92
-}{5:{CHK:1143FB20924B}}{S:{COP:S}}${1:F21VZCRVECAAXXX5410610696}{4:{177:0404021720}{451:0}}{1:F01VZCRVECAAXXX5410610696}{2:09501717040402VZCRVECAAXXX40812675430404021720N}{3:{108:SCONNECT}}{4:
:20:MI090527
:25:1111111111
:28C:0628/047
:60M:D090527VEF000002272649,92
:61:090527D000000001500,00NTRF000096815658//180010
PAGO
:61:090527D000000000200,00NTRF000096359967//180010
PAGO
:61:090527D000000000050,00NTRF000060629746//180010
PAGO
:61:090527D000000000150,00NTRF000060601907//180010
PAGO
:61:090527D000000000500,00NTRF000060578382//180010
PAGO
:61:090527D000000000220,00NTRF000060571673//180010
PAGO
:61:090527D000000000200,00NTRF000060156687//180010
PAGO
:61:090527D000000001177,00NTRF000059917005//180010
PAGO
:61:090527D000000001000,00NTRF000059630722//180010
PAGO
:62M:D090527VEF000002277646,92
-}{5:{CHK:1143FB20924B}}{S:{COP:S}}${1:F21VZCRVECAAXXX5410610696}{4:{177:0404021720}{451:0}}{1:F01VZCRVECAAXXX5410610696}{2:09501717040402VZCRVECAAXXX40812675430404021720N}{3:{108:SCONNECT}}{4:
:20:MI090527
:25:1111111111
:28C:0628/048
:60M:D090527VEF000002277646,92
:61:090527D000000000454,49NTRF000059320961//180010
PAGO
:61:090527D000000000024,47NTRF000059159507//180010
PAGO
:61:090527D000000001000,00NTRF000024681919//180010
PAGO
:61:090527D000000000721,00NTRF000024460693//180010
PAGO
:61:090527D000000000100,00NTRF000024215408//180010
PAGO
:61:090527D000000001104,00NTRF000023588730//180010
PAGO
:61:090527D000000000050,00NTRF000023002016//180010
PAGO
:61:090527D000000000794,00NTRF000022991744//180010
PAGO
:61:090527D000000000730,00NTRF000022862435//180010
PAGO
:62M:D090527VEF000002282624,88
-}{5:{CHK:1143FB20924B}}{S:{COP:S}}${1:F21VZCRVECAAXXX5410610696}{4:{177:0404021720}{451:0}}{1:F01VZCRVECAAXXX5410610696}{2:09501717040402VZCRVECAAXXX40812675430404021720N}{3:{108:SCONNECT}}{4:
:20:MI090527
:25:1111111111
:28C:0628/049
:60M:D090527VEF000002282624,88
:61:090527D000000000400,00NTRF000022861654//180010
PAGO
:61:090527D000000000500,00NTRF000022604489//180010
PAGO
:61:090527D000000002000,00NTRF000097164669//180010
PAGO
:61:090527D000000000800,00NTRF000097058468//180010
PAGO
:61:090527D000000001085,00NTRF000097054301//180010
PAGO
:61:090527D000000000495,00NTRF000096967401//180010
PAGO
:61:090527D000000000800,00NTRF000096779177//180010
PAGO
:61:090527D000000002000,00NTRF000096442612//180010
PAGO
:61:090527D000000003600,00NTRF000096028257//180010
PAGO
:62M:D090527VEF000002294304,88
-}{5:{CHK:1143FB20924B}}{S:{COP:S}}${1:F21VZCRVECAAXXX5410610696}{4:{177:0404021720}{451:0}}{1:F01VZCRVECAAXXX5410610696}{2:09501717040402VZCRVECAAXXX40812675430404021720N}{3:{108:SCONNECT}}{4:
:20:MI090527
:25:1111111111
:28C:0628/050
:60M:D090527VEF000002294304,88
:61:090527D000000002000,00NTRF000095980479//180010
PAGO
:61:090527D000000001000,00NTRF000080124555//180010
PAGO
:61:090527D000000000848,00NTRF000079821918//180010
PAGO
:61:090527D000000005000,00NTRF000079762952//180010
PAGO
:61:090527D000000000506,00NTRF000079632886//180010
PAGO
:61:090527D000000196000,00NTRF000079600451//180010
PAGO
:61:090527D000000000567,02NTRF000079528749//180010
PAGO
:61:090527D000000002500,00NTRF000079418597//180010
PAGO
:61:090527D000000000050,00NTRF000079057102//180010
PAGO
:62M:D090527VEF000002502775,90
-}{5:{CHK:1143FB20924B}}{S:{COP:S}}${1:F21VZCRVECAAXXX5410610696}{4:{177:0404021720}{451:0}}{1:F01VZCRVECAAXXX5410610696}{2:09501717040402VZCRVECAAXXX40812675430404021720N}{3:{108:SCONNECT}}{4:
:20:MI090527
:25:1111111111
:28C:0628/051
:60M:D090527VEF000002502775,90
:61:090527D000000000050,00NTRF000078949767//180010
PAGO
:61:090527D000000000300,00NTRF000064751624//180010
PAGO
:61:090527D000000003500,00NTRF000064614188//180010
PAGO
:61:090527D000000001000,00NTRF000064573428//180010
PAGO
:61:090527D000000000350,87NTRF000064548140//180010
PAGO
:61:090527D000000000150,00NTRF000064469968//180010
PAGO
:61:090527D000000000150,00NTRF000064398291//180010
PAGO
:61:090527D000000000300,00NTRF000064360294//180010
PAGO
:61:090527D000000001000,00NTRF000064232953//180010
PAGO
:62M:D090527VEF000002509576,77
-}{5:{CHK:1143FB20924B}}{S:{COP:S}}${1:F21VZCRVECAAXXX5410610696}{4:{177:0404021720}{451:0}}{1:F01VZCRVECAAXXX5410610696}{2:09501717040402VZCRVECAAXXX40812675430404021720N}{3:{108:SCONNECT}}{4:
:20:MI090527
:25:1111111111
:28C:0628/052
:60M:D090527VEF000002509576,77
:61:090527D000000004035,08NTRF000064167244//180010
PAGO
:61:090527D000000001200,00NTRF000045714333//180010
PAGO
:61:090527D000000000665,00NTRF000045562739//180010
PAGO
:61:090527D000000000850,00NTRF000045295113//180010
PAGO
:61:090527D000000000220,00NTRF000044780465//180010
PAGO
:61:090527D000000009350,34NTRF000044767964//180010
PAGO
:61:090527D000000000160,00NTRF000044615792//180010
PAGO
:61:090527D000000002000,00NTRF000044515126//180010
PAGO
:61:090527D000000000700,00NTRF000044207897//180010
PAGO
:62M:D090527VEF000002528757,19
-}{5:{CHK:1143FB20924B}}{S:{COP:S}}${1:F21VZCRVECAAXXX5410610696}{4:{177:0404021720}{451:0}}{1:F01VZCRVECAAXXX5410610696}{2:09501717040402VZCRVECAAXXX40812675430404021720N}{3:{108:SCONNECT}}{4:
:20:MI090527
:25:1111111111
:28C:0628/053
:60M:D090527VEF000002528757,19
:61:090527D000000000087,67NTRF000044128020//180010
PAGO
:61:090527D000000000168,00NTRF000030045412//180010
PAGO
:61:090527D000000000150,00NTRF000030043508//180010
PAGO
:61:090527D000000000423,84NTRF000030022282//180010
PAGO
:61:090527D000000000304,06NTRF000029761624//180010
PAGO
:61:090527D000000030000,00NTRF000029745726//180010
PAGO
:61:090527D000000000100,00NTRF000029487897//180010
PAGO
:61:090527D000000004000,00NTRF000029401362//180010
PAGO
:61:090527D000000015110,10NTRF000029266592//180010
PAGO
:62M:D090527VEF000002579100,86
-}{5:{CHK:1143FB20924B}}{S:{COP:S}}${1:F21VZCRVECAAXXX5410610696}{4:{177:0404021720}{451:0}}{1:F01VZCRVECAAXXX5410610696}{2:09501717040402VZCRVECAAXXX40812675430404021720N}{3:{108:SCONNECT}}{4:
:20:MI090527
:25:1111111111
:28C:0628/054
:60M:D090527VEF000002579100,86
:61:090527D000000000450,00NTRF000029222059//180010
PAGO
:61:090527D000000015450,00NTRF000008741738//180010
PAGO
:61:090527D000000000300,00NTRF000008669159//180010
PAGO
:61:090527D000000002073,08NTRF000008668976//180010
PAGO
:61:090527D000000000500,00NTRF000008615611//180010
PAGO
:61:090527D000000008400,00NTRF000008488091//180010
PAGO
:61:090527D000000001536,36NTRF000008224073//180010
PAGO
:61:090527D000000000200,00NTRF000008053533//180010
PAGO
:61:090527D000000000120,00NTRF000007934181//180010
PAGO
:62M:D090527VEF000002608130,30
-}{5:{CHK:1143FB20924B}}{S:{COP:S}}${1:F21VZCRVECAAXXX5410610696}{4:{177:0404021720}{451:0}}{1:F01VZCRVECAAXXX5410610696}{2:09501717040402VZCRVECAAXXX40812675430404021720N}{3:{108:SCONNECT}}{4:
:20:MI090527
:25:1111111111
:28C:0628/055
:60M:D090527VEF000002608130,30
:61:090527D000000004000,00NTRF000007848689//180010
PAGO
:61:090527D000000002500,00NTRF000085087399//180010
PAGO
:61:090527D000000001498,00NTRF000084735844//180010
PAGO
:61:090527D000000000140,00NTRF000084677364//180010
PAGO
:61:090527D000000000420,00NTRF000084648323//180010
PAGO
:61:090527D000000000020,00NTRF000084647051//180010
PAGO
:61:090527D000000000380,00NTRF000083959892//180010
PAGO
:61:090527D000000000651,00NTRF000083446850//180010
PAGO
:61:090527D000000001500,00NTRF000083000972//180010
PAGO
:62M:D090527VEF000002619239,30
-}{5:{CHK:1143FB20924B}}{S:{COP:S}}${1:F21VZCRVECAAXXX5410610696}{4:{177:0404021720}{451:0}}{1:F01VZCRVECAAXXX5410610696}{2:09501717040402VZCRVECAAXXX40812675430404021720N}{3:{108:SCONNECT}}{4:
:20:MI090527
:25:1111111111
:28C:0628/056
:60M:D090527VEF000002619239,30
:61:090527D000000001500,00NTRF000082972972//180010
PAGO
:61:090527D000000000500,00NTRF000055284956//180010
PAGO
:61:090527D000000001150,00NTRF000055213645//180010
PAGO
:61:090527D000000000400,00NTRF000054829349//180010
PAGO
:61:090527D000000000050,00NTRF000054258478//180010
PAGO
:61:090527D000000000150,00NTRF000053744235//180010
PAGO
:61:090527D000000000150,00NTRF000053631635//180010
PAGO
:61:090527D000000000198,01NTRF000053600107//180010
PAGO
:61:090527D000000000784,03NTRF000053489191//180010
PAGO
:62M:D090527VEF000002624121,34
-}{5:{CHK:1143FB20924B}}{S:{COP:S}}${1:F21VZCRVECAAXXX5410610696}{4:{177:0404021720}{451:0}}{1:F01VZCRVECAAXXX5410610696}{2:09501717040402VZCRVECAAXXX40812675430404021720N}{3:{108:SCONNECT}}{4:
:20:MI090527
:25:1111111111
:28C:0628/057
:60M:D090527VEF000002624121,34
:61:090527D000000000080,00NTRF000052717396//180010
PAGO
:61:090527D000000001500,00NTRF000025310727//180010
PAGO
:61:090527D000000000090,00NTRF000025296325//180010
PAGO
:61:090527D000000000050,00NTRF000025210209//180010
PAGO
:61:090527D000000000214,00NTRF000025198771//180010
PAGO
:61:090527D000000000164,00NTRF000024881388//180010
PAGO
:61:090527D000000000500,00NTRF000024777368//180010
PAGO
:61:090527D000000000120,00NTRF000024589189//180010
PAGO
:61:090527D000000000096,37NTRF000024381084//180010
PAGO
:62M:D090527VEF000002626935,71
-}{5:{CHK:1143FB20924B}}{S:{COP:S}}${1:F21VZCRVECAAXXX5410610696}{4:{177:0404021720}{451:0}}{1:F01VZCRVECAAXXX5410610696}{2:09501717040402VZCRVECAAXXX40812675430404021720N}{3:{108:SCONNECT}}{4:
:20:MI090527
:25:1111111111
:28C:0628/058
:60M:D090527VEF000002626935,71
:61:090527D000000000075,00NTRF000024353132//180010
PAGO
:61:090527D000000000200,00NTRF000000306372//180010
PAGO
:61:090527D000000001000,00NTRF000000272123//180010
PAGO
:61:090527D000000029000,00NTRF000000066963//180010
PAGO
:61:090527D000006000000,00NTRF000000066961//180010
PAGO
:61:090527D000000040999,50NTRF000026050539//180010
PAGO
:61:090527D000000001999,50NTRF000026050538//180010
PAGO
:61:090527D000000001199,50NTRF000026050537//180010
PAGO
:61:090527D000000001499,50NTRF000026050536//180010
PAGO
:62M:D090527VEF000008702908,71
-}{5:{CHK:1143FB20924B}}{S:{COP:S}}${1:F21VZCRVECAAXXX5410610696}{4:{177:0404021720}{451:0}}{1:F01VZCRVECAAXXX5410610696}{2:09501717040402VZCRVECAAXXX40812675430404021720N}{3:{108:SCONNECT}}{4:
:20:MI090527
:25:1111111111
:28C:0628/059
:60M:D090527VEF000008702908,71
:61:090527D000000001677,50NTRF000026050535//180010
PAGO
:61:090527D000000017647,54NTRF000004440909//180010
PAGO
:61:090527D000000003933,60NTRF000004439509//180010
PAGO
:61:090527D000000058816,80NTRF000004437809//180010
PAGO
:61:090527D000000013816,80NTRF000004437309//180010
PAGO
:61:090527D000000000188,87NTRF000004437109//180010
PAGO
:61:090527D000000000226,24NTRF000004437009//180010
PAGO
:61:090527D000000000665,59NTRF000004435409//180010
PAGO
:61:090527D000000002657,29NTRF000004434609//180010
PAGO
:62M:D090527VEF000008802538,94
-}{5:{CHK:1143FB20924B}}{S:{COP:S}}${1:F21VZCRVECAAXXX5410610696}{4:{177:0404021720}{451:0}}{1:F01VZCRVECAAXXX5410610696}{2:09501717040402VZCRVECAAXXX40812675430404021720N}{3:{108:SCONNECT}}{4:
:20:MI090527
:25:1111111111
:28C:0628/060
:60M:D090527VEF000008802538,94
:61:090527D000000000771,92NTRF000004433609//180010
PAGO
:61:090527D000000000366,50NTRF000090000525//180010
PAGO
:61:090527D000000000523,20NTRF000090000524//180010
PAGO
:61:090527D000000000154,70NTRF000090000523//180010
PAGO
:61:090527D000000000405,40NTRF000090000522//180010
PAGO
:61:090527D000000000035,00NTRF000090000521//180010
PAGO
:61:090527D000000000105,00NTRF000090000520//180010
PAGO
:61:090527D000000000115,50NTRF000090000519//180010
PAGO
:61:090527D000000000367,80NTRF000090000518//180010
PAGO
:62M:D090527VEF000008805383,96
-}{5:{CHK:1143FB20924B}}{S:{COP:S}}${1:F21VZCRVECAAXXX5410610696}{4:{177:0404021720}{451:0}}{1:F01VZCRVECAAXXX5410610696}{2:09501717040402VZCRVECAAXXX40812675430404021720N}{3:{108:SCONNECT}}{4:
:20:MI090527
:25:1111111111
:28C:0628/061
:60M:D090527VEF000008805383,96
:61:090527D000000000066,40NTRF000090000517//180010
PAGO
:61:090527D000000000291,00NTRF000090000381//180010
PAGO
:61:090527D000000000834,70NTRF000090000380//180010
PAGO
:61:090527D000000000846,60NTRF000090000379//180010
PAGO
:61:090527D000000000460,20NTRF000090000378//180010
PAGO
:61:090527D000000000505,70NTRF000090000377//180010
PAGO
:61:090527D000000000366,90NTRF000090000376//180010
PAGO
:61:090527D000000000171,20NTRF000090000375//180010
PAGO
:61:090527D000000000815,30NTRF000090000374//180010
PAGO
:62M:D090527VEF000008809741,96
-}{5:{CHK:1143FB20924B}}{S:{COP:S}}${1:F21VZCRVECAAXXX5410610696}{4:{177:0404021720}{451:0}}{1:F01VZCRVECAAXXX5410610696}{2:09501717040402VZCRVECAAXXX40812675430404021720N}{3:{108:SCONNECT}}{4:
:20:MI090527
:25:1111111111
:28C:0628/062
:60M:D090527VEF000008809741,96
:61:090527D000000000646,30NTRF000090000373//180010
PAGO
:61:090527D000000000063,30NTRF000090000237//180010
PAGO
:61:090527D000000001100,80NTRF000090000236//180010
PAGO
:61:090527D000000000196,30NTRF000090000235//180010
PAGO
:61:090527D000000001041,70NTRF000090000234//180010
PAGO
:61:090527D000000000215,80NTRF000090000233//180010
PAGO
:61:090527D000000000257,90NTRF000090000232//180010
PAGO
:61:090527D000000000418,70NTRF000090000231//180010
PAGO
:61:090527D000000003502,40NTRF000090000230//180010
PAGO
:62M:D090527VEF000008817185,16
-}{5:{CHK:1143FB20924B}}{S:{COP:S}}${1:F21VZCRVECAAXXX5410610696}{4:{177:0404021720}{451:0}}{1:F01VZCRVECAAXXX5410610696}{2:09501717040402VZCRVECAAXXX40812675430404021720N}{3:{108:SCONNECT}}{4:
:20:MI090527
:25:1111111111
:28C:0628/063
:60M:D090527VEF000008817185,16
:61:090527D000000001960,80NTRF000090000220//180010
PAGO
:61:090527D000000000199,50NTRF000090000089//180010
PAGO
:61:090527D000000000729,12NTRF000090000088//180010
PAGO
:61:090527D000000000116,40NTRF000090000087//180010
PAGO
:61:090527D000000000444,22NTRF000090000086//180010
PAGO
:61:090527D000000000066,30NTRF000090000085//180010
PAGO
:61:090527D000000000185,60NTRF000090000084//180010
PAGO
:61:090527D000000002078,30NTRF000090000083//180010
PAGO
:61:090527D000000000204,60NTRF000090000082//180010
PAGO
:62M:D090527VEF000008823170,00
-}{5:{CHK:1143FB20924B}}{S:{COP:S}}${1:F21VZCRVECAAXXX5410610696}{4:{177:0404021720}{451:0}}{1:F01VZCRVECAAXXX5410610696}{2:09501717040402VZCRVECAAXXX40812675430404021720N}{3:{108:SCONNECT}}{4:
:20:MI090527
:25:1111111111
:28C:0628/064
:60M:D090527VEF000008823170,00
:61:090527D000000000509,60NTRF000090000081//180010
PAGO
:61:090527D000000003239,08NTRF000041001484//180010
PAGO
:61:090527D000000003789,44NTRF000041001483//180010
PAGO
:61:090527D000000002792,63NTRF000041001482//180010
PAGO
:61:090527D000000003041,11NTRF000041001481//180010
PAGO
:61:090527D000000002850,00NTRF000041001480//180010
PAGO
:61:090527D000000003609,01NTRF000041001479//180010
PAGO
:61:090527D000000004992,95NTRF000041001478//180010
PAGO
:61:090527D000000003862,00NTRF000041001477//180010
PAGO
:62M:D090527VEF000008851855,82
-}{5:{CHK:1143FB20924B}}{S:{COP:S}}${1:F21VZCRVECAAXXX5410610696}{4:{177:0404021720}{451:0}}{1:F01VZCRVECAAXXX5410610696}{2:09501717040402VZCRVECAAXXX40812675430404021720N}{3:{108:SCONNECT}}{4:
:20:MI090527
:25:1111111111
:28C:0628/065
:60M:D090527VEF000008851855,82
:61:090527D000000002789,62NTRF000041001476//180010
PAGO
:61:090527D000000002000,00NTRF000009399687//180010
PAGO
:61:090527D000000000550,00NTRF000006457637//180010
PAGO
:61:090527D000000000500,00NTRF000005010692//180010
PAGO
:61:090527D000000005900,00NTRF000004449899//180010
PAGO
:61:090527D000000001000,00NTRF000002400687//180010
PAGO
:61:090527D000000000400,00NTRF000002357823//180010
PAGO
:61:090527D000000000370,61NTRF000001510350//180010
PAGO
:61:090527D000000000615,38NTRF000001151905//180010
PAGO
:62M:D090527VEF000008865981,43
-}{5:{CHK:1143FB20924B}}{S:{COP:S}}${1:F21VZCRVECAAXXX5410610696}{4:{177:0404021720}{451:0}}{1:F01VZCRVECAAXXX5410610696}{2:09501717040402VZCRVECAAXXX40812675430404021720N}{3:{108:SCONNECT}}{4:
:20:MI090527
:25:1111111111
:28C:0628/066
:60M:D090527VEF000008865981,43
:61:090527D000000000550,00NTRF000000974127//180010
PAGO
:61:090527D000000002550,00NTRF000074927936//180010
PAGO
:61:090527D000000001000,00NTRF000074917397//180010
PAGO
:61:090527D000000000700,00NTRF000074574857//180010
PAGO
:61:090527D000000002200,00NTRF000074561050//180010
PAGO
:61:090527D000000006500,00NTRF000074198219//180010
PAGO
:61:090527D000000000200,00NTRF000074119054//180010
PAGO
:61:090527D000000001400,00NTRF000074092552//180010
PAGO
:61:090527D000000001400,00NTRF000073855071//180010
PAGO
:62M:D090527VEF000008882481,43
-}{5:{CHK:1143FB20924B}}{S:{COP:S}}${1:F21VZCRVECAAXXX5410610696}{4:{177:0404021720}{451:0}}{1:F01VZCRVECAAXXX5410610696}{2:09501717040402VZCRVECAAXXX40812675430404021720N}{3:{108:SCONNECT}}{4:
:20:MI090527
:25:1111111111
:28C:0628/067
:60M:D090527VEF000008882481,43
:61:090527D000000000700,00NTRF000073574083//180010
PAGO
:61:090527D000000006000,00NTRF000048106873//180010
PAGO
:61:090527D000000050000,00NTRF000048031876//180010
PAGO
:61:090527D000000000700,00NTRF000047982674//180010
PAGO
:61:090527D000000000830,00NTRF000047862254//180010
PAGO
:61:090527D000000000200,00NTRF000047655068//180010
PAGO
:61:090527D000000000176,00NTRF000047623255//180010
PAGO
:61:090527D000000000876,50NTRF000047480554//180010
PAGO
:61:090527D000000000800,00NTRF000047431520//180010
PAGO
:62M:D090527VEF000008942763,93
-}{5:{CHK:1143FB20924B}}{S:{COP:S}}${1:F21VZCRVECAAXXX5410610696}{4:{177:0404021720}{451:0}}{1:F01VZCRVECAAXXX5410610696}{2:09501717040402VZCRVECAAXXX40812675430404021720N}{3:{108:SCONNECT}}{4:
:20:MI090527
:25:1111111111
:28C:0628/068
:60M:D090527VEF000008942763,93
:61:090527D000000000500,00NTRF000047344589//180010
PAGO
:61:090527D000000000200,00NTRF000022754599//180010
PAGO
:61:090527D000000002030,00NTRF000022406373//180010
PAGO
:61:090527D000000002003,00NTRF000022321518//180010
PAGO
:61:090527D000000000450,00NTRF000021969954//180010
PAGO
:61:090527D000000000200,26NTRF000021848770//180010
PAGO
:61:090527D000000000500,00NTRF000021454166//180010
PAGO
:61:090527D000000000960,00NTRF000021144685//180010
PAGO
:61:090527D000000000750,00NTRF000020998603//180010
PAGO
:62M:D090527VEF000008950357,19
-}{5:{CHK:1143FB20924B}}{S:{COP:S}}${1:F21VZCRVECAAXXX5410610696}{4:{177:0404021720}{451:0}}{1:F01VZCRVECAAXXX5410610696}{2:09501717040402VZCRVECAAXXX40812675430404021720N}{3:{108:SCONNECT}}{4:
:20:MI090527
:25:1111111111
:28C:0628/069
:60M:D090527VEF000008950357,19
:61:090527D000000000065,00NTRF000020852175//180010
PAGO
:61:090527D000000000200,00NTRF000096325967//180010
PAGO
:61:090527D000000000200,00NTRF000096289967//180010
PAGO
:61:090527D000000000270,00NTRF000096286273//180010
PAGO
:61:090527D000000003500,00NTRF000096098873//180010
PAGO
:61:090527D000000001000,00NTRF000096089971//180010
PAGO
:61:090527D000000000500,00NTRF000095547341//180010
PAGO
:61:090527D000000000120,00NTRF000095420441//180010
PAGO
:61:090527D000000000500,00NTRF000092311083//180010
PAGO
:62M:D090527VEF000008956712,19
-}{5:{CHK:1143FB20924B}}{S:{COP:S}}${1:F21VZCRVECAAXXX5410610696}{4:{177:0404021720}{451:0}}{1:F01VZCRVECAAXXX5410610696}{2:09501717040402VZCRVECAAXXX40812675430404021720N}{3:{108:SCONNECT}}{4:
:20:MI090527
:25:1111111111
:28C:0628/070
:60M:D090527VEF000008956712,19
:61:090527D000000000300,00NTRF000092238167//180010
PAGO
:61:090527D000000005000,00NTRF000059026258//180010
PAGO
:61:090527D000000000440,00NTRF000059008732//180010
PAGO
:61:090527D000000000066,79NTRF000058168813//180010
PAGO
:61:090527D000000000500,00NTRF000057956879//180010
PAGO
:61:090527D000000000400,00NTRF000057931775//180010
PAGO
:61:090527D000000002450,00NTRF000057923539//180010
PAGO
:61:090527D000000000200,00NTRF000057890497//180010
PAGO
:61:090527D000000001000,00NTRF000057437478//180010
PAGO
:62M:D090527VEF000008967068,98
-}{5:{CHK:1143FB20924B}}{S:{COP:S}}${1:F21VZCRVECAAXXX5410610696}{4:{177:0404021720}{451:0}}{1:F01VZCRVECAAXXX5410610696}{2:09501717040402VZCRVECAAXXX40812675430404021720N}{3:{108:SCONNECT}}{4:
:20:MI090527
:25:1111111111
:28C:0628/071
:60M:D090527VEF000008967068,98
:61:090527D000000000100,00NTRF000057140042//180010
PAGO
:61:090527D000000000500,00NTRF000022549489//180010
PAGO
:61:090527D000000002916,00NTRF000022024838//180010
PAGO
:61:090527D000000001100,00NTRF000021991950//180010
PAGO
:61:090527D000000000685,00NTRF000021895660//180010
PAGO
:61:090527D000000000100,00NTRF000021492871//180010
PAGO
:61:090527D000000001490,00NTRF000021139302//180010
PAGO
:61:090527D000000000137,00NTRF000021079579//180010
PAGO
:61:090527D000000000150,00NTRF000020838056//180010
PAGO
:62M:D090527VEF000008974246,98
-}{5:{CHK:1143FB20924B}}{S:{COP:S}}${1:F21VZCRVECAAXXX5410610696}{4:{177:0404021720}{451:0}}{1:F01VZCRVECAAXXX5410610696}{2:09501717040402VZCRVECAAXXX40812675430404021720N}{3:{108:SCONNECT}}{4:
:20:MI090527
:25:1111111111
:28C:0628/072
:60M:D090527VEF000008974246,98
:61:090527D000000000500,00NTRF000020821407//180010
PAGO
:61:090527D000000001580,71NTRF000095522645//180010
PAGO
:61:090527D000000000500,00NTRF000095072074//180010
PAGO
:61:090527D000000002638,30NTRF000094332649//180010
PAGO
:61:090527D000000002000,00NTRF000094316224//180010
PAGO
:61:090527D000000002000,00NTRF000094243211//180010
PAGO
:61:090527D000000000330,00NTRF000094139041//180010
PAGO
:61:090527D000000000649,99NTRF000093966469//180010
PAGO
:61:090527D000000000500,00NTRF000093859925//180010
PAGO
:62M:D090527VEF000008984945,98
-}{5:{CHK:1143FB20924B}}{S:{COP:S}}${1:F21VZCRVECAAXXX5410610696}{4:{177:0404021720}{451:0}}{1:F01VZCRVECAAXXX5410610696}{2:09501717040402VZCRVECAAXXX40812675430404021720N}{3:{108:SCONNECT}}{4:
:20:MI090527
:25:1111111111
:28C:0628/073
:60M:D090527VEF000008984945,98
:61:090527D000000000350,00NTRF000093610400//180010
PAGO
:61:090527D000000051723,68NTRF000078918802//180010
PAGO
:61:090527D000000004480,00NTRF000078914037//180010
PAGO
:61:090527D000000000984,00NTRF000078710978//180010
PAGO
:61:090527D000000001038,72NTRF000078642054//180010
PAGO
:61:090527D000000001000,00NTRF000078485647//180010
PAGO
:61:090527D000000000700,00NTRF000078423792//180010
PAGO
:61:090527D000000000694,78NTRF000078420967//180010
PAGO
:61:090527D000000000200,00NTRF000078351031//180010
PAGO
:62M:D090527VEF000009046117,16
-}{5:{CHK:1143FB20924B}}{S:{COP:S}}${1:F21VZCRVECAAXXX5410610696}{4:{177:0404021720}{451:0}}{1:F01VZCRVECAAXXX5410610696}{2:09501717040402VZCRVECAAXXX40812675430404021720N}{3:{108:SCONNECT}}{4:
:20:MI090527
:25:1111111111
:28C:0628/074
:60M:D090527VEF000009046117,16
:61:090527D000000000500,00NTRF000078247673//180010
PAGO
:61:090527D000000010000,00NTRF000063991551//180010
PAGO
:61:090527D000000000100,00NTRF000063835883//180010
PAGO
:61:090527D000000001000,00NTRF000063817319//180010
PAGO
:61:090527D000000000250,00NTRF000063603594//180010
PAGO
:61:090527D000000003100,00NTRF000063530831//180010
PAGO
:61:090527D000000000045,00NTRF000063292222//180010
PAGO
:61:090527D000000000200,00NTRF000063212188//180010
PAGO
:61:090527D000000000500,00NTRF000063043673//180010
PAGO
:62M:D090527VEF000009061812,16
-}{5:{CHK:1143FB20924B}}{S:{COP:S}}${1:F21VZCRVECAAXXX5410610696}{4:{177:0404021720}{451:0}}{1:F01VZCRVECAAXXX5410610696}{2:09501717040402VZCRVECAAXXX40812675430404021720N}{3:{108:SCONNECT}}{4:
:20:MI090527
:25:1111111111
:28C:0628/075
:60M:D090527VEF000009061812,16
:61:090527D000000014000,00NTRF000062978603//180010
PAGO
:61:090527D000000004000,00NTRF000043699026//180010
PAGO
:61:090527D000000002820,00NTRF000043591540//180010
PAGO
:61:090527D000000000200,00NTRF000042995956//180010
PAGO
:61:090527D000000034000,00NTRF000042855549//180010
PAGO
:61:090527D000000000290,00NTRF000042805618//180010
PAGO
:61:090527D000000000400,00NTRF000042804005//180010
PAGO
:61:090527D000000001100,00NTRF000042780760//180010
PAGO
:61:090527D000000000165,00NTRF000042671012//180010
PAGO
:62M:D090527VEF000009118787,16
-}{5:{CHK:1143FB20924B}}{S:{COP:S}}${1:F21VZCRVECAAXXX5410610696}{4:{177:0404021720}{451:0}}{1:F01VZCRVECAAXXX5410610696}{2:09501717040402VZCRVECAAXXX40812675430404021720N}{3:{108:SCONNECT}}{4:
:20:MI090527
:25:1111111111
:28C:0628/076
:60M:D090527VEF000009118787,16
:61:090527D000000000500,00NTRF000042315954//180010
PAGO
:61:090527D000000000054,00NTRF000029180337//180010
PAGO
:61:090527D000000000679,00NTRF000029071134//180010
PAGO
:61:090527D000000000700,00NTRF000029059703//180010
PAGO
:61:090527D000000000200,00NTRF000028785025//180010
PAGO
:61:090527D000000000060,07NTRF000028720822//180010
PAGO
:61:090527D000000000300,00NTRF000028638713//180010
PAGO
:61:090527D000000001320,00NTRF000028612330//180010
PAGO
:61:090527D000000000559,97NTRF000028327767//180010
PAGO
:62M:D090527VEF000009123160,20
-}{5:{CHK:1143FB20924B}}{S:{COP:S}}${1:F21VZCRVECAAXXX5410610696}{4:{177:0404021720}{451:0}}{1:F01VZCRVECAAXXX5410610696}{2:09501717040402VZCRVECAAXXX40812675430404021720N}{3:{108:SCONNECT}}{4:
:20:MI090527
:25:1111111111
:28C:0628/077
:60M:D090527VEF000009123160,20
:61:090527D000000000500,00NTRF000028195572//180010
PAGO
:61:090527D000000000050,00NTRF000007836671//180010
PAGO
:61:090527D000000000347,40NTRF000007827802//180010
PAGO
:61:090527D000000000100,00NTRF000007764313//180010
PAGO
:61:090527D000000001800,00NTRF000007604117//180010
PAGO
:61:090527D000000003610,00NTRF000007307347//180010
PAGO
:61:090527D000000006500,00NTRF000007217561//180010
PAGO
:61:090527D000000000823,70NTRF000007132015//180010
PAGO
:61:090527D000000004000,00NTRF000006990364//180010
PAGO
:62M:D090527VEF000009140891,30
-}{5:{CHK:1143FB20924B}}{S:{COP:S}}${1:F21VZCRVECAAXXX5410610696}{4:{177:0404021720}{451:0}}{1:F01VZCRVECAAXXX5410610696}{2:09501717040402VZCRVECAAXXX40812675430404021720N}{3:{108:SCONNECT}}{4:
:20:MI090527
:25:1111111111
:28C:0628/078
:60M:D090527VEF000009140891,30
:61:090527D000000001500,00NTRF000006882372//180010
PAGO
:61:090527D000000000300,00NTRF000082913593//180010
PAGO
:61:090527D000000000735,00NTRF000082609235//180010
PAGO
:61:090527D000000001074,00NTRF000082576748//180010
PAGO
:61:090527D000000000247,38NTRF000082315959//180010
PAGO
:61:090527D000000000200,00NTRF000082255824//180010
PAGO
:61:090527D000000001319,79NTRF000081965404//180010
PAGO
:61:090527D000000005000,00NTRF000081960363//180010
PAGO
:61:090527D000000000250,00NTRF000081809852//180010
PAGO
:62M:D090527VEF000009151517,47
-}{5:{CHK:1143FB20924B}}{S:{COP:S}}${1:F21VZCRVECAAXXX5410610696}{4:{177:0404021720}{451:0}}{1:F01VZCRVECAAXXX5410610696}{2:09501717040402VZCRVECAAXXX40812675430404021720N}{3:{108:SCONNECT}}{4:
:20:MI090527
:25:1111111111
:28C:0628/079
:60M:D090527VEF000009151517,47
:61:090527D000000000500,00NTRF000081173295//180010
PAGO
:61:090527D000000000200,00NTRF000052695575//180010
PAGO
:61:090527D000000000350,00NTRF000052421633//180010
PAGO
:61:090527D000000001000,00NTRF000052131080//180010
PAGO
:61:090527D000000000400,00NTRF000051964482//180010
PAGO
:61:090527D000000004742,74NTRF000051814470//180010
PAGO
:61:090527D000000000100,00NTRF000051563600//180010
PAGO
:61:090527D000000000430,44NTRF000051297434//180010
PAGO
:61:090527D000000000300,00NTRF000050501248//180010
PAGO
:62M:D090527VEF000009159540,65
-}{5:{CHK:1143FB20924B}}{S:{COP:S}}${1:F21VZCRVECAAXXX5410610696}{4:{177:0404021720}{451:0}}{1:F01VZCRVECAAXXX5410610696}{2:09501717040402VZCRVECAAXXX40812675430404021720N}{3:{108:SCONNECT}}{4:
:20:MI090527
:25:1111111111
:28C:0628/080
:60M:D090527VEF000009159540,65
:61:090527D000000000075,00NTRF000050485548//180010
PAGO
:61:090527D000000000050,00NTRF000023088372//180010
PAGO
:61:090527D000000000060,00NTRF000023078166//180010
PAGO
:61:090527D000000000300,00NTRF000022993609//180010
PAGO
:61:090527D000000000200,00NTRF000022930192//180010
PAGO
:61:090527D000000000330,00NTRF000022724567//180010
PAGO
:61:090527D000000001000,00NTRF000022706317//180010
PAGO
:61:090527D000000001000,00NTRF000022688344//180010
PAGO
:61:090527D000000005500,00NTRF000022686049//180010
PAGO
:62M:D090527VEF000009168055,65
-}{5:{CHK:1143FB20924B}}{S:{COP:S}}${1:F21VZCRVECAAXXX5410610696}{4:{177:0404021720}{451:0}}{1:F01VZCRVECAAXXX5410610696}{2:09501717040402VZCRVECAAXXX40812675430404021720N}{3:{108:SCONNECT}}{4:
:20:MI090527
:25:1111111111
:28C:0628/081
:60M:D090527VEF000009168055,65
:61:090527D000000002000,00NTRF000022622540//180010
PAGO
:61:090527D000000004999,50NTRF000026050534//180010
PAGO
:61:090527D000000000133,00NTRF000026050533//180010
PAGO
:61:090527D000000001499,50NTRF000026050532//180010
PAGO
:61:090527D000000001999,50NTRF000026050531//180010
PAGO
:61:090527D000000000999,50NTRF000026050530//180010
PAGO
:61:090527D000000000352,50NTRF000026050529//180010
PAGO
:61:090527D000000007899,50NTRF000026050528//180010
PAGO
:61:090527D000000000328,50NTRF000026050527//180010
PAGO
:62M:D090527VEF000009188267,15
-}{5:{CHK:1143FB20924B}}{S:{COP:S}}${1:F21VZCRVECAAXXX5410610696}{4:{177:0404021720}{451:0}}{1:F01VZCRVECAAXXX5410610696}{2:09501717040402VZCRVECAAXXX40812675430404021720N}{3:{108:SCONNECT}}{4:
:20:MI090527
:25:1111111111
:28C:0628/082
:60M:D090527VEF000009188267,15
:61:090527D000000000399,50NTRF000026050526//180010
PAGO
:61:090527D000000023807,12NTRF000004429909//180010
PAGO
:61:090527D000000000473,20NTRF000004428309//180010
PAGO
:61:090527D000000087419,20NTRF000004427409//180010
PAGO
:61:090527D000000005010,25NTRF000004427309//180010
PAGO
:61:090527D000000000124,23NTRF000004427109//180010
PAGO
:61:090527D000000000699,17NTRF000004427009//180010
PAGO
:61:090527D000000027667,92NTRF000004424209//180010
PAGO
:61:090527D000000000115,67NTRF000004423809//180010
PAGO
:62M:D090527VEF000009333983,41
-}{5:{CHK:1143FB20924B}}{S:{COP:S}}${1:F21VZCRVECAAXXX5410610696}{4:{177:0404021720}{451:0}}{1:F01VZCRVECAAXXX5410610696}{2:09501717040402VZCRVECAAXXX40812675430404021720N}{3:{108:SCONNECT}}{4:
:20:MI090527
:25:1111111111
:28C:0628/083
:60M:D090527VEF000009333983,41
:61:090527D000000045839,63NTRF000000086938//180010
PAGO
:61:090527D000000000173,00NTRF000090000516//180010
PAGO
:61:090527D000000000539,90NTRF000090000515//180010
PAGO
:61:090527D000000000507,00NTRF000090000514//180010
PAGO
:61:090527D000000000103,80NTRF000090000513//180010
PAGO
:61:090527D000000000479,00NTRF000090000512//180010
PAGO
:61:090527D000000000175,00NTRF000090000511//180010
PAGO
:61:090527D000000000070,00NTRF000090000510//180010
PAGO
:61:090527D000000000066,00NTRF000090000509//180010
PAGO
:62M:D090527VEF000009381936,74
-}{5:{CHK:1143FB20924B}}{S:{COP:S}}${1:F21VZCRVECAAXXX5410610696}{4:{177:0404021720}{451:0}}{1:F01VZCRVECAAXXX5410610696}{2:09501717040402VZCRVECAAXXX40812675430404021720N}{3:{108:SCONNECT}}{4:
:20:MI090527
:25:1111111111
:28C:0628/084
:60M:D090527VEF000009381936,74
:61:090527D000000000787,20NTRF000090000508//180010
PAGO
:61:090527D000000001081,90NTRF000090000372//180010
PAGO
:61:090527D000000000266,10NTRF000090000371//180010
PAGO
:61:090527D000000000509,30NTRF000090000370//180010
PAGO
:61:090527D000000000365,70NTRF000090000369//180010
PAGO
:61:090527D000000000184,60NTRF000090000368//180010
PAGO
:61:090527D000000000670,20NTRF000090000367//180010
PAGO
:61:090527D000000000910,00NTRF000090000366//180010
PAGO
:61:090527D000000000671,20NTRF000090000365//180010
PAGO
:62M:D090527VEF000009387382,94
-}{5:{CHK:1143FB20924B}}{S:{COP:S}}${1:F21VZCRVECAAXXX5410610696}{4:{177:0404021720}{451:0}}{1:F01VZCRVECAAXXX5410610696}{2:09501717040402VZCRVECAAXXX40812675430404021720N}{3:{108:SCONNECT}}{4:
:20:MI090527
:25:1111111111
:28C:0628/085
:60M:D090527VEF000009387382,94
:61:090527D000000000653,20NTRF000090000364//180010
PAGO
:61:090527D000000000169,50NTRF000090000229//180010
PAGO
:61:090527D000000001388,80NTRF000090000228//180010
PAGO
:61:090527D000000002774,40NTRF000090000227//180010
PAGO
:61:090527D000000000136,90NTRF000090000226//180010
PAGO
:61:090527D000000002761,10NTRF000090000225//180010
PAGO
:61:090527D000000000227,10NTRF000090000224//180010
PAGO
:61:090527D000000000427,30NTRF000090000223//180010
PAGO
:61:090527D000000000460,20NTRF000090000222//180010
PAGO
:62M:D090527VEF000009396381,44
-}{5:{CHK:1143FB20924B}}{S:{COP:S}}${1:F21VZCRVECAAXXX5410610696}{4:{177:0404021720}{451:0}}{1:F01VZCRVECAAXXX5410610696}{2:09501717040402VZCRVECAAXXX40812675430404021720N}{3:{108:SCONNECT}}{4:
:20:MI090527
:25:1111111111
:28C:0628/086
:60M:D090527VEF000009396381,44
:61:090527D000000000218,20NTRF000090000221//180010
PAGO
:61:090527D000000000091,60NTRF000090000080//180010
PAGO
:61:090527D000000000158,00NTRF000090000079//180010
PAGO
:61:090527D000000000465,20NTRF000090000078//180010
PAGO
:61:090527D000000000063,20NTRF000090000077//180010
PAGO
:61:090527D000000000330,80NTRF000090000076//180010
PAGO
:61:090527D000000000280,50NTRF000090000074//180010
PAGO
:61:090527D000000000294,90NTRF000090000073//180010
PAGO
:61:090527D000000000052,20NTRF000090000072//180010
PAGO
:62M:D090527VEF000009398336,04
-}{5:{CHK:1143FB20924B}}{S:{COP:S}}${1:F21VZCRVECAAXXX5410610696}{4:{177:0404021720}{451:0}}{1:F01VZCRVECAAXXX5410610696}{2:09501717040402VZCRVECAAXXX40812675430404021720N}{3:{108:SCONNECT}}{4:
:20:MI090527
:25:1111111111
:28C:0628/087
:60M:D090527VEF000009398336,04
:61:090527D000000001340,22NTRF000090000070//180010
PAGO
:61:090527D000000003762,41NTRF000041001475//180010
PAGO
:61:090527D000000004326,43NTRF000041001474//180010
PAGO
:61:090527D000000004170,40NTRF000041001473//180010
PAGO
:61:090527D000000004132,51NTRF000041001472//180010
PAGO
:61:090527D000000003890,00NTRF000041001471//180010
PAGO
:61:090527D000000003717,45NTRF000041001470//180010
PAGO
:61:090527D000000003372,60NTRF000041001469//180010
PAGO
:61:090527D000000002665,59NTRF000041001468//180010
PAGO
:62M:D090527VEF000009429713,65
-}{5:{CHK:1143FB20924B}}{S:{COP:S}}${1:F21VZCRVECAAXXX5410610696}{4:{177:0404021720}{451:0}}{1:F01VZCRVECAAXXX5410610696}{2:09501717040402VZCRVECAAXXX40812675430404021720N}{3:{108:SCONNECT}}{4:
:20:MI090527
:25:1111111111
:28C:0628/088
:60M:D090527VEF000009429713,65
:61:090527D000000006764,37NTRF000009052502//180010
PAGO
:61:090527D000000001700,00NTRF000098759609//180010
PAGO
:61:090527D000000001000,00NTRF000096594790//180010
PAGO
:61:090527D000000001000,00NTRF000096497790//180010
PAGO
:61:090527D000000000100,00NTRF000094816779//180010
PAGO
:61:090527D000000000100,00NTRF000094792093//180010
PAGO
:61:090527D000000000100,00NTRF000094239903//180010
PAGO
:61:090527D000000000100,00NTRF000094174903//180010
PAGO
:61:090527D000000000300,00NTRF000093772640//180010
PAGO
:62M:D090527VEF000009440878,02
-}{5:{CHK:1143FB20924B}}{S:{COP:S}}${1:F21VZCRVECAAXXX5410610696}{4:{177:0404021720}{451:0}}{1:F01VZCRVECAAXXX5410610696}{2:09501717040402VZCRVECAAXXX40812675430404021720N}{3:{108:SCONNECT}}{4:
:20:MI090527
:25:1111111111
:28C:0628/089
:60M:D090527VEF000009440878,02
:61:090527D000000000030,00NTRF000090243099//180010
PAGO
:61:090527D000000003350,00NTRF000073453191//180010
PAGO
:61:090527D000000000024,99NTRF000073299098//180010
PAGO
:61:090527D000000000421,32NTRF000073173905//180010
PAGO
:61:090527D000000000600,00NTRF000073094998//180010
PAGO
:61:090527D000000000154,02NTRF000073028883//180010
PAGO
:61:090527D000000000900,00NTRF000072589119//180010
PAGO
:61:090527D000000000210,00NTRF000072408061//180010
PAGO
:61:090527D000000000700,00NTRF000072395078//180010
PAGO
:62M:D090527VEF000009447268,35
-}{5:{CHK:1143FB20924B}}{S:{COP:S}}${1:F21VZCRVECAAXXX5410610696}{4:{177:0404021720}{451:0}}{1:F01VZCRVECAAXXX5410610696}{2:09501717040402VZCRVECAAXXX40812675430404021720N}{3:{108:SCONNECT}}{4:
:20:MI090527
:25:1111111111
:28C:0628/090
:60M:D090527VEF000009447268,35
:61:090527D000000000200,00NTRF000072116979//180010
PAGO
:61:090527D000000000300,00NTRF000047215513//180010
PAGO
:61:090527D000000001959,00NTRF000047136942//180010
PAGO
:61:090527D000000000650,00NTRF000046893467//180010
PAGO
:61:090527D000000000600,00NTRF000046706654//180010
PAGO
:61:090527D000000000049,00NTRF000046608013//180010
PAGO
:61:090527D000000000300,00NTRF000046599293//180010
PAGO
:61:090527D000000000300,00NTRF000046202346//180010
PAGO
:61:090527D000000001000,00NTRF000045742848//180010
PAGO
:62M:D090527VEF000009452626,35
-}{5:{CHK:1143FB20924B}}{S:{COP:S}}${1:F21VZCRVECAAXXX5410610696}{4:{177:0404021720}{451:0}}{1:F01VZCRVECAAXXX5410610696}{2:09501717040402VZCRVECAAXXX40812675430404021720N}{3:{108:SCONNECT}}{4:
:20:MI090527
:25:1111111111
:28C:0628/091
:60M:D090527VEF000009452626,35
:61:090527D000000003000,00NTRF000044967724//180010
PAGO
:61:090527D000000000137,00NTRF000020740515//180010
PAGO
:61:090527D000000000358,51NTRF000020465633//180010
PAGO
:61:090527D000000000750,00NTRF000020226210//180010
PAGO
:61:090527D000000000700,00NTRF000020157284//180010
PAGO
:61:090527D000000000200,00NTRF000019853444//180010
PAGO
:61:090527D000000001000,00NTRF000019725191//180010
PAGO
:61:090527D000000011000,00NTRF000019672800//180010
PAGO
:61:090527D000000000200,00NTRF000019670742//180010
PAGO
:62M:D090527VEF000009469971,86
-}{5:{CHK:1143FB20924B}}{S:{COP:S}}${1:F21VZCRVECAAXXX5410610696}{4:{177:0404021720}{451:0}}{1:F01VZCRVECAAXXX5410610696}{2:09501717040402VZCRVECAAXXX40812675430404021720N}{3:{108:SCONNECT}}{4:
:20:MI090527
:25:1111111111
:28C:0628/092
:60M:D090527VEF000009469971,86
:61:090527D000000001198,08NTRF000019501147//180010
PAGO
:61:090527D000000000250,00NTRF000091638664//180010
PAGO
:61:090527D000000000030,00NTRF000091472618//180010
PAGO
:61:090527D000000000771,00NTRF000091455929//180010
PAGO
:61:090527D000000001280,00NTRF000091425693//180010
PAGO
:61:090527D000000000100,00NTRF000091376856//180010
PAGO
:61:090527D000000000660,00NTRF000091292792//180010
PAGO
:61:090527D000000000215,00NTRF000091207492//180010
PAGO
:61:090527D000000000200,00NTRF000090941223//180010
PAGO
:62M:D090527VEF000009474675,94
-}{5:{CHK:1143FB20924B}}{S:{COP:S}}${1:F21VZCRVECAAXXX5410610696}{4:{177:0404021720}{451:0}}{1:F01VZCRVECAAXXX5410610696}{2:09501717040402VZCRVECAAXXX40812675430404021720N}{3:{108:SCONNECT}}{4:
:20:MI090527
:25:1111111111
:28C:0628/093
:60M:D090527VEF000009474675,94
:61:090527D000000000100,00NTRF000057039336//180010
PAGO
:61:090527D000000001110,00NTRF000056610857//180010
PAGO
:61:090527D000000000200,00NTRF000056189177//180010
PAGO
:61:090527D000000000045,00NTRF000056154587//180010
PAGO
:61:090527D000000000250,00NTRF000056123990//180010
PAGO
:61:090527D000000002110,00NTRF000056052580//180010
PAGO
:61:090527D000000000056,00NTRF000055976247//180010
PAGO
:61:090527D000000000310,00NTRF000054935597//180010
PAGO
:61:090527D000000001532,20NTRF000020778965//180010
PAGO
:62M:D090527VEF000009480389,14
-}{5:{CHK:1143FB20924B}}{S:{COP:S}}${1:F21VZCRVECAAXXX5410610696}{4:{177:0404021720}{451:0}}{1:F01VZCRVECAAXXX5410610696}{2:09501717040402VZCRVECAAXXX40812675430404021720N}{3:{108:SCONNECT}}{4:
:20:MI090527
:25:1111111111
:28C:0628/094
:60M:D090527VEF000009480389,14
:61:090527D000000000162,11NTRF000020693095//180010
PAGO
:61:090527D000000000400,00NTRF000020568351//180010
PAGO
:61:090527D000000000200,00NTRF000019766935//180010
PAGO
:61:090527D000000001405,00NTRF000019350292//180010
PAGO
:61:090527D000000000170,00NTRF000019263517//180010
PAGO
:61:090527D000000000150,00NTRF000019250269//180010
PAGO
:61:090527D000000000500,00NTRF000019236937//180010
PAGO
:61:090527D000000000300,00NTRF000019117227//180010
PAGO
:61:090527D000000001281,00NTRF000093299385//180010
PAGO
:62M:D090527VEF000009484957,25
-}{5:{CHK:1143FB20924B}}{S:{COP:S}}${1:F21VZCRVECAAXXX5410610696}{4:{177:0404021720}{451:0}}{1:F01VZCRVECAAXXX5410610696}{2:09501717040402VZCRVECAAXXX40812675430404021720N}{3:{108:SCONNECT}}{4:
:20:MI090527
:25:1111111111
:28C:0628/095
:60M:D090527VEF000009484957,25
:61:090527D000000000500,00NTRF000093186939//180010
PAGO
:61:090527D000000000730,00NTRF000092929575//180010
PAGO
:61:090527D000000000090,00NTRF000092908601//180010
PAGO
:61:090527D000000000090,00NTRF000092863248//180010
PAGO
:61:090527D000000001000,00NTRF000092763084//180010
PAGO
:61:090527D000000000200,00NTRF000092693691//180010
PAGO
:61:090527D000000000350,00NTRF000092584599//180010
PAGO
:61:090527D000000003000,00NTRF000092551799//180010
PAGO
:61:090527D000000000990,00NTRF000077983079//180010
PAGO
:62M:D090527VEF000009491907,25
-}{5:{CHK:1143FB20924B}}{S:{COP:S}}${1:F21VZCRVECAAXXX5410610696}{4:{177:0404021720}{451:0}}{1:F01VZCRVECAAXXX5410610696}{2:09501717040402VZCRVECAAXXX40812675430404021720N}{3:{108:SCONNECT}}{4:
:20:MI090527
:25:1111111111
:28C:0628/096
:60M:D090527VEF000009491907,25
:61:090527D000000006400,00NTRF000077982105//180010
PAGO
:61:090527D000000000700,00NTRF000077929710//180010
PAGO
:61:090527D000000000100,00NTRF000077921566//180010
PAGO
:61:090527D000000000090,00NTRF000077893585//180010
PAGO
:61:090527D000000006400,00NTRF000077888962//180010
PAGO
:61:090527D000000001270,00NTRF000077801258//180010
PAGO
:61:090527D000000001300,00NTRF000077774388//180010
PAGO
:61:090527D000000000700,00NTRF000077621337//180010
PAGO
:61:090527D000000004538,63NTRF000062899156//180010
PAGO
:62M:D090527VEF000009513405,88
-}{5:{CHK:1143FB20924B}}{S:{COP:S}}${1:F21VZCRVECAAXXX5410610696}{4:{177:0404021720}{451:0}}{1:F01VZCRVECAAXXX5410610696}{2:09501717040402VZCRVECAAXXX40812675430404021720N}{3:{108:SCONNECT}}{4:
:20:MI090527
:25:1111111111
:28C:0628/097
:60M:D090527VEF000009513405,88
:61:090527D000000000250,00NTRF000062895747//180010
PAGO
:61:090527D000000000470,00NTRF000062861953//180010
PAGO
:61:090527D000000000800,00NTRF000062595163//180010
PAGO
:61:090527D000000004000,00NTRF000062561200//180010
PAGO
:61:090527D000000007500,00NTRF000062217940//180010
PAGO
:61:090527D000000000531,40NTRF000061841067//180010
PAGO
:61:090527D000000000837,00NTRF000061723099//180010
PAGO
:61:090527D000000000400,00NTRF000061338301//180010
PAGO
:61:090527D000000001450,00NTRF000042288960//180010
PAGO
:62M:D090527VEF000009529644,28
-}{5:{CHK:1143FB20924B}}{S:{COP:S}}${1:F21VZCRVECAAXXX5410610696}{4:{177:0404021720}{451:0}}{1:F01VZCRVECAAXXX5410610696}{2:09501717040402VZCRVECAAXXX40812675430404021720N}{3:{108:SCONNECT}}{4:
:20:MI090527
:25:1111111111
:28C:0628/098
:60M:D090527VEF000009529644,28
:61:090527D000000000400,00NTRF000042156450//180010
PAGO
:61:090527D000000002030,00NTRF000042139111//180010
PAGO
:61:090527D000000002316,00NTRF000042084781//180010
PAGO
:61:090527D000000000800,00NTRF000042013849//180010
PAGO
:61:090527D000000001000,00NTRF000041973617//180010
PAGO
:61:090527D000000000750,00NTRF000041903902//180010
PAGO
:61:090527D000000002000,00NTRF000041854203//180010
PAGO
:61:090527D000000000290,00NTRF000041841790//180010
PAGO
:61:090527D000000000060,00NTRF000028169654//180010
PAGO
:62M:D090527VEF000009539290,28
-}{5:{CHK:1143FB20924B}}{S:{COP:S}}${1:F21VZCRVECAAXXX5410610696}{4:{177:0404021720}{451:0}}{1:F01VZCRVECAAXXX5410610696}{2:09501717040402VZCRVECAAXXX40812675430404021720N}{3:{108:SCONNECT}}{4:
:20:MI090527
:25:1111111111
:28C:0628/099
:60M:D090527VEF000009539290,28
:61:090527D000000002500,00NTRF000028092082//180010
PAGO
:61:090527D000000080000,00NTRF000028042956//180010
PAGO
:61:090527D000000000200,00NTRF000028015237//180010
PAGO
:61:090527D000000000150,00NTRF000027936339//180010
PAGO
:61:090527D000000001000,00NTRF000027788993//180010
PAGO
:61:090527D000000000200,00NTRF000027685218//180010
PAGO
:61:090527D000000000399,00NTRF000027186171//180010
PAGO
:61:090527D000000000545,00NTRF000027178521//180010
PAGO
:61:090527D000000005000,00NTRF000006853222//180010
PAGO
:62M:D090527VEF000009629284,28
-}{5:{CHK:1143FB20924B}}{S:{COP:S}}${1:F21VZCRVECAAXXX5410610696}{4:{177:0404021720}{451:0}}{1:F01VZCRVECAAXXX5410610696}{2:09501717040402VZCRVECAAXXX40812675430404021720N}{3:{108:SCONNECT}}{4:
:20:MI090527
:25:1111111111
:28C:0628/100
:60M:D090527VEF000009629284,28
:61:090527D000000000584,32NTRF000006732122//180010
PAGO
:61:090527D000000000400,00NTRF000006602437//180010
PAGO
:61:090527D000000000150,00NTRF000006512706//180010
PAGO
:61:090527D000000002500,00NTRF000006482263//180010
PAGO
:61:090527D000000000789,12NTRF000006411026//180010
PAGO
:61:090527D000000000080,00NTRF000006202128//180010
PAGO
:61:090527D000000000370,00NTRF000006079981//180010
PAGO
:61:090527D000000004600,00NTRF000006069385//180010
PAGO
:61:090527D000000000100,00NTRF000081000187//180010
PAGO
:62M:D090527VEF000009638857,72
-}{5:{CHK:1143FB20924B}}{S:{COP:S}}${1:F21VZCRVECAAXXX5410610696}{4:{177:0404021720}{451:0}}{1:F01VZCRVECAAXXX5410610696}{2:09501717040402VZCRVECAAXXX40812675430404021720N}{3:{108:SCONNECT}}{4:
:20:MI090527
:25:1111111111
:28C:0628/101
:60M:D090527VEF000009638857,72
:61:090527D000000000390,00NTRF000080921061//180010
PAGO
:61:090527D000000000300,00NTRF000080760710//180010
PAGO
:61:090527D000000000300,00NTRF000080735710//180010
PAGO
:61:090527D000000000500,00NTRF000080636270//180010
PAGO
:61:090527D000000000160,00NTRF000080557694//180010
PAGO
:61:090527D000000000022,40NTRF000080486302//180010
PAGO
:61:090527D000000001577,96NTRF000080287200//180010
PAGO
:61:090527D000000000006,41NTRF000080208306//180010
PAGO
:61:090527D000000000057,00NTRF000050042286//180010
PAGO
:62M:D090527VEF000009642171,49
-}{5:{CHK:1143FB20924B}}{S:{COP:S}}${1:F21VZCRVECAAXXX5410610696}{4:{177:0404021720}{451:0}}{1:F01VZCRVECAAXXX5410610696}{2:09501717040402VZCRVECAAXXX40812675430404021720N}{3:{108:SCONNECT}}{4:
:20:MI090527
:25:1111111111
:28C:0628/102
:60M:D090527VEF000009642171,49
:61:090527D000000000300,00NTRF000050001921//180010
PAGO
:61:090527D000000000500,00NTRF000049442255//180010
PAGO
:61:090527D000000002960,00NTRF000049191968//180010
PAGO
:61:090527D000000000200,00NTRF000049107747//180010
PAGO
:61:090527D000000000300,00NTRF000049073818//180010
PAGO
:61:090527D000000000387,00NTRF000048775621//180010
PAGO
:61:090527D000000000600,00NTRF000047854036//180010
PAGO
:61:090527D000000001400,00NTRF000047805858//180010
PAGO
:61:090527D000000001000,00NTRF000022537344//180010
PAGO
:62M:D090527VEF000009649818,49
-}{5:{CHK:1143FB20924B}}{S:{COP:S}}${1:F21VZCRVECAAXXX5410610696}{4:{177:0404021720}{451:0}}{1:F01VZCRVECAAXXX5410610696}{2:09501717040402VZCRVECAAXXX40812675430404021720N}{3:{108:SCONNECT}}{4:
:20:MI090527
:25:1111111111
:28C:0628/103
:60M:D090527VEF000009649818,49
:61:090527D000000000300,00NTRF000022486843//180010
PAGO
:61:090527D000000000200,00NTRF000022097279//180010
PAGO
:61:090527D000000001300,00NTRF000021873633//180010
PAGO
:61:090527D000000000300,00NTRF000021756926//180010
PAGO
:61:090527D000000000500,00NTRF000021640678//180010
PAGO
:61:090527D000000000150,00NTRF000021240418//180010
PAGO
:61:090527D000000006000,00NTRF000021159828//180010
PAGO
:61:090527D000000000622,40NTRF000020971100//180010
PAGO
:61:090527D000000002149,50NTRF000026050525//180010
PAGO
:62M:D090527VEF000009661340,39
-}{5:{CHK:1143FB20924B}}{S:{COP:S}}${1:F21VZCRVECAAXXX5410610696}{4:{177:0404021720}{451:0}}{1:F01VZCRVECAAXXX5410610696}{2:09501717040402VZCRVECAAXXX40812675430404021720N}{3:{108:SCONNECT}}{4:
:20:MI090527
:25:1111111111
:28C:0628/104
:60M:D090527VEF000009661340,39
:61:090527D000000004999,50NTRF000026050524//180010
PAGO
:61:090527D000000006999,50NTRF000026050523//180010
PAGO
:61:090527D000000007999,50NTRF000026050522//180010
PAGO
:61:090527D000000001023,50NTRF000026050521//180010
PAGO
:61:090527D000000009022,50NTRF000026050520//180010
PAGO
:61:090527D000000001520,00NTRF000026050519//180010
PAGO
:61:090527D000000001129,50NTRF000026050518//180010
PAGO
:61:090527D000000002000,00NTRF000026050517//180010
PAGO
:61:090527D000000035149,47NTRF000000086937//180010
PAGO
:62M:D090527VEF000009731183,86
-}{5:{CHK:1143FB20924B}}{S:{COP:S}}${1:F21VZCRVECAAXXX5410610696}{4:{177:0404021720}{451:0}}{1:F01VZCRVECAAXXX5410610696}{2:09501717040402VZCRVECAAXXX40812675430404021720N}{3:{108:SCONNECT}}{4:
:20:MI090527
:25:1111111111
:28C:0628/105
:60M:D090527VEF000009731183,86
:61:090527D000000002817,02NTRF000000086936//180010
PAGO
:61:090527D000000004789,92NTRF000000086935//180010
PAGO
:61:090527D000000010546,86NTRF000000086934//180010
PAGO
:61:090527D000000013748,62NTRF000000086933//180010
PAGO
:61:090527D000000056000,25NTRF000000086932//180010
PAGO
:61:090527D000000016910,72NTRF000000086931//180010
PAGO
:61:090527D000000002020,00NTRF000000086930//180010
PAGO
:61:090527D000000088275,38NTRF000000086929//180010
PAGO
:61:090527D000000000323,00NTRF000090000507//180010
PAGO
:62M:D090527VEF000009926615,63
-}{5:{CHK:1143FB20924B}}{S:{COP:S}}${1:F21VZCRVECAAXXX5410610696}{4:{177:0404021720}{451:0}}{1:F01VZCRVECAAXXX5410610696}{2:09501717040402VZCRVECAAXXX40812675430404021720N}{3:{108:SCONNECT}}{4:
:20:MI090527
:25:1111111111
:28C:0628/106
:60M:D090527VEF000009926615,63
:61:090527D000000000208,10NTRF000090000506//180010
PAGO
:61:090527D000000000468,30NTRF000090000505//180010
PAGO
:61:090527D000000000278,50NTRF000090000504//180010
PAGO
:61:090527D000000000822,30NTRF000090000503//180010
PAGO
:61:090527D000000000240,40NTRF000090000502//180010
PAGO
:61:090527D000000000131,40NTRF000090000501//180010
PAGO
:61:090527D000000000389,90NTRF000090000500//180010
PAGO
:61:090527D000000000323,20NTRF000090000499//180010
PAGO
:61:090527D000000000427,30NTRF000090000363//180010
PAGO
:62M:D090527VEF000009929905,03
-}{5:{CHK:1143FB20924B}}{S:{COP:S}}${1:F21VZCRVECAAXXX5410610696}{4:{177:0404021720}{451:0}}{1:F01VZCRVECAAXXX5410610696}{2:09501717040402VZCRVECAAXXX40812675430404021720N}{3:{108:SCONNECT}}{4:
:20:MI090527
:25:1111111111
:28C:0628/107
:60M:D090527VEF000009929905,03
:61:090527D000000000302,10NTRF000090000362//180010
PAGO
:61:090527D000000000252,00NTRF000090000361//180010
PAGO
:61:090527D000000000104,20NTRF000090000360//180010
PAGO
:61:090527D000000000094,20NTRF000090000359//180010
PAGO
:61:090527D000000000107,10NTRF000090000358//180010
PAGO
:61:090527D000000000052,20NTRF000090000357//180010
PAGO
:61:090527D000000000072,60NTRF000090000356//180010
PAGO
:61:090527D000000000085,00NTRF000090000355//180010
PAGO
:61:090527D000000000054,00NTRF000090000219//180010
PAGO
:62M:D090527VEF000009931028,43
-}{5:{CHK:1143FB20924B}}{S:{COP:S}}${1:F21VZCRVECAAXXX5410610696}{4:{177:0404021720}{451:0}}{1:F01VZCRVECAAXXX5410610696}{2:09501717040402VZCRVECAAXXX40812675430404021720N}{3:{108:SCONNECT}}{4:
:20:MI090527
:25:1111111111
:28C:0628/108
:60M:D090527VEF000009931028,43
:61:090527D000000000138,60NTRF000090000218//180010
PAGO
:61:090527D000000000456,20NTRF000090000217//180010
PAGO
:61:090527D000000000385,30NTRF000090000216//180010
PAGO
:61:090527D000000002250,10NTRF000090000215//180010
PAGO
:61:090527D000000000192,08NTRF000090000214//180010
PAGO
:61:090527D000000001805,20NTRF000090000213//180010
PAGO
:61:090527D000000002106,30NTRF000090000212//180010
PAGO
:61:090527D000000000206,50NTRF000090000202//180010
PAGO
:61:090527D000000000068,60NTRF000090000069//180010
PAGO
:62M:D090527VEF000009938637,31
-}{5:{CHK:1143FB20924B}}{S:{COP:S}}${1:F21VZCRVECAAXXX5410610696}{4:{177:0404021720}{451:0}}{1:F01VZCRVECAAXXX5410610696}{2:09501717040402VZCRVECAAXXX40812675430404021720N}{3:{108:SCONNECT}}{4:
:20:MI090527
:25:1111111111
:28C:0628/109
:60M:D090527VEF000009938637,31
:61:090527D000000000167,40NTRF000090000068//180010
PAGO
:61:090527D000000000251,80NTRF000090000067//180010
PAGO
:61:090527D000000000202,60NTRF000090000066//180010
PAGO
:61:090527D000000000179,50NTRF000090000065//180010
PAGO
:61:090527D000000000047,30NTRF000090000064//180010
PAGO
:61:090527D000000000100,60NTRF000090000063//180010
PAGO
:61:090527D000000000248,80NTRF000090000062//180010
PAGO
:61:090527D000000000085,40NTRF000090000061//180010
PAGO
:61:090527D000000252500,00NTRF000009050235//180010
PAGO
:62M:D090527VEF000010192420,71
-}{5:{CHK:1143FB20924B}}{S:{COP:S}}${1:F21VZCRVECAAXXX5410610696}{4:{177:0404021720}{451:0}}{1:F01VZCRVECAAXXX5410610696}{2:09501717040402VZCRVECAAXXX40812675430404021720N}{3:{108:SCONNECT}}{4:
:20:MI090527
:25:1111111111
:28C:0628/110
:60M:D090527VEF000010192420,71
:61:090527D000000139104,50NTRF000009050234//180010
PAGO
:61:090527D000000030914,10NTRF000009050231//180010
PAGO
:61:090527D000000001215,20NTRF000009050230//180010
PAGO
:61:090527D000000045955,00NTRF000009050229//180010
PAGO
:61:090527D000000001383,79NTRF000009050227//180010
PAGO
:61:090527D000000138166,65NTRF000002018413//180010
PAGO
:61:090527D000000003822,00NTRF000000115383//180010
PAGO
:61:090527D000000004410,00NTRF000000115382//180010
PAGO
:61:090527D000000400000,00NTRF000000066951//180010
PAGO
:62M:D090527VEF000010957391,95
-}{5:{CHK:1143FB20924B}}{S:{COP:S}}${1:F21VZCRVECAAXXX5410610696}{4:{177:0404021720}{451:0}}{1:F01VZCRVECAAXXX5410610696}{2:09501717040402VZCRVECAAXXX40812675430404021720N}{3:{108:SCONNECT}}{4:
:20:MI090527
:25:1111111111
:28C:0628/111
:60M:D090527VEF000010957391,95
:61:090527D000000000248,98NTRF000000066933//180010
PAGO
:61:090527D000000016754,23NTRF000013772605//180010
PAGO
:61:090527D000000021160,50NTRF000000002698//180010
PAGO
:61:090527D000000028450,00NTRF000000002430//180010
PAGO
:61:090527D000000002000,00NTRF000000002429//180010
PAGO
:61:090527D000000053127,80NTRF000000002428//180010
PAGO
:61:090527D000000000500,00NTRF000000002427//180010
PAGO
:61:090527D000000000220,00NTRF000090082937//180010
PAGO
:61:090527D000000000030,00NTRF000088735940//180010
PAGO
:62M:D090527VEF000011079883,46
-}{5:{CHK:1143FB20924B}}{S:{COP:S}}${1:F21VZCRVECAAXXX5410610696}{4:{177:0404021720}{451:0}}{1:F01VZCRVECAAXXX5410610696}{2:09501717040402VZCRVECAAXXX40812675430404021720N}{3:{108:SCONNECT}}{4:
:20:MI090527
:25:1111111111
:28C:0628/112
:60M:D090527VEF000011079883,46
:61:090527D000000000200,00NTRF000088229532//180010
PAGO
:61:090527D000000000200,00NTRF000086015925//180010
PAGO
:61:090527D000000000300,00NTRF000085327666//180010
PAGO
:61:090527D000000000300,00NTRF000085292666//180010
PAGO
:61:090527D000000000060,00NTRF000084022469//180010
PAGO
:61:090527D000000000267,00NTRF000082588721//180010
PAGO
:61:090527D000000000400,00NTRF000079952106//180010
PAGO
:61:090527D000000030000,00NTRF000071352811//180010
PAGO
:61:090527D000000006402,29NTRF000070413925//180010
PAGO
:62M:D090527VEF000011118012,75
-}{5:{CHK:1143FB20924B}}{S:{COP:S}}${1:F21VZCRVECAAXXX5410610696}{4:{177:0404021720}{451:0}}{1:F01VZCRVECAAXXX5410610696}{2:09501717040402VZCRVECAAXXX40812675430404021720N}{3:{108:SCONNECT}}{4:
:20:MI090527
:25:1111111111
:28C:0628/113
:60M:D090527VEF000011118012,75
:61:090527D000000006460,37NTRF000070413535//180010
PAGO
:61:090527D000000009241,87NTRF000070413032//180010
PAGO
:61:090527D000000006590,94NTRF000070412529//180010
PAGO
:61:090527D000000005593,42NTRF000070412055//180010
PAGO
:61:090527D000000000200,00NTRF000070394614//180010
PAGO
:61:090527D000000001000,00NTRF000070321741//180010
PAGO
:61:090527D000000001119,20NTRF000072110858//180010
PAGO
:61:090527D000000000300,00NTRF000071657623//180010
PAGO
:61:090527D000000000800,00NTRF000071206039//180010
PAGO
:62M:D090527VEF000011149318,55
-}{5:{CHK:1143FB20924B}}{S:{COP:S}}${1:F21VZCRVECAAXXX5410610696}{4:{177:0404021720}{451:0}}{1:F01VZCRVECAAXXX5410610696}{2:09501717040402VZCRVECAAXXX40812675430404021720N}{3:{108:SCONNECT}}{4:
:20:MI090527
:25:1111111111
:28C:0628/114
:60M:D090527VEF000011149318,55
:61:090527D000000000395,00NTRF000071118166//180010
PAGO
:61:090527D000000000108,75NTRF000070995082//180010
PAGO
:61:090527D000000000070,00NTRF000070859939//180010
PAGO
:61:090527D000000005396,00NTRF000070713291//180010
PAGO
:61:090527D000000000150,00NTRF000070628270//180010
PAGO
:61:090527D000000000400,00NTRF000070519967//180010
PAGO
:61:090527D000000001680,00NTRF000044961560//180010
PAGO
:61:090527D000000000850,00NTRF000044926883//180010
PAGO
:61:090527D000000000050,00NTRF000044925016//180010
PAGO
:62M:D090527VEF000011158418,30
-}{5:{CHK:1143FB20924B}}{S:{COP:S}}${1:F21VZCRVECAAXXX5410610696}{4:{177:0404021720}{451:0}}{1:F01VZCRVECAAXXX5410610696}{2:09501717040402VZCRVECAAXXX40812675430404021720N}{3:{108:SCONNECT}}{4:
:20:MI090527
:25:1111111111
:28C:0628/115
:60M:D090527VEF000011158418,30
:61:090527D000000000800,00NTRF000044554232//180010
PAGO
:61:090527D000000000175,00NTRF000044357627//180010
PAGO
:61:090527D000000000500,00NTRF000044142754//180010
PAGO
:61:090527D000000010581,00NTRF000044136943//180010
PAGO
:61:090527D000000000800,00NTRF000043849511//180010
PAGO
:61:090527D000000000300,00NTRF000043722347//180010
PAGO
:61:090527D000000001500,00NTRF000019177129//180010
PAGO
:61:090527D000000008612,29NTRF000019071025//180010
PAGO
:61:090527D000000001000,00NTRF000019016446//180010
PAGO
:62M:D090527VEF000011182686,59
-}{5:{CHK:1143FB20924B}}{S:{COP:S}}${1:F21VZCRVECAAXXX5410610696}{4:{177:0404021720}{451:0}}{1:F01VZCRVECAAXXX5410610696}{2:09501717040402VZCRVECAAXXX40812675430404021720N}{3:{108:SCONNECT}}{4:
:20:MI090527
:25:1111111111
:28C:0628/116
:60M:D090527VEF000011182686,59
:61:090527D000000002308,69NTRF000018510848//180010
PAGO
:61:090527D000000001500,00NTRF000018474341//180010
PAGO
:61:090527D000000005500,00NTRF000018330300//180010
PAGO
:61:090527D000000001200,00NTRF000018228847//180010
PAGO
:61:090527D000000000200,00NTRF000018207741//180010
PAGO
:61:090527D000000000911,00NTRF000018175193//180010
PAGO
:61:090527D000000000200,00NTRF000090825223//180010
PAGO
:61:090527D000000000200,00NTRF000090707164//180010
PAGO
:61:090527D000000000286,00NTRF000090676883//180010
PAGO
:62M:D090527VEF000011194992,28
-}{5:{CHK:1143FB20924B}}{S:{COP:S}}${1:F21VZCRVECAAXXX5410610696}{4:{177:0404021720}{451:0}}{1:F01VZCRVECAAXXX5410610696}{2:09501717040402VZCRVECAAXXX40812675430404021720N}{3:{108:SCONNECT}}{4:
:20:MI090527
:25:1111111111
:28C:0628/117
:60M:D090527VEF000011194992,28
:61:090527D000000000007,70NTRF000090593177//180010
PAGO
:61:090527D000000000490,00NTRF000090503760//180010
PAGO
:61:090527D000000001000,00NTRF000090395097//180010
PAGO
:61:090527D000000000500,00NTRF000090125901//180010
PAGO
:61:090527D000000000200,00NTRF000089903802//180010
PAGO
:61:090527D000000000607,00NTRF000089901797//180010
PAGO
:61:090527D000000000126,00NTRF000054627181//180010
PAGO
:61:090527D000000000120,00NTRF000054611805//180010
PAGO
:61:090527D000000000120,00NTRF000054576805//180010
PAGO
:62M:D090527VEF000011198162,98
-}{5:{CHK:1143FB20924B}}{S:{COP:S}}${1:F21VZCRVECAAXXX5410610696}{4:{177:0404021720}{451:0}}{1:F01VZCRVECAAXXX5410610696}{2:09501717040402VZCRVECAAXXX40812675430404021720N}{3:{108:SCONNECT}}{4:
:20:MI090527
:25:1111111111
:28C:0628/118
:60M:D090527VEF000011198162,98
:61:090527D000000002000,00NTRF000054118783//180010
PAGO
:61:090527D000000000100,00NTRF000053151320//180010
PAGO
:61:090527D000000000100,00NTRF000053093320//180010
PAGO
:61:090527D000000000300,00NTRF000052962058//180010
PAGO
:61:090527D000000002000,00NTRF000052826902//180010
PAGO
:61:090527D000000002155,00NTRF000052664919//180010
PAGO
:61:090527D000000000554,00NTRF000018729040//180010
PAGO
:61:090527D000000000080,00NTRF000018358632//180010
PAGO
:61:090527D000000000800,00NTRF000018330406//180010
PAGO
:62M:D090527VEF000011206251,98
-}{5:{CHK:1143FB20924B}}{S:{COP:S}}${1:F21VZCRVECAAXXX5410610696}{4:{177:0404021720}{451:0}}{1:F01VZCRVECAAXXX5410610696}{2:09501717040402VZCRVECAAXXX40812675430404021720N}{3:{108:SCONNECT}}{4:
:20:MI090527
:25:1111111111
:28C:0628/119
:60M:D090527VEF000011206251,98
:61:090527D000000001100,00NTRF000018329212//180010
PAGO
:61:090527D000000000200,00NTRF000018280894//180010
PAGO
:61:090527D000000000120,00NTRF000018161299//180010
PAGO
:61:090527D000000000800,00NTRF000018095532//180010
PAGO
:61:090527D000000001712,27NTRF000018070619//180010
PAGO
:61:090527D000000013070,00NTRF000017955451//180010
PAGO
:61:090527D000000000400,00NTRF000092437496//180010
PAGO
:61:090527D000000000125,00NTRF000092419697//180010
PAGO
:61:090527D000000000950,00NTRF000091777110//180010
PAGO
:62M:D090527VEF000011224729,25
-}{5:{CHK:1143FB20924B}}{S:{COP:S}}${1:F21VZCRVECAAXXX5410610696}{4:{177:0404021720}{451:0}}{1:F01VZCRVECAAXXX5410610696}{2:09501717040402VZCRVECAAXXX40812675430404021720N}{3:{108:SCONNECT}}{4:
:20:MI090527
:25:1111111111
:28C:0628/120
:60M:D090527VEF000011224729,25
:61:090527D000000007372,00NTRF000091683603//180010
PAGO
:61:090527D000000000200,00NTRF000091670724//180010
PAGO
:61:090527D000000000303,00NTRF000091634745//180010
PAGO
:61:090527D000000003000,00NTRF000091594413//180010
PAGO
:61:090527D000000018347,46NTRF000091444797//180010
PAGO
:61:090527D000000000300,00NTRF000091443924//180010
PAGO
:61:090527D000000009000,00NTRF000077316177//180010
PAGO
:61:090527D000000001000,00NTRF000077167995//180010
PAGO
:61:090527D000000000600,00NTRF000077055281//180010
PAGO
:62M:D090527VEF000011264851,71
-}{5:{CHK:1143FB20924B}}{S:{COP:S}}${1:F21VZCRVECAAXXX5410610696}{4:{177:0404021720}{451:0}}{1:F01VZCRVECAAXXX5410610696}{2:09501717040402VZCRVECAAXXX40812675430404021720N}{3:{108:SCONNECT}}{4:
:20:MI090527
:25:1111111111
:28C:0628/121
:60M:D090527VEF000011264851,71
:61:090527D000000000250,00NTRF000077010018//180010
PAGO
:61:090527D000000000009,00NTRF000076912932//180010
PAGO
:61:090527D000000001407,33NTRF000076786462//180010
PAGO
:61:090527D000000001100,00NTRF000076727744//180010
PAGO
:61:090527D000000000302,00NTRF000076688768//180010
PAGO
:61:090527D000000000314,72NTRF000076561837//180010
PAGO
:61:090527D000000000045,25NTRF000061276489//180010
PAGO
:61:090527D000000000714,00NTRF000061230268//180010
PAGO
:61:090527D000000002400,00NTRF000061225713//180010
PAGO
:62M:D090527VEF000011271394,01
-}{5:{CHK:1143FB20924B}}{S:{COP:S}}${1:F21VZCRVECAAXXX5410610696}{4:{177:0404021720}{451:0}}{1:F01VZCRVECAAXXX5410610696}{2:09501717040402VZCRVECAAXXX40812675430404021720N}{3:{108:SCONNECT}}{4:
:20:MI090527
:25:1111111111
:28C:0628/122
:60M:D090527VEF000011271394,01
:61:090527D000000001400,00NTRF000060769793//180010
PAGO
:61:090527D000000000720,00NTRF000060753600//180010
PAGO
:61:090527D000000004000,00NTRF000060604232//180010
PAGO
:61:090527D000000000200,00NTRF000060451575//180010
PAGO
:61:090527D000000000080,00NTRF000060082443//180010
PAGO
:61:090527D000000003500,00NTRF000041308887//180010
PAGO
:61:090527D000000000450,00NTRF000041224579//180010
PAGO
:61:090527D000000000260,00NTRF000041207288//180010
PAGO
:61:090527D000000000605,92NTRF000041138907//180010
PAGO
:62M:D090527VEF000011282609,93
-}{5:{CHK:1143FB20924B}}{S:{COP:S}}${1:F21VZCRVECAAXXX5410610696}{4:{177:0404021720}{451:0}}{1:F01VZCRVECAAXXX5410610696}{2:09501717040402VZCRVECAAXXX40812675430404021720N}{3:{108:SCONNECT}}{4:
:20:MI090527
:25:1111111111
:28C:0628/123
:60M:D090527VEF000011282609,93
:61:090527D000000006600,00NTRF000041061454//180010
PAGO
:61:090527D000000700000,00NTRF000040754921//180010
PAGO
:61:090527D000000000350,00NTRF000040706852//180010
PAGO
:61:090527D000000030000,00NTRF000040452798//180010
PAGO
:61:090527D000000002000,00NTRF000040312895//180010
PAGO
:61:090527D000000000250,00NTRF000027109422//180010
PAGO
:61:090527D000000000900,00NTRF000026936310//180010
PAGO
:61:090527D000000000420,89NTRF000026928060//180010
PAGO
:61:090527D000000009000,00NTRF000026771796//180010
PAGO
:62M:D090527VEF000012032130,82
-}{5:{CHK:1143FB20924B}}{S:{COP:S}}${1:F21VZCRVECAAXXX5410610696}{4:{177:0404021720}{451:0}}{1:F01VZCRVECAAXXX5410610696}{2:09501717040402VZCRVECAAXXX40812675430404021720N}{3:{108:SCONNECT}}{4:
:20:MI090527
:25:1111111111
:28C:0628/124
:60M:D090527VEF000012032130,82
:61:090527D000000000780,00NTRF000026465479//180010
PAGO
:61:090527D000000000600,00NTRF000026439632//180010
PAGO
:61:090527D000000000200,00NTRF000026309389//180010
PAGO
:61:090527D000000001250,00NTRF000025519953//180010
PAGO
:61:090527D000000000090,00NTRF000025486214//180010
PAGO
:61:090527D000000000850,00NTRF000005921698//180010
PAGO
:61:090527D000000000100,00NTRF000005825187//180010
PAGO
:61:090527D000000003240,00NTRF000005455282//180010
PAGO
:61:090527D000000000300,00NTRF000005247849//180010
PAGO
:62M:D090527VEF000012039540,82
-}{5:{CHK:1143FB20924B}}{S:{COP:S}}${1:F21VZCRVECAAXXX5410610696}{4:{177:0404021720}{451:0}}{1:F01VZCRVECAAXXX5410610696}{2:09501717040402VZCRVECAAXXX40812675430404021720N}{3:{108:SCONNECT}}{4:
:20:MI090527
:25:1111111111
:28C:0628/125
:60M:D090527VEF000012039540,82
:61:090527D000000005000,00NTRF000005226608//180010
PAGO
:61:090527D000000000600,00NTRF000005159681//180010
PAGO
:61:090527D000000008094,34NTRF000004813263//180010
PAGO
:61:090527D000000000296,00NTRF000004712085//180010
PAGO
:61:090527D000000000872,96NTRF000004342046//180010
PAGO
:61:090527D000000000200,00NTRF000080127691//180010
PAGO
:61:090527D000000000170,50NTRF000079506155//180010
PAGO
:61:090527D000000000500,00NTRF000079431027//180010
PAGO
:61:090527D000000000621,86NTRF000079380760//180010
PAGO
:62M:D090527VEF000012055896,48
-}{5:{CHK:1143FB20924B}}{S:{COP:S}}${1:F21VZCRVECAAXXX5410610696}{4:{177:0404021720}{451:0}}{1:F01VZCRVECAAXXX5410610696}{2:09501717040402VZCRVECAAXXX40812675430404021720N}{3:{108:SCONNECT}}{4:
:20:MI090527
:25:1111111111
:28C:0628/126
:60M:D090527VEF000012055896,48
:61:090527D000000003000,00NTRF000079331247//180010
PAGO
:61:090527D000000000500,00NTRF000079312295//180010
PAGO
:61:090527D000000000040,00NTRF000079171382//180010
PAGO
:61:090527D000000001000,00NTRF000079099512//180010
PAGO
:61:090527D000000000500,00NTRF000078798504//180010
PAGO
:61:090527D000000000170,00NTRF000047569640//180010
PAGO
:61:090527D000000000060,00NTRF000047188313//180010
PAGO
:61:090527D000000000100,00NTRF000047116384//180010
PAGO
:61:090527D000000000100,00NTRF000047090384//180010
PAGO
:62M:D090527VEF000012061366,48
-}{5:{CHK:1143FB20924B}}{S:{COP:S}}${1:F21VZCRVECAAXXX5410610696}{4:{177:0404021720}{451:0}}{1:F01VZCRVECAAXXX5410610696}{2:09501717040402VZCRVECAAXXX40812675430404021720N}{3:{108:SCONNECT}}{4:
:20:MI090527
:25:1111111111
:28C:0628/127
:60M:D090527VEF000012061366,48
:61:090527D000000000102,97NTRF000046990202//180010
PAGO
:61:090527D000000000880,00NTRF000046440126//180010
PAGO
:61:090527D000000000165,00NTRF000046026506//180010
PAGO
:61:090527D000000000750,00NTRF000045987276//180010
PAGO
:61:090527D000000003566,00NTRF000045947340//180010
PAGO
:61:090527D000000000550,00NTRF000020862619//180010
PAGO
:61:090527D000000000800,00NTRF000020767567//180010
PAGO
:61:090527D000000000700,00NTRF000020670602//180010
PAGO
:61:090527D000000000600,00NTRF000020637567//180010
PAGO
:62M:D090527VEF000012069480,45
-}{5:{CHK:1143FB20924B}}{S:{COP:S}}${1:F21VZCRVECAAXXX5410610696}{4:{177:0404021720}{451:0}}{1:F01VZCRVECAAXXX5410610696}{2:09501717040402VZCRVECAAXXX40812675430404021720N}{3:{108:SCONNECT}}{4:
:20:MI090527
:25:1111111111
:28C:0628/128
:60M:D090527VEF000012069480,45
:61:090527D000000000600,00NTRF000020428727//180010
PAGO
:61:090527D000000000100,00NTRF000020333224//180010
PAGO
:61:090527D000000000100,00NTRF000020305224//180010
PAGO
:61:090527D000000000100,00NTRF000020276224//180010
PAGO
:61:090527D000000000150,00NTRF000019645443//180010
PAGO
:61:090527D000000005455,82NTRF000026050516//180010
PAGO
:61:090527D000000005713,01NTRF000026050515//180010
PAGO
:61:090527D000000001399,50NTRF000026050514//180010
PAGO
:61:090527D000000002999,50NTRF000026050513//180010
PAGO
:62M:D090527VEF000012086098,28
-}{5:{CHK:1143FB20924B}}{S:{COP:S}}${1:F21VZCRVECAAXXX5410610696}{4:{177:0404021720}{451:0}}{1:F01VZCRVECAAXXX5410610696}{2:09501717040402VZCRVECAAXXX40812675430404021720N}{3:{108:SCONNECT}}{4:
:20:MI090527
:25:1111111111
:28C:0628/129
:60M:D090527VEF000012086098,28
:61:090527D000000002999,50NTRF000026050512//180010
PAGO
:61:090527D000000001649,50NTRF000026050511//180010
PAGO
:61:090527D000000000504,50NTRF000026050510//180010
PAGO
:61:090527D000000001999,50NTRF000026050509//180010
PAGO
:61:090527D000000000359,50NTRF000026050508//180010
PAGO
:61:090527D000000026365,04NTRF000000086928//180010
PAGO
:61:090527D000000010226,63NTRF000000086927//180010
PAGO
:61:090527D000000000327,28NTRF000000086926//180010
PAGO
:61:090527D000000031603,00NTRF000000086925//180010
PAGO
:62M:D090527VEF000012162132,73
-}{5:{CHK:1143FB20924B}}{S:{COP:S}}${1:F21VZCRVECAAXXX5410610696}{4:{177:0404021720}{451:0}}{1:F01VZCRVECAAXXX5410610696}{2:09501717040402VZCRVECAAXXX40812675430404021720N}{3:{108:SCONNECT}}{4:
:20:MI090527
:25:1111111111
:28C:0628/130
:60M:D090527VEF000012162132,73
:61:090527D000000001890,72NTRF000000086924//180010
PAGO
:61:090527D000000010510,62NTRF000000086923//180010
PAGO
:61:090527D000000001006,66NTRF000000086922//180010
PAGO
:61:090527D000000005555,00NTRF000000086921//180010
PAGO
:61:090527D000000023740,99NTRF000000086920//180010
PAGO
:61:090527D000000000155,60NTRF000090000498//180010
PAGO
:61:090527D000000000219,30NTRF000090000497//180010
PAGO
:61:090527D000000000064,70NTRF000090000496//180010
PAGO
:61:090527D000000000653,40NTRF000090000495//180010
PAGO
:62M:D090527VEF000012205929,72
-}{5:{CHK:1143FB20924B}}{S:{COP:S}}${1:F21VZCRVECAAXXX5410610696}{4:{177:0404021720}{451:0}}{1:F01VZCRVECAAXXX5410610696}{2:09501717040402VZCRVECAAXXX40812675430404021720N}{3:{108:SCONNECT}}{4:
:20:MI090527
:25:1111111111
:28C:0628/131
:60M:D090527VEF000012205929,72
:61:090527D000000000071,10NTRF000090000494//180010
PAGO
:61:090527D000000000706,10NTRF000090000493//180010
PAGO
:61:090527D000000000140,00NTRF000090000492//180010
PAGO
:61:090527D000000000267,70NTRF000090000491//180010
PAGO
:61:090527D000000000388,30NTRF000090000490//180010
PAGO
:61:090527D000000000074,40NTRF000090000354//180010
PAGO
:61:090527D000000003894,90NTRF000090000353//180010
PAGO
:61:090527D000000003305,90NTRF000090000352//180010
PAGO
:61:090527D000000000202,80NTRF000090000351//180010
PAGO
:62M:D090527VEF000012214980,92
-}{5:{CHK:1143FB20924B}}{S:{COP:S}}${1:F21VZCRVECAAXXX5410610696}{4:{177:0404021720}{451:0}}{1:F01VZCRVECAAXXX5410610696}{2:09501717040402VZCRVECAAXXX40812675430404021720N}{3:{108:SCONNECT}}{4:
:20:MI090527
:25:1111111111
:28C:0628/132
:60M:D090527VEF000012214980,92
:61:090527D000000000160,40NTRF000090000350//180010
PAGO
:61:090527D000000000749,70NTRF000090000349//180010
PAGO
:61:090527D000000000055,00NTRF000090000348//180010
PAGO
:61:090527D000000000148,40NTRF000090000347//180010
PAGO
:61:090527D000000000099,70NTRF000090000346//180010
PAGO
:61:090527D000000001740,30NTRF000090000211//180010
PAGO
:61:090527D000000000331,90NTRF000090000210//180010
PAGO
:61:090527D000000000621,70NTRF000090000209//180010
PAGO
:61:090527D000000002921,70NTRF000090000208//180010
PAGO
:62M:D090527VEF000012221809,72
-}{5:{CHK:1143FB20924B}}{S:{COP:S}}${1:F21VZCRVECAAXXX5410610696}{4:{177:0404021720}{451:0}}{1:F01VZCRVECAAXXX5410610696}{2:09501717040402VZCRVECAAXXX40812675430404021720N}{3:{108:SCONNECT}}{4:
:20:MI090527
:25:1111111111
:28C:0628/133
:60M:D090527VEF000012221809,72
:61:090527D000000001368,20NTRF000090000207//180010
PAGO
:61:090527D000000000347,00NTRF000090000206//180010
PAGO
:61:090527D000000000897,80NTRF000090000205//180010
PAGO
:61:090527D000000000222,40NTRF000090000204//180010
PAGO
:61:090527D000000000302,00NTRF000090000203//180010
PAGO
:61:090527D000000000815,00NTRF000090000060//180010
PAGO
:61:090527D000000000104,30NTRF000090000059//180010
PAGO
:61:090527D000000000381,20NTRF000090000058//180010
PAGO
:61:090527D000000000088,60NTRF000090000057//180010
PAGO
:62M:D090527VEF000012226336,22
-}{5:{CHK:1143FB20924B}}{S:{COP:S}}${1:F21VZCRVECAAXXX5410610696}{4:{177:0404021720}{451:0}}{1:F01VZCRVECAAXXX5410610696}{2:09501717040402VZCRVECAAXXX40812675430404021720N}{3:{108:SCONNECT}}{4:
:20:MI090527
:25:1111111111
:28C:0628/134
:60M:D090527VEF000012226336,22
:61:090527D000000000373,24NTRF000090000056//180010
PAGO
:61:090527D000000000214,80NTRF000090000055//180010
PAGO
:61:090527D000000001159,30NTRF000090000054//180010
PAGO
:61:090527D000000000043,50NTRF000090000053//180010
PAGO
:61:090527D000000000055,60NTRF000090000052//180010
PAGO
:61:090527D000000005717,81NTRF000000115381//180010
PAGO
:61:090527D000000090073,60NTRF000000115380//180010
PAGO
:61:090527D000000002377,40NTRF000000115379//180010
PAGO
:61:090527D000000028771,38NTRF000000115377//180010
PAGO
:62M:D090527VEF000012355122,85
-}{5:{CHK:1143FB20924B}}{S:{COP:S}}${1:F21VZCRVECAAXXX5410610696}{4:{177:0404021720}{451:0}}{1:F01VZCRVECAAXXX5410610696}{2:09501717040402VZCRVECAAXXX40812675430404021720N}{3:{108:SCONNECT}}{4:
:20:MI090527
:25:1111111111
:28C:0628/135
:60M:D090527VEF000012355122,85
:61:090527D000000026855,63NTRF000000115376//180010
PAGO
:61:090527D000000187901,14NTRF000000115375//180010
PAGO
:61:090527D000000023821,56NTRF000000115372//180010
PAGO
:61:090527D000000289066,92NTRF000000115371//180010
PAGO
:61:090527D000000002979,46NTRF000000115369//180010
PAGO
:61:090527D000000001738,37NTRF000000002426//180010
PAGO
:61:090527D000000001934,53NTRF000000002425//180010
PAGO
:61:090527D000000003038,18NTRF000000002424//180010
PAGO
:61:090527D000000003673,97NTRF000000002421//180010
PAGO
:62M:D090527VEF000012896132,61
-}{5:{CHK:1143FB20924B}}{S:{COP:S}}${1:F21VZCRVECAAXXX5410610696}{4:{177:0404021720}{451:0}}{1:F01VZCRVECAAXXX5410610696}{2:09501717040402VZCRVECAAXXX40812675430404021720N}{3:{108:SCONNECT}}{4:
:20:MI090527
:25:1111111111
:28C:0628/136
:60M:D090527VEF000012896132,61
:61:090527D000000001887,13NTRF000000002420//180010
PAGO
:61:090527D000000002805,60NTRF000000002419//180010
PAGO
:61:090527D000000000599,76NTRF000000002418//180010
PAGO
:61:090527D000000002475,20NTRF000000002417//180010
PAGO
:61:090527D000000001050,00NTRF000000002416//180010
PAGO
:61:090527D000000001000,00NTRF000078998311//180010
PAGO
:61:090527D000000000115,00NTRF000076177105//180010
PAGO
:61:090527D000000000900,00NTRF000075216189//180010
PAGO
:61:090527D000000000200,00NTRF000074410583//180010
PAGO
:62M:D090527VEF000012907165,30
-}{5:{CHK:1143FB20924B}}{S:{COP:S}}${1:F21VZCRVECAAXXX5410610696}{4:{177:0404021720}{451:0}}{1:F01VZCRVECAAXXX5410610696}{2:09501717040402VZCRVECAAXXX40812675430404021720N}{3:{108:SCONNECT}}{4:
:20:MI090527
:25:1111111111
:28C:0628/137
:60M:D090527VEF000012907165,30
:61:090527D000000000200,00NTRF000074386583//180010
PAGO
:61:090527D000000000200,00NTRF000074350583//180010
PAGO
:61:090527D000000000800,00NTRF000073275238//180010
PAGO
:61:090527D000000000300,00NTRF000072286379//180010
PAGO
:61:090527D000000000364,39NTRF000071019148//180010
PAGO
:61:090527D000000003918,60NTRF000070275721//180010
PAGO
:61:090527D000000000040,00NTRF000099938428//180010
PAGO
:61:090527D000000013000,00NTRF000099683913//180010
PAGO
:61:090527D000000000616,97NTRF000099603739//180010
PAGO
:62M:D090527VEF000012926605,26
-}{5:{CHK:1143FB20924B}}{S:{COP:S}}${1:F21VZCRVECAAXXX5410610696}{4:{177:0404021720}{451:0}}{1:F01VZCRVECAAXXX5410610696}{2:09501717040402VZCRVECAAXXX40812675430404021720N}{3:{108:SCONNECT}}{4:
:20:MI090527
:25:1111111111
:28C:0628/138
:60M:D090527VEF000012926605,26
:61:090527D000000000400,00NTRF000099332929//180010
PAGO
:61:090527D000000002000,00NTRF000099262773//180010
PAGO
:61:090527D000000000200,00NTRF000099010734//180010
PAGO
:61:090527D000000001000,00NTRF000098134066//180010
PAGO
:61:090527D000000000480,00NTRF000097942629//180010
PAGO
:61:090527D000000000700,00NTRF000070377798//180010
PAGO
:61:090527D000000002395,00NTRF000070197392//180010
PAGO
:61:090527D000000001500,00NTRF000070101800//180010
PAGO
:61:090527D000000000500,00NTRF000070091549//180010
PAGO
:62M:D090527VEF000012935780,26
-}{5:{CHK:1143FB20924B}}{S:{COP:S}}${1:F21VZCRVECAAXXX5410610696}{4:{177:0404021720}{451:0}}{1:F01VZCRVECAAXXX5410610696}{2:09501717040402VZCRVECAAXXX40812675430404021720N}{3:{108:SCONNECT}}{4:
:20:MI090527
:25:1111111111
:28C:0628/139
:60M:D090527VEF000012935780,26
:61:090527D000000002550,00NTRF000069624288//180010
PAGO
:61:090527D000000000350,00NTRF000069594015//180010
PAGO
:61:090527D000000000200,00NTRF000069453366//180010
PAGO
:61:090527D000000000391,00NTRF000069235384//180010
PAGO
:61:090527D000000001250,00NTRF000068676964//180010
PAGO
:61:090527D000000001500,00NTRF000043488780//180010
PAGO
:61:090527D000000000400,00NTRF000043398345//180010
PAGO
:61:090527D000000003000,00NTRF000043359042//180010
PAGO
:61:090527D000000001600,00NTRF000043276843//180010
PAGO
:62M:D090527VEF000012947021,26
-}{5:{CHK:1143FB20924B}}{S:{COP:S}}${1:F21VZCRVECAAXXX5410610696}{4:{177:0404021720}{451:0}}{1:F01VZCRVECAAXXX5410610696}{2:09501717040402VZCRVECAAXXX40812675430404021720N}{3:{108:SCONNECT}}{4:
:20:MI090527
:25:1111111111
:28C:0628/140
:60M:D090527VEF000012947021,26
:61:090527D000000000400,00NTRF000043156238//180010
PAGO
:61:090527D000000000250,00NTRF000042828743//180010
PAGO
:61:090527D000000001700,00NTRF000042807585//180010
PAGO
:61:090527D000000000424,00NTRF000042790282//180010
PAGO
:61:090527D000000000290,00NTRF000042757867//180010
PAGO
:61:090527D000000002000,00NTRF000018167850//180010
PAGO
:61:090527D000000000330,00NTRF000017527982//180010
PAGO
:61:090527D000000001960,00NTRF000016728198//180010
PAGO
:61:090527D000000001390,00NTRF000016047185//180010
PAGO
:62M:D090527VEF000012955765,26
-}{5:{CHK:1143FB20924B}}{S:{COP:S}}${1:F21VZCRVECAAXXX5410610696}{4:{177:0404021720}{451:0}}{1:F01VZCRVECAAXXX5410610696}{2:09501717040402VZCRVECAAXXX40812675430404021720N}{3:{108:SCONNECT}}{4:
:20:MI090527
:25:1111111111
:28C:0628/141
:60M:D090527VEF000012955765,26
:61:090527D000000125000,00NTRF000015951562//180010
PAGO
:61:090527D000000002000,00NTRF000015865366//180010
PAGO
:61:090527D000000000682,00NTRF000015800101//180010
PAGO
:61:090527D000000000800,00NTRF000015644389//180010
PAGO
:61:090527D000000000200,00NTRF000015616823//180010
PAGO
:61:090527D000000000300,00NTRF000088712676//180010
PAGO
:61:090527D000000000300,00NTRF000088638676//180010
PAGO
:61:090527D000000000220,00NTRF000088319299//180010
PAGO
:61:090527D000000000800,00NTRF000087593963//180010
PAGO
:62M:D090527VEF000013086067,26
-}{5:{CHK:1143FB20924B}}{S:{COP:S}}${1:F21VZCRVECAAXXX5410610696}{4:{177:0404021720}{451:0}}{1:F01VZCRVECAAXXX5410610696}{2:09501717040402VZCRVECAAXXX40812675430404021720N}{3:{108:SCONNECT}}{4:
:20:MI090527
:25:1111111111
:28C:0628/142
:60M:D090527VEF000013086067,26
:61:090527D000000000500,00NTRF000087404568//180010
PAGO
:61:090527D000000000500,00NTRF000087374568//180010
PAGO
:61:090527D000000000600,00NTRF000086823620//180010
PAGO
:61:090527D000000000200,00NTRF000086795713//180010
PAGO
:61:090527D000000001000,00NTRF000085960683//180010
PAGO
:61:090527D000000002000,00NTRF000052661902//180010
PAGO
:61:090527D000000000600,00NTRF000052070229//180010
PAGO
:61:090527D000000001500,00NTRF000051350108//180010
PAGO
:61:090527D000000000100,00NTRF000050597610//180010
PAGO
:62M:D090527VEF000013093067,26
-}{5:{CHK:1143FB20924B}}{S:{COP:S}}${1:F21VZCRVECAAXXX5410610696}{4:{177:0404021720}{451:0}}{1:F01VZCRVECAAXXX5410610696}{2:09501717040402VZCRVECAAXXX40812675430404021720N}{3:{108:SCONNECT}}{4:
:20:MI090527
:25:1111111111
:28C:0628/143
:60M:D090527VEF000013093067,26
:61:090527D000000000100,00NTRF000050560610//180010
PAGO
:61:090527D000000000197,00NTRF000050365791//180010
PAGO
:61:090527D000000000150,00NTRF000050293144//180010
PAGO
:61:090527D000000001600,00NTRF000050290273//180010
PAGO
:61:090527D000000001655,06NTRF000050092440//180010
PAGO
:61:090527D000000000300,00NTRF000017742380//180010
PAGO
:61:090527D000000007912,32NTRF000017533451//180010
PAGO
:61:090527D000000000200,00NTRF000017473588//180010
PAGO
:61:090527D000000003300,00NTRF000017307942//180010
PAGO
:62M:D090527VEF000013108481,64
-}{5:{CHK:1143FB20924B}}{S:{COP:S}}${1:F21VZCRVECAAXXX5410610696}{4:{177:0404021720}{451:0}}{1:F01VZCRVECAAXXX5410610696}{2:09501717040402VZCRVECAAXXX40812675430404021720N}{3:{108:SCONNECT}}{4:
:20:MI090527
:25:1111111111
:28C:0628/144
:60M:D090527VEF000013108481,64
:61:090527D000000000300,00NTRF000016621801//180010
PAGO
:61:090527D000000000670,00NTRF000016587989//180010
PAGO
:61:090527D000000000300,00NTRF000016583801//180010
PAGO
:61:090527D000000000589,81NTRF000016535787//180010
PAGO
:61:090527D000000000496,65NTRF000016502386//180010
PAGO
:61:090527D000000004625,00NTRF000091318273//180010
PAGO
:61:090527D000000008525,72NTRF000091276075//180010
PAGO
:61:090527D000000000150,00NTRF000091260692//180010
PAGO
:61:090527D000000000384,00NTRF000091211239//180010
PAGO
:62M:D090527VEF000013124522,82
-}{5:{CHK:1143FB20924B}}{S:{COP:S}}${1:F21VZCRVECAAXXX5410610696}{4:{177:0404021720}{451:0}}{1:F01VZCRVECAAXXX5410610696}{2:09501717040402VZCRVECAAXXX40812675430404021720N}{3:{108:SCONNECT}}{4:
:20:MI090527
:25:1111111111
:28C:0628/145
:60M:D090527VEF000013124522,82
:61:090527D000000010290,00NTRF000091196600//180010
PAGO
:61:090527D000000000500,00NTRF000091138564//180010
PAGO
:61:090527D000000000600,00NTRF000090998397//180010
PAGO
:61:090527D000000000500,00NTRF000090760728//180010
PAGO
:61:090527D000000001000,00NTRF000090536516//180010
PAGO
:61:090527D000000001000,00NTRF000076554463//180010
PAGO
:61:090527D000000001000,00NTRF000076478546//180010
PAGO
:61:090527D000000000100,00NTRF000076442490//180010
PAGO
:61:090527D000000000680,00NTRF000076222857//180010
PAGO
:62M:D090527VEF000013140192,82
-}{5:{CHK:1143FB20924B}}{S:{COP:S}}${1:F21VZCRVECAAXXX5410610696}{4:{177:0404021720}{451:0}}{1:F01VZCRVECAAXXX5410610696}{2:09501717040402VZCRVECAAXXX40812675430404021720N}{3:{108:SCONNECT}}{4:
:20:MI090527
:25:1111111111
:28C:0628/146
:60M:D090527VEF000013140192,82
:61:090527D000000000200,00NTRF000076188870//180010
PAGO
:61:090527D000000040000,00NTRF000075866843//180010
PAGO
:61:090527D000000003000,00NTRF000075854380//180010
PAGO
:61:090527D000000011000,00NTRF000075177536//180010
PAGO
:61:090527D000000002596,00NTRF000075160801//180010
PAGO
:61:090527D000000002000,00NTRF000059907663//180010
PAGO
:61:090527D000000000050,00NTRF000059906391//180010
PAGO
:61:090527D000000000160,00NTRF000059827474//180010
PAGO
:61:090527D000000002720,00NTRF000059727537//180010
PAGO
:62M:D090527VEF000013201918,82
-}{5:{CHK:1143FB20924B}}{S:{COP:S}}${1:F21VZCRVECAAXXX5410610696}{4:{177:0404021720}{451:0}}{1:F01VZCRVECAAXXX5410610696}{2:09501717040402VZCRVECAAXXX40812675430404021720N}{3:{108:SCONNECT}}{4:
:20:MI090527
:25:1111111111
:28C:0628/147
:60M:D090527VEF000013201918,82
:61:090527D000000001152,45NTRF000059656604//180010
PAGO
:61:090527D000000000370,00NTRF000059635283//180010
PAGO
:61:090527D000000002500,00NTRF000059601423//180010
PAGO
:61:090527D000000000760,00NTRF000059480541//180010
PAGO
:61:090527D000000001500,00NTRF000059288770//180010
PAGO
:61:090527D000000002400,00NTRF000040168127//180010
PAGO
:61:090527D000000000455,00NTRF000039919984//180010
PAGO
:61:090527D000000000700,00NTRF000039824671//180010
PAGO
:61:090527D000000001500,00NTRF000039514759//180010
PAGO
:62M:D090527VEF000013213256,27
-}{5:{CHK:1143FB20924B}}{S:{COP:S}}${1:F21VZCRVECAAXXX5410610696}{4:{177:0404021720}{451:0}}{1:F01VZCRVECAAXXX5410610696}{2:09501717040402VZCRVECAAXXX40812675430404021720N}{3:{108:SCONNECT}}{4:
:20:MI090527
:25:1111111111
:28C:0628/148
:60M:D090527VEF000013213256,27
:61:090527D000000002012,00NTRF000039484246//180010
PAGO
:61:090527D000000006000,00NTRF000039379396//180010
PAGO
:61:090527D000000004000,00NTRF000039312349//180010
PAGO
:61:090527D000000002000,00NTRF000039309515//180010
PAGO
:61:090527D000000000025,00NTRF000024997591//180010
PAGO
:61:090527D000000000086,00NTRF000024959929//180010
PAGO
:61:090527D000000000250,00NTRF000024712507//180010
PAGO
:61:090527D000000001050,00NTRF000024703973//180010
PAGO
:61:090527D000000002000,00NTRF000024293254//180010
PAGO
:62M:D090527VEF000013230679,27
-}{5:{CHK:1143FB20924B}}{S:{COP:S}}${1:F21VZCRVECAAXXX5410610696}{4:{177:0404021720}{451:0}}{1:F01VZCRVECAAXXX5410610696}{2:09501717040402VZCRVECAAXXX40812675430404021720N}{3:{108:SCONNECT}}{4:
:20:MI090527
:25:1111111111
:28C:0628/149
:60M:D090527VEF000013230679,27
:61:090527D000000000700,00NTRF000023943926//180010
PAGO
:61:090527D000000000806,00NTRF000023929003//180010
PAGO
:61:090527D000000000410,59NTRF000023854528//180010
PAGO
:61:090527D000000007000,00NTRF000023768538//180010
PAGO
:61:090527D000000001812,50NTRF000004235550//180010
PAGO
:61:090527D000000000150,00NTRF000004066032//180010
PAGO
:61:090527D000000000700,00NTRF000004045293//180010
PAGO
:61:090527D000000000600,00NTRF000004008755//180010
PAGO
:61:090527D000000000900,00NTRF000003948056//180010
PAGO
:62M:D090527VEF000013243758,36
-}{5:{CHK:1143FB20924B}}{S:{COP:S}}${1:F21VZCRVECAAXXX5410610696}{4:{177:0404021720}{451:0}}{1:F01VZCRVECAAXXX5410610696}{2:09501717040402VZCRVECAAXXX40812675430404021720N}{3:{108:SCONNECT}}{4:
:20:MI090527
:25:1111111111
:28C:0628/150
:60M:D090527VEF000013243758,36
:61:090527D000000001760,00NTRF000003790844//180010
PAGO
:61:090527D000000000180,00NTRF000003539267//180010
PAGO
:61:090527D000000000224,48NTRF000003535651//180010
PAGO
:61:090527D000000000700,00NTRF000003469404//180010
PAGO
:61:090527D000000000100,00NTRF000078710476//180010
PAGO
:61:090527D000000002672,19NTRF000078665804//180010
PAGO
:61:090527D000000000350,00NTRF000078428877//180010
PAGO
:61:090527D000000001000,00NTRF000078242112//180010
PAGO
:61:090527D000000000100,00NTRF000077235280//180010
PAGO
:62M:D090527VEF000013250845,03
-}{5:{CHK:1143FB20924B}}{S:{COP:S}}${1:F21VZCRVECAAXXX5410610696}{4:{177:0404021720}{451:0}}{1:F01VZCRVECAAXXX5410610696}{2:09501717040402VZCRVECAAXXX40812675430404021720N}{3:{108:SCONNECT}}{4:
:20:MI090527
:25:1111111111
:28C:0628/151
:60M:D090527VEF000013250845,03
:61:090527D000000000500,00NTRF000077170347//180010
PAGO
:61:090527D000000000500,00NTRF000077135347//180010
PAGO
:61:090527D000000000600,00NTRF000077087012//180010
PAGO
:61:090527D000000000200,00NTRF000076006159//180010
PAGO
:61:090527D000000000420,00NTRF000045614713//180010
PAGO
:61:090527D000000001376,97NTRF000045431411//180010
PAGO
:61:090527D000000000200,00NTRF000045168482//180010
PAGO
:61:090527D000000000200,00NTRF000044905234//180010
PAGO
:61:090527D000000001310,00NTRF000044707958//180010
PAGO
:62M:D090527VEF000013256152,00
-}{5:{CHK:1143FB20924B}}{S:{COP:S}}${1:F21VZCRVECAAXXX5410610696}{4:{177:0404021720}{451:0}}{1:F01VZCRVECAAXXX5410610696}{2:09501717040402VZCRVECAAXXX40812675430404021720N}{3:{108:SCONNECT}}{4:
:20:MI090527
:25:1111111111
:28C:0628/152
:60M:D090527VEF000013256152,00
:61:090527D000000000300,00NTRF000044648486//180010
PAGO
:61:090527D000000000100,00NTRF000044526713//180010
PAGO
:61:090527D000000011177,40NTRF000044484465//180010
PAGO
:61:090527D000000000100,00NTRF000044337622//180010
PAGO
:61:090527D000000002000,00NTRF000019382298//180010
PAGO
:61:090527D000000001176,00NTRF000019197546//180010
PAGO
:61:090527D000000000076,00NTRF000018755485//180010
PAGO
:61:090527D000000000600,00NTRF000018541768//180010
PAGO
:61:090527D000000000400,00NTRF000018316408//180010
PAGO
:62M:D090527VEF000013272081,40
-}{5:{CHK:1143FB20924B}}{S:{COP:S}}${1:F21VZCRVECAAXXX5410610696}{4:{177:0404021720}{451:0}}{1:F01VZCRVECAAXXX5410610696}{2:09501717040402VZCRVECAAXXX40812675430404021720N}{3:{108:SCONNECT}}{4:
:20:MI090527
:25:1111111111
:28C:0628/153
:60M:D090527VEF000013272081,40
:61:090527D000000000400,00NTRF000018289408//180010
PAGO
:61:090527D000000002048,00NTRF000018148892//180010
PAGO
:61:090527D000000001000,00NTRF000017970719//180010
PAGO
:61:090527D000000000250,00NTRF000017743055//180010
PAGO
:61:090527D000000000876,68NTRF000026050507//180010
PAGO
:61:090527D000000001183,17NTRF000026050506//180010
PAGO
:61:090527D000000001001,24NTRF000026050505//180010
PAGO
:61:090527D000000000874,85NTRF000026050504//180010
PAGO
:61:090527D000000000874,85NTRF000026050503//180010
PAGO
:62M:D090527VEF000013280590,19
-}{5:{CHK:1143FB20924B}}{S:{COP:S}}${1:F21VZCRVECAAXXX5410610696}{4:{177:0404021720}{451:0}}{1:F01VZCRVECAAXXX5410610696}{2:09501717040402VZCRVECAAXXX40812675430404021720N}{3:{108:SCONNECT}}{4:
:20:MI090527
:25:1111111111
:28C:0628/154
:60M:D090527VEF000013280590,19
:61:090527D000000000874,85NTRF000026050502//180010
PAGO
:61:090527D000000000874,85NTRF000026050501//180010
PAGO
:61:090527D000000000912,34NTRF000026050500//180010
PAGO
:61:090527D000000000874,85NTRF000026050499//180010
PAGO
:61:090527D000000151101,91NTRF000000086894//180010
PAGO
:61:090527D000000048358,25NTRF000000086892//180010
PAGO
:61:090527D000000028944,64NTRF000000086891//180010
PAGO
:61:090527D000000024255,31NTRF000000086889//180010
PAGO
:61:090527D000000052211,76NTRF000000086888//180010
PAGO
:62M:D090527VEF000013588998,95
-}{5:{CHK:1143FB20924B}}{S:{COP:S}}${1:F21VZCRVECAAXXX5410610696}{4:{177:0404021720}{451:0}}{1:F01VZCRVECAAXXX5410610696}{2:09501717040402VZCRVECAAXXX40812675430404021720N}{3:{108:SCONNECT}}{4:
:20:MI090527
:25:1111111111
:28C:0628/155
:60M:D090527VEF000013588998,95
:61:090527D000000051823,20NTRF000000086887//180010
PAGO
:61:090527D000000089729,93NTRF000000086886//180010
PAGO
:61:090527D000000418728,16NTRF000000086885//180010
PAGO
:61:090527D000000153297,78NTRF000000086884//180010
PAGO
:61:090527D000000000455,90NTRF000090000489//180010
PAGO
:61:090527D000000000217,10NTRF000090000488//180010
PAGO
:61:090527D000000000092,90NTRF000090000487//180010
PAGO
:61:090527D000000000380,10NTRF000090000486//180010
PAGO
:61:090527D000000000287,00NTRF000090000485//180010
PAGO
:62M:D090527VEF000014304011,02
-}{5:{CHK:1143FB20924B}}{S:{COP:S}}${1:F21VZCRVECAAXXX5410610696}{4:{177:0404021720}{451:0}}{1:F01VZCRVECAAXXX5410610696}{2:09501717040402VZCRVECAAXXX40812675430404021720N}{3:{108:SCONNECT}}{4:
:20:MI090527
:25:1111111111
:28C:0628/156
:60M:D090527VEF000014304011,02
:61:090527D000000000178,60NTRF000090000484//180010
PAGO
:61:090527D000000000189,00NTRF000090000483//180010
PAGO
:61:090527D000000000138,00NTRF000090000482//180010
PAGO
:61:090527D000000000077,80NTRF000090000481//180010
PAGO
:61:090527D000000000457,10NTRF000090000345//180010
PAGO
:61:090527D000000000185,40NTRF000090000344//180010
PAGO
:61:090527D000000000223,50NTRF000090000343//180010
PAGO
:61:090527D000000000494,30NTRF000090000342//180010
PAGO
:61:090527D000000000273,30NTRF000090000341//180010
PAGO
:62M:D090527VEF000014306228,02
-}{5:{CHK:1143FB20924B}}{S:{COP:S}}${1:F21VZCRVECAAXXX5410610696}{4:{177:0404021720}{451:0}}{1:F01VZCRVECAAXXX5410610696}{2:09501717040402VZCRVECAAXXX40812675430404021720N}{3:{108:SCONNECT}}{4:
:20:MI090527
:25:1111111111
:28C:0628/157
:60M:D090527VEF000014306228,02
:61:090527D000000000400,70NTRF000090000340//180010
PAGO
:61:090527D000000000108,90NTRF000090000339//180010
PAGO
:61:090527D000000000102,80NTRF000090000338//180010
PAGO
:61:090527D000000000226,50NTRF000090000337//180010
PAGO
:61:090527D000000001426,20NTRF000090000201//180010
PAGO
:61:090527D000000000097,16NTRF000090000199//180010
PAGO
:61:090527D000000001022,10NTRF000090000198//180010
PAGO
:61:090527D000000000200,50NTRF000090000197//180010
PAGO
:61:090527D000000000071,90NTRF000090000196//180010
PAGO
:62M:D090527VEF000014309884,78
-}{5:{CHK:1143FB20924B}}{S:{COP:S}}${1:F21VZCRVECAAXXX5410610696}{4:{177:0404021720}{451:0}}{1:F01VZCRVECAAXXX5410610696}{2:09501717040402VZCRVECAAXXX40812675430404021720N}{3:{108:SCONNECT}}{4:
:20:MI090527
:25:1111111111
:28C:0628/158
:60M:D090527VEF000014309884,78
:61:090527D000000000079,10NTRF000090000195//180010
PAGO
:61:090527D000000000372,20NTRF000090000194//180010
PAGO
:61:090527D000000000127,00NTRF000090000193//180010
PAGO
:61:090527D000000000346,20NTRF000090000182//180010
PAGO
:61:090527D000000000324,60NTRF000090000051//180010
PAGO
:61:090527D000000000286,00NTRF000090000050//180010
PAGO
:61:090527D000000000151,70NTRF000090000049//180010
PAGO
:61:090527D000000000406,60NTRF000090000048//180010
PAGO
:61:090527D000000000217,70NTRF000090000047//180010
PAGO
:62M:D090527VEF000014312195,88
-}{5:{CHK:1143FB20924B}}{S:{COP:S}}${1:F21VZCRVECAAXXX5410610696}{4:{177:0404021720}{451:0}}{1:F01VZCRVECAAXXX5410610696}{2:09501717040402VZCRVECAAXXX40812675430404021720N}{3:{108:SCONNECT}}{4:
:20:MI090527
:25:1111111111
:28C:0628/159
:60M:D090527VEF000014312195,88
:61:090527D000000000151,30NTRF000090000046//180010
PAGO
:61:090527D000000000230,60NTRF000090000045//180010
PAGO
:61:090527D000000000808,30NTRF000090000044//180010
PAGO
:61:090527D000000000123,00NTRF000090000043//180010
PAGO
:61:090527D000000003747,10NTRF000000115368//180010
PAGO
:61:090527D000000000594,86NTRF000000115367//180010
PAGO
:61:090527D000000000916,18NTRF000000115366//180010
PAGO
:61:090527D000000005622,67NTRF000000115365//180010
PAGO
:61:090527D000000026950,00NTRF000000115364//180010
PAGO
:62M:D090527VEF000014351339,89
-}{5:{CHK:1143FB20924B}}{S:{COP:S}}${1:F21VZCRVECAAXXX5410610696}{4:{177:0404021720}{451:0}}{1:F01VZCRVECAAXXX5410610696}{2:09501717040402VZCRVECAAXXX40812675430404021720N}{3:{108:SCONNECT}}{4:
:20:MI090527
:25:1111111111
:28C:0628/160
:60M:D090527VEF000014351339,89
:61:090527D000000018355,06NTRF000000115363//180010
PAGO
:61:090527D000000000367,97NTRF000000115362//180010
PAGO
:61:090527D000000001885,75NTRF000000115361//180010
PAGO
:61:090527D000000015576,40NTRF000000115360//180010
PAGO
:61:090527D000000000117,60NTRF000000002415//180010
PAGO
:61:090527D000000006003,23NTRF000000002414//180010
PAGO
:61:090527D000000002462,03NTRF000000002413//180010
PAGO
:61:090527D000000015377,19NTRF000000002412//180010
PAGO
:61:090527D000000025400,00NTRF000000000926//180010
PAGO
:62M:D090527VEF000014436885,12
-}{5:{CHK:1143FB20924B}}{S:{COP:S}}${1:F21VZCRVECAAXXX5410610696}{4:{177:0404021720}{451:0}}{1:F01VZCRVECAAXXX5410610696}{2:09501717040402VZCRVECAAXXX40812675430404021720N}{3:{108:SCONNECT}}{4:
:20:MI090527
:25:1111111111
:28C:0628/161
:60M:D090527VEF000014436885,12
:61:090527D000000018556,28NTRF000000000925//180010
PAGO
:61:090527D000000001338,92NTRF000000000924//180010
PAGO
:61:090527D000000025960,39NTRF000000000923//180010
PAGO
:61:090527D000000014326,27NTRF000000000922//180010
PAGO
:61:090527D000000000406,86NTRF000070098810//180010
PAGO
:61:090527D000000000200,00NTRF000066946271//180010
PAGO
:61:090527D000000000900,00NTRF000062839842//180010
PAGO
:61:090527D000000000220,00NTRF000062213451//180010
PAGO
:61:090527D000000000155,00NTRF000062164305//180010
PAGO
:62M:D090527VEF000014498948,84
-}{5:{CHK:1143FB20924B}}{S:{COP:S}}${1:F21VZCRVECAAXXX5410610696}{4:{177:0404021720}{451:0}}{1:F01VZCRVECAAXXX5410610696}{2:09501717040402VZCRVECAAXXX40812675430404021720N}{3:{108:SCONNECT}}{4:
:20:MI090527
:25:1111111111
:28C:0628/162
:60M:D090527VEF000014498948,84
:61:090527D000000004235,00NTRF000062066843//180010
PAGO
:61:090527D000000000700,00NTRF000062040846//180010
PAGO
:61:090527D000000000400,00NTRF000061520690//180010
PAGO
:61:090527D000000000250,00NTRF000058208524//180010
PAGO
:61:090527D000000045000,00NTRF000097652446//180010
PAGO
:61:090527D000000001500,00NTRF000097540492//180010
PAGO
:61:090527D000000000800,00NTRF000097378259//180010
PAGO
:61:090527D000000002067,50NTRF000097134050//180010
PAGO
:61:090527D000000005000,00NTRF000096537570//180010
PAGO
:62M:D090527VEF000014558901,34
-}{5:{CHK:1143FB20924B}}{S:{COP:S}}${1:F21VZCRVECAAXXX5410610696}{4:{177:0404021720}{451:0}}{1:F01VZCRVECAAXXX5410610696}{2:09501717040402VZCRVECAAXXX40812675430404021720N}{3:{108:SCONNECT}}{4:
:20:MI090527
:25:1111111111
:28C:0628/163
:60M:D090527VEF000014558901,34
:61:090527D000000000350,00NTRF000096281115//180010
PAGO
:61:090527D000000006500,00NTRF000095965312//180010
PAGO
:61:090527D000000010000,00NTRF000095740077//180010
PAGO
:61:090527D000000002000,00NTRF000095577521//180010
PAGO
:61:090527D000000000850,00NTRF000068541239//180010
PAGO
:61:090527D000000002000,00NTRF000068469955//180010
PAGO
:61:090527D000000000070,00NTRF000068205275//180010
PAGO
:61:090527D000000000010,00NTRF000068079827//180010
PAGO
:61:090527D000000001000,00NTRF000067867857//180010
PAGO
:62M:D090527VEF000014581681,34
-}{5:{CHK:1143FB20924B}}{S:{COP:S}}${1:F21VZCRVECAAXXX5410610696}{4:{177:0404021720}{451:0}}{1:F01VZCRVECAAXXX5410610696}{2:09501717040402VZCRVECAAXXX40812675430404021720N}{3:{108:SCONNECT}}{4:
:20:MI090527
:25:1111111111
:28C:0628/164
:60M:D090527VEF000014581681,34
:61:090527D000000000500,00NTRF000067723625//180010
PAGO
:61:090527D000000000200,00NTRF000067603558//180010
PAGO
:61:090527D000000000900,00NTRF000067193473//180010
PAGO
:61:090527D000000004000,00NTRF000066758620//180010
PAGO
:61:090527D000000000200,00NTRF000042100159//180010
PAGO
:61:090527D000000001800,00NTRF000041962799//180010
PAGO
:61:090527D000000000081,00NTRF000041811832//180010
PAGO
:61:090527D000000001000,00NTRF000041708049//180010
PAGO
:61:090527D000000018345,60NTRF000041693267//180010
PAGO
:62M:D090527VEF000014608707,94
-}{5:{CHK:1143FB20924B}}{S:{COP:S}}${1:F21VZCRVECAAXXX5410610696}{4:{177:0404021720}{451:0}}{1:F01VZCRVECAAXXX5410610696}{2:09501717040402VZCRVECAAXXX40812675430404021720N}{3:{108:SCONNECT}}{4:
:20:MI090527
:25:1111111111
:28C:0628/165
:60M:D090527VEF000014608707,94
:61:090527D000000003000,00NTRF000041538831//180010
PAGO
:61:090527D000000002315,88NTRF000041322559//180010
PAGO
:61:090527D000000000020,00NTRF000041206202//180010
PAGO
:61:090527D000000000280,00NTRF000041140060//180010
PAGO
:61:090527D000000002000,00NTRF000015559382//180010
PAGO
:61:090527D000000000018,00NTRF000015489604//180010
PAGO
:61:090527D000000005180,04NTRF000015212839//180010
PAGO
:61:090527D000000000010,00NTRF000015019130//180010
PAGO
:61:090527D000000000300,00NTRF000014806991//180010
PAGO
:62M:D090527VEF000014621831,86
-}{5:{CHK:1143FB20924B}}{S:{COP:S}}${1:F21VZCRVECAAXXX5410610696}{4:{177:0404021720}{451:0}}{1:F01VZCRVECAAXXX5410610696}{2:09501717040402VZCRVECAAXXX40812675430404021720N}{3:{108:SCONNECT}}{4:
:20:MI090527
:25:1111111111
:28C:0628/166
:60M:D090527VEF000014621831,86
:61:090527D000000003238,40NTRF000014692432//180010
PAGO
:61:090527D000000002000,00NTRF000014663540//180010
PAGO
:61:090527D000000000254,81NTRF000014618189//180010
PAGO
:61:090527D000000000500,00NTRF000014380755//180010
PAGO
:61:090527D000000000100,00NTRF000085552931//180010
PAGO
:61:090527D000000001500,00NTRF000085359294//180010
PAGO
:61:090527D000000000600,00NTRF000085336347//180010
PAGO
:61:090527D000000000600,00NTRF000085048934//180010
PAGO
:61:090527D000000000330,00NTRF000084581586//180010
PAGO
:62M:D090527VEF000014630955,07
-}{5:{CHK:1143FB20924B}}{S:{COP:S}}${1:F21VZCRVECAAXXX5410610696}{4:{177:0404021720}{451:0}}{1:F01VZCRVECAAXXX5410610696}{2:09501717040402VZCRVECAAXXX40812675430404021720N}{3:{108:SCONNECT}}{4:
:20:MI090527
:25:1111111111
:28C:0628/167
:60M:D090527VEF000014630955,07
:61:090527D000000001000,00NTRF000084439414//180010
PAGO
:61:090527D000000000246,00NTRF000083766006//180010
PAGO
:61:090527D000000000400,00NTRF000083739369//180010
PAGO
:61:090527D000000000100,00NTRF000083370170//180010
PAGO
:61:090527D000000013493,25NTRF000050021890//180010
PAGO
:61:090527D000000000105,00NTRF000049930719//180010
PAGO
:61:090527D000000000164,00NTRF000049879041//180010
PAGO
:61:090527D000000000400,00NTRF000049620122//180010
PAGO
:61:090527D000000001000,00NTRF000049406346//180010
PAGO
:62M:D090527VEF000014647863,32
-}{5:{CHK:1143FB20924B}}{S:{COP:S}}${1:F21VZCRVECAAXXX5410610696}{4:{177:0404021720}{451:0}}{1:F01VZCRVECAAXXX5410610696}{2:09501717040402VZCRVECAAXXX40812675430404021720N}{3:{108:SCONNECT}}{4:
:20:MI090527
:25:1111111111
:28C:0628/168
:60M:D090527VEF000014647863,32
:61:090527D000000000260,00NTRF000049388181//180010
PAGO
:61:090527D000000001250,00NTRF000049344321//180010
PAGO
:61:090527D000000000220,00NTRF000049243258//180010
PAGO
:61:090527D000000000500,00NTRF000049079808//180010
PAGO
:61:090527D000000000545,00NTRF000016324989//180010
PAGO
:61:090527D000000000100,00NTRF000016264196//180010
PAGO
:61:090527D000000000068,53NTRF000016036156//180010
PAGO
:61:090527D000000000419,00NTRF000015534904//180010
PAGO
:61:090527D000000000205,00NTRF000015440836//180010
PAGO
:62M:D090527VEF000014651430,85
-}{5:{CHK:1143FB20924B}}{S:{COP:S}}${1:F21VZCRVECAAXXX5410610696}{4:{177:0404021720}{451:0}}{1:F01VZCRVECAAXXX5410610696}{2:09501717040402VZCRVECAAXXX40812675430404021720N}{3:{108:SCONNECT}}{4:
:20:MI090527
:25:1111111111
:28C:0628/169
:60M:D090527VEF000014651430,85
:61:090527D000000000090,00NTRF000015348828//180010
PAGO
:61:090527D000000001000,00NTRF000015049173//180010
PAGO
:61:090527D000000000511,00NTRF000014689347//180010
PAGO
:61:090527D000000000200,00NTRF000014564051//180010
PAGO
:61:090527D000000014430,00NTRF000090506675//180010
PAGO
:61:090527D000000000295,00NTRF000090484854//180010
PAGO
:61:090527D000000010000,00NTRF000090454593//180010
PAGO
:61:090527D000000003696,00NTRF000090244322//180010
PAGO
:61:090527D000000006500,00NTRF000090242211//180010
PAGO
:62M:D090527VEF000014688152,85
-}{5:{CHK:1143FB20924B}}{S:{COP:S}}${1:F21VZCRVECAAXXX5410610696}{4:{177:0404021720}{451:0}}{1:F01VZCRVECAAXXX5410610696}{2:09501717040402VZCRVECAAXXX40812675430404021720N}{3:{108:SCONNECT}}{4:
:20:MI090527
:25:1111111111
:28C:0628/170
:60M:D090527VEF000014688152,85
:61:090527D000000000150,00NTRF000090222245//180010
PAGO
:61:090527D000000000400,00NTRF000090195633//180010
PAGO
:61:090527D000000000100,00NTRF000090037545//180010
PAGO
:61:090527D000000000065,00NTRF000090013877//180010
PAGO
:61:090527D000000000400,00NTRF000075131135//180010
PAGO
:61:090527D000000000500,00NTRF000075085243//180010
PAGO
:61:090527D000000003500,00NTRF000075052486//180010
PAGO
:61:090527D000000000240,00NTRF000074953230//180010
PAGO
:61:090527D000000002580,00NTRF000074769202//180010
PAGO
:62M:D090527VEF000014696087,85
-}{5:{CHK:1143FB20924B}}{S:{COP:S}}${1:F21VZCRVECAAXXX5410610696}{4:{177:0404021720}{451:0}}{1:F01VZCRVECAAXXX5410610696}{2:09501717040402VZCRVECAAXXX40812675430404021720N}{3:{108:SCONNECT}}{4:
:20:MI090527
:25:1111111111
:28C:0628/171
:60M:D090527VEF000014696087,85
:61:090527D000000000181,00NTRF000074587036//180010
PAGO
:61:090527D000000012000,00NTRF000074585911//180010
PAGO
:61:090527D000000000224,00NTRF000074529747//180010
PAGO
:61:090527D000000001500,00NTRF000074470410//180010
PAGO
:61:090527D000000030000,00NTRF000059178024//180010
PAGO
:61:090527D000000005084,00NTRF000059129920//180010
PAGO
:61:090527D000000014200,00NTRF000058951217//180010
PAGO
:61:090527D000000001712,20NTRF000058593408//180010
PAGO
:61:090527D000000000450,00NTRF000058416852//180010
PAGO
:62M:D090527VEF000014761439,05
-}{5:{CHK:1143FB20924B}}{S:{COP:S}}${1:F21VZCRVECAAXXX5410610696}{4:{177:0404021720}{451:0}}{1:F01VZCRVECAAXXX5410610696}{2:09501717040402VZCRVECAAXXX40812675430404021720N}{3:{108:SCONNECT}}{4:
:20:MI090527
:25:1111111111
:28C:0628/172
:60M:D090527VEF000014761439,05
:61:090527D000000000800,00NTRF000058270122//180010
PAGO
:61:090527D000000000250,00NTRF000058209639//180010
PAGO
:61:090527D000000003000,00NTRF000058181337//180010
PAGO
:61:090527D000000000300,00NTRF000058142128//180010
PAGO
:61:090527D000000000800,00NTRF000039193484//180010
PAGO
:61:090527D000000000110,00NTRF000039080092//180010
PAGO
:61:090527D000000000633,70NTRF000038981860//180010
PAGO
:61:090527D000000003950,00NTRF000038886908//180010
PAGO
:61:090527D000000001000,00NTRF000038713963//180010
PAGO
:62M:D090527VEF000014772282,75
-}{5:{CHK:1143FB20924B}}{S:{COP:S}}${1:F21VZCRVECAAXXX5410610696}{4:{177:0404021720}{451:0}}{1:F01VZCRVECAAXXX5410610696}{2:09501717040402VZCRVECAAXXX40812675430404021720N}{3:{108:SCONNECT}}{4:
:20:MI090527
:25:1111111111
:28C:0628/173
:60M:D090527VEF000014772282,75
:61:090527D000000000280,00NTRF000038586907//180010
PAGO
:61:090527D000000053979,14NTRF000038585412//180010
PAGO
:61:090527D000000000300,00NTRF000038322489//180010
PAGO
:61:090527D000000000150,00NTRF000038221714//180010
PAGO
:61:090527D000000000900,00NTRF000023740815//180010
PAGO
:61:090527D000000001650,48NTRF000023655623//180010
PAGO
:61:090527D000000000585,00NTRF000023512745//180010
PAGO
:61:090527D000000000460,00NTRF000023327452//180010
PAGO
:61:090527D000000003000,00NTRF000023065412//180010
PAGO
:62M:D090527VEF000014833587,37
-}{5:{CHK:1143FB20924B}}{S:{COP:S}}${1:F21VZCRVECAAXXX5410610696}{4:{177:0404021720}{451:0}}{1:F01VZCRVECAAXXX5410610696}{2:09501717040402VZCRVECAAXXX40812675430404021720N}{3:{108:SCONNECT}}{4:
:20:MI090527
:25:1111111111
:28C:0628/174
:60M:D090527VEF000014833587,37
:61:090527D000000000650,00NTRF000022820514//180010
PAGO
:61:090527D000000000300,00NTRF000022782118//180010
PAGO
:61:090527D000000003000,00NTRF000022781213//180010
PAGO
:61:090527D000000003500,00NTRF000022777734//180010
PAGO
:61:090527D000000000150,00NTRF000003254487//180010
PAGO
:61:090527D000000000100,00NTRF000003151064//180010
PAGO
:61:090527D000000000100,00NTRF000003099245//180010
PAGO
:61:090527D000000000100,00NTRF000003046909//180010
PAGO
:61:090527D000000000450,00NTRF000003044296//180010
PAGO
:62M:D090527VEF000014841937,37
-}{5:{CHK:1143FB20924B}}{S:{COP:S}}${1:F21VZCRVECAAXXX5410610696}{4:{177:0404021720}{451:0}}{1:F01VZCRVECAAXXX5410610696}{2:09501717040402VZCRVECAAXXX40812675430404021720N}{3:{108:SCONNECT}}{4:
:20:MI090527
:25:1111111111
:28C:0628/175
:60M:D090527VEF000014841937,37
:61:090527D000000014729,00NTRF000002874869//180010
PAGO
:61:090527D000000001000,00NTRF000002649915//180010
PAGO
:61:090527D000000000200,00NTRF000002614858//180010
PAGO
:61:090527D000000006000,00NTRF000002588839//180010
PAGO
:61:090527D000000000050,00NTRF000075760713//180010
PAGO
:61:090527D000000000500,00NTRF000075278466//180010
PAGO
:61:090527D000000001125,00NTRF000074485064//180010
PAGO
:61:090527D000000000145,00NTRF000073995180//180010
PAGO
:61:090527D000000000100,00NTRF000073823140//180010
PAGO
:62M:D090527VEF000014865786,37
-}{5:{CHK:1143FB20924B}}{S:{COP:S}}${1:F21VZCRVECAAXXX5410610696}{4:{177:0404021720}{451:0}}{1:F01VZCRVECAAXXX5410610696}{2:09501717040402VZCRVECAAXXX40812675430404021720N}{3:{108:SCONNECT}}{4:
:20:MI090527
:25:1111111111
:28C:0628/176
:60M:D090527VEF000014865786,37
:61:090527D000000000061,00NTRF000073707201//180010
PAGO
:61:090527D000000000080,00NTRF000073638113//180010
PAGO
:61:090527D000000001189,39NTRF000073631284//180010
PAGO
:61:090527D000000001200,00NTRF000044250044//180010
PAGO
:61:090527D000000000800,00NTRF000043507172//180010
PAGO
:61:090527D000000000336,15NTRF000043397860//180010
PAGO
:61:090527D000000002067,00NTRF000042369723//180010
PAGO
:61:090527D000000000145,89NTRF000042217412//180010
PAGO
:61:090527D000000000500,00NTRF000041900843//180010
PAGO
:62M:D090527VEF000014872165,80
-}{5:{CHK:1143FB20924B}}{S:{COP:S}}${1:F21VZCRVECAAXXX5410610696}{4:{177:0404021720}{451:0}}{1:F01VZCRVECAAXXX5410610696}{2:09501717040402VZCRVECAAXXX40812675430404021720N}{3:{108:SCONNECT}}{4:
:20:MI090527
:25:1111111111
:28C:0628/177
:60M:D090527VEF000014872165,80
:61:090527D000000000100,00NTRF000041548344//180010
PAGO
:61:090527D000000000160,00NTRF000041531012//180010
PAGO
:61:090527D000000000100,00NTRF000041454344//180010
PAGO
:61:090527D000000002000,00NTRF000017451826//180010
PAGO
:61:090527D000000000150,00NTRF000017426313//180010
PAGO
:61:090527D000000000552,00NTRF000017180519//180010
PAGO
:61:090527D000000000200,00NTRF000017017308//180010
PAGO
:61:090527D000000000046,00NTRF000016937541//180010
PAGO
:61:090527D000000000200,00NTRF000016836527//180010
PAGO
:62M:D090527VEF000014875673,80
-}{5:{CHK:1143FB20924B}}{S:{COP:S}}${1:F21VZCRVECAAXXX5410610696}{4:{177:0404021720}{451:0}}{1:F01VZCRVECAAXXX5410610696}{2:09501717040402VZCRVECAAXXX40812675430404021720N}{3:{108:SCONNECT}}{4:
:20:MI090527
:25:1111111111
:28C:0628/178
:60M:D090527VEF000014875673,80
:61:090527D000000001000,00NTRF000016784083//180010
PAGO
:61:090527D000000000400,00NTRF000016750097//180010
PAGO
:61:090527D000000000056,00NTRF000016323204//180010
PAGO
:61:090527D000000063529,50NTRF000026050498//180010
PAGO
:61:090527D000000001267,39NTRF000026050497//180010
PAGO
:61:090527D000000054999,50NTRF000026050496//180010
PAGO
:61:090527D000000001741,00NTRF000026050495//180010
PAGO
:61:090527D000000001259,50NTRF000026050494//180010
PAGO
:61:090527D000000002587,50NTRF000026050493//180010
PAGO
:62M:D090527VEF000015002514,19
-}{5:{CHK:1143FB20924B}}{S:{COP:S}}${1:F21VZCRVECAAXXX5410610696}{4:{177:0404021720}{451:0}}{1:F01VZCRVECAAXXX5410610696}{2:09501717040402VZCRVECAAXXX40812675430404021720N}{3:{108:SCONNECT}}{4:
:20:MI090527
:25:1111111111
:28C:0628/179
:60M:D090527VEF000015002514,19
:61:090527D000000004599,50NTRF000026050492//180010
PAGO
:61:090527D000000004499,50NTRF000026050491//180010
PAGO
:61:090527D000000001999,50NTRF000026050490//180010
PAGO
:61:090527D000000087450,00NTRF000000086883//180010
PAGO
:61:090527D000000042363,00NTRF000000086882//180010
PAGO
:61:090527D000000060807,75NTRF000000086881//180010
PAGO
:61:090527D000000013245,85NTRF000000086880//180010
PAGO
:61:090527D000000460264,13NTRF000000086879//180010
PAGO
:61:090527D000000019074,38NTRF000000086878//180010
PAGO
:62M:D090527VEF000015696817,80
-}{5:{CHK:1143FB20924B}}{S:{COP:S}}${1:F21VZCRVECAAXXX5410610696}{4:{177:0404021720}{451:0}}{1:F01VZCRVECAAXXX5410610696}{2:09501717040402VZCRVECAAXXX40812675430404021720N}{3:{108:SCONNECT}}{4:
:20:MI090527
:25:1111111111
:28C:0628/180
:60M:D090527VEF000015696817,80
:61:090527D000000145205,34NTRF000000086877//180010
PAGO
:61:090527D000000126120,75NTRF000000086876//180010
PAGO
:61:090527D000000055385,16NTRF000000086875//180010
PAGO
:61:090527D000000000159,60NTRF000090000480//180010
PAGO
:61:090527D000000000173,50NTRF000090000479//180010
PAGO
:61:090527D000000000205,20NTRF000090000478//180010
PAGO
:61:090527D000000001376,50NTRF000090000477//180010
PAGO
:61:090527D000000000348,90NTRF000090000476//180010
PAGO
:61:090527D000000000319,50NTRF000090000475//180010
PAGO
:62M:D090527VEF000016026112,25
-}{5:{CHK:1143FB20924B}}{S:{COP:S}}${1:F21VZCRVECAAXXX5410610696}{4:{177:0404021720}{451:0}}{1:F01VZCRVECAAXXX5410610696}{2:09501717040402VZCRVECAAXXX40812675430404021720N}{3:{108:SCONNECT}}{4:
:20:MI090527
:25:1111111111
:28C:0628/181
:60M:D090527VEF000016026112,25
:61:090527D000000000730,20NTRF000090000474//180010
PAGO
:61:090527D000000000884,90NTRF000090000473//180010
PAGO
:61:090527D000000000060,90NTRF000090000472//180010
PAGO
:61:090527D000000000102,80NTRF000090000336//180010
PAGO
:61:090527D000000000289,40NTRF000090000335//180010
PAGO
:61:090527D000000000031,70NTRF000090000334//180010
PAGO
:61:090527D000000000155,00NTRF000090000333//180010
PAGO
:61:090527D000000000200,30NTRF000090000332//180010
PAGO
:61:090527D000000000061,80NTRF000090000331//180010
PAGO
:62M:D090527VEF000016028629,25
-}{5:{CHK:1143FB20924B}}{S:{COP:S}}${1:F21VZCRVECAAXXX5410610696}{4:{177:0404021720}{451:0}}{1:F01VZCRVECAAXXX5410610696}{2:09501717040402VZCRVECAAXXX40812675430404021720N}{3:{108:SCONNECT}}{4:
:20:MI090527
:25:1111111111
:28C:0628/182
:60M:D090527VEF000016028629,25
:61:090527D000000000335,20NTRF000090000330//180010
PAGO
:61:090527D000000000165,90NTRF000090000329//180010
PAGO
:61:090527D000000000082,30NTRF000090000328//180010
PAGO
:61:090527D000000000121,70NTRF000090000192//180010
PAGO
:61:090527D000000000099,30NTRF000090000191//180010
PAGO
:61:090527D000000000152,70NTRF000090000190//180010
PAGO
:61:090527D000000001004,20NTRF000090000189//180010
PAGO
:61:090527D000000000240,80NTRF000090000188//180010
PAGO
:61:090527D000000000146,30NTRF000090000187//180010
PAGO
:62M:D090527VEF000016030977,65
-}{5:{CHK:1143FB20924B}}{S:{COP:S}}${1:F21VZCRVECAAXXX5410610696}{4:{177:0404021720}{451:0}}{1:F01VZCRVECAAXXX5410610696}{2:09501717040402VZCRVECAAXXX40812675430404021720N}{3:{108:SCONNECT}}{4:
:20:MI090527
:25:1111111111
:28C:0628/183
:60M:D090527VEF000016030977,65
:61:090527D000000000144,90NTRF000090000186//180010
PAGO
:61:090527D000000003319,00NTRF000090000184//180010
PAGO
:61:090527D000000001290,50NTRF000090000183//180010
PAGO
:61:090527D000000000056,10NTRF000090000042//180010
PAGO
:61:090527D000000000238,40NTRF000090000040//180010
PAGO
:61:090527D000000000023,60NTRF000090000039//180010
PAGO
:61:090527D000000000334,80NTRF000090000038//180010
PAGO
:61:090527D000000001220,70NTRF000090000037//180010
PAGO
:61:090527D000000000411,70NTRF000090000036//180010
PAGO
:62M:D090527VEF000016038017,35
-}{5:{CHK:1143FB20924B}}{S:{COP:S}}${1:F21VZCRVECAAXXX5410610696}{4:{177:0404021720}{451:0}}{1:F01VZCRVECAAXXX5410610696}{2:09501717040402VZCRVECAAXXX40812675430404021720N}{3:{108:SCONNECT}}{4:
:20:MI090527
:25:1111111111
:28C:0628/184
:60M:D090527VEF000016038017,35
:61:090527D000000000022,50NTRF000090000034//180010
PAGO
:61:090527D000000000259,40NTRF000090000033//180010
PAGO
:61:090527D000000000165,30NTRF000090000032//180010
PAGO
:61:090527D000000003136,00NTRF000000115359//180010
PAGO
:61:090527D000000000693,19NTRF000000115358//180010
PAGO
:61:090527D000000008037,49NTRF000000115357//180010
PAGO
:61:090527D000000012978,00NTRF000000115356//180010
PAGO
:61:090527D000000060158,23NTRF000000115355//180010
PAGO
:61:090527D000000069190,25NTRF000000115354//180010
PAGO
:62M:D090527VEF000016192657,71
-}{5:{CHK:1143FB20924B}}{S:{COP:S}}${1:F21VZCRVECAAXXX5410610696}{4:{177:0404021720}{451:0}}{1:F01VZCRVECAAXXX5410610696}{2:09501717040402VZCRVECAAXXX40812675430404021720N}{3:{108:SCONNECT}}{4:
:20:MI090527
:25:1111111111
:28C:0628/185
:60M:D090527VEF000016192657,71
:61:090527D000000002173,70NTRF000000050014//180010
PAGO
:61:090527D000000031205,54NTRF000000050013//180010
PAGO
:61:090527D000000014983,46NTRF000000050011//180010
PAGO
:61:090527D000000000530,00NTRF000000000921//180010
PAGO
:61:090527D000000008945,56NTRF000000000920//180010
PAGO
:61:090527D000000006952,33NTRF000000000919//180010
PAGO
:61:090527D000000000489,30NTRF000000000918//180010
PAGO
:61:090527D000000023063,70NTRF000000000917//180010
PAGO
:61:090527D000000014221,73NTRF000000000916//180010
PAGO
:62M:D090527VEF000016295223,03
-}{5:{CHK:1143FB20924B}}{S:{COP:S}}${1:F21VZCRVECAAXXX5410610696}{4:{177:0404021720}{451:0}}{1:F01VZCRVECAAXXX5410610696}{2:09501717040402VZCRVECAAXXX40812675430404021720N}{3:{108:SCONNECT}}{4:
:20:MI090527
:25:1111111111
:28C:0628/186
:60M:D090527VEF000016295223,03
:61:090527D000000004263,65NTRF000000000915//180010
PAGO
:61:090527D000000014073,18NTRF000000000914//180010
PAGO
:61:090527D000000011509,49NTRF000000000913//180010
PAGO
:61:090527D000000000250,00NTRF000058189524//180010
PAGO
:61:090527D000000000238,00NTRF000057579567//180010
PAGO
:61:090527D000000000800,00NTRF000057362154//180010
PAGO
:61:090527D000000001700,00NTRF000049353543//180010
PAGO
:61:090527D000000001700,00NTRF000049332737//180010
PAGO
:61:090527D000000000900,00NTRF000046848831//180010
PAGO
:62M:D090527VEF000016330657,35
-}{5:{CHK:1143FB20924B}}{S:{COP:S}}${1:F21VZCRVECAAXXX5410610696}{4:{177:0404021720}{451:0}}{1:F01VZCRVECAAXXX5410610696}{2:09501717040402VZCRVECAAXXX40812675430404021720N}{3:{108:SCONNECT}}{4:
:20:MI090527
:25:1111111111
:28C:0628/187
:60M:D090527VEF000016330657,35
:61:090527D000000000350,00NTRF000046324713//180010
PAGO
:61:090527D000000000350,00NTRF000046280713//180010
PAGO
:61:090527D000000000350,00NTRF000045894713//180010
PAGO
:61:090527D000000000500,00NTRF000095456703//180010
PAGO
:61:090527D000000001374,00NTRF000095302178//180010
PAGO
:61:090527D000000000806,75NTRF000095290650//180010
PAGO
:61:090527D000000001300,00NTRF000095165153//180010
PAGO
:61:090527D000000000700,00NTRF000094242034//180010
PAGO
:61:090527D000000013456,58NTRF000093729254//180010
PAGO
:62M:D090527VEF000016349844,68
-}{5:{CHK:1143FB20924B}}{S:{COP:S}}${1:F21VZCRVECAAXXX5410610696}{4:{177:0404021720}{451:0}}{1:F01VZCRVECAAXXX5410610696}{2:09501717040402VZCRVECAAXXX40812675430404021720N}{3:{108:SCONNECT}}{4:
:20:MI090527
:25:1111111111
:28C:0628/188
:60M:D090527VEF000016349844,68
:61:090527D000000001800,00NTRF000093410713//180010
PAGO
:61:090527D000000002000,00NTRF000093138719//180010
PAGO
:61:090527D000000000600,00NTRF000092452560//180010
PAGO
:61:090527D000000000300,00NTRF000066405735//180010
PAGO
:61:090527D000000000297,53NTRF000066316404//180010
PAGO
:61:090527D000000000100,00NTRF000065878621//180010
PAGO
:61:090527D000000000150,00NTRF000065649295//180010
PAGO
:61:090527D000000010000,00NTRF000065629727//180010
PAGO
:61:090527D000000000740,00NTRF000065570015//180010
PAGO
:62M:D090527VEF000016365832,21
-}{5:{CHK:1143FB20924B}}{S:{COP:S}}${1:F21VZCRVECAAXXX5410610696}{4:{177:0404021720}{451:0}}{1:F01VZCRVECAAXXX5410610696}{2:09501717040402VZCRVECAAXXX40812675430404021720N}{3:{108:SCONNECT}}{4:
:20:MI090527
:25:1111111111
:28C:0628/189
:60M:D090527VEF000016365832,21
:61:090527D000000004275,00NTRF000065054198//180010
PAGO
:61:090527D000000000730,00NTRF000065002199//180010
PAGO
:61:090527D000000000597,98NTRF000064602557//180010
PAGO
:61:090527D000000000277,44NTRF000041078566//180010
PAGO
:61:090527D000000000199,95NTRF000041076656//180010
PAGO
:61:090527D000000005785,00NTRF000040924249//180010
PAGO
:61:090527D000000001000,00NTRF000040896533//180010
PAGO
:61:090527D000000000150,00NTRF000040726151//180010
PAGO
:61:090527D000000000600,00NTRF000040504390//180010
PAGO
:62M:D090527VEF000016379447,58
-}{5:{CHK:1143FB20924B}}{S:{COP:S}}${1:F21VZCRVECAAXXX5410610696}{4:{177:0404021720}{451:0}}{1:F01VZCRVECAAXXX5410610696}{2:09501717040402VZCRVECAAXXX40812675430404021720N}{3:{108:SCONNECT}}{4:
:20:MI090527
:25:1111111111
:28C:0628/190
:60M:D090527VEF000016379447,58
:61:090527D000000002200,00NTRF000040429356//180010
PAGO
:61:090527D000000000670,00NTRF000040396778//180010
PAGO
:61:090527D000000000467,00NTRF000040094783//180010
PAGO
:61:090527D000000000300,00NTRF000014169353//180010
PAGO
:61:090527D000000015000,00NTRF000013950538//180010
PAGO
:61:090527D000000000100,00NTRF000013887870//180010
PAGO
:61:090527D000000001207,48NTRF000013663508//180010
PAGO
:61:090527D000000001000,00NTRF000013220905//180010
PAGO
:61:090527D000000143784,24NTRF000013219235//180010
PAGO
:62M:D090527VEF000016544176,30
-}{5:{CHK:1143FB20924B}}{S:{COP:S}}${1:F21VZCRVECAAXXX5410610696}{4:{177:0404021720}{451:0}}{1:F01VZCRVECAAXXX5410610696}{2:09501717040402VZCRVECAAXXX40812675430404021720N}{3:{108:SCONNECT}}{4:
:20:MI090527
:25:1111111111
:28C:0628/191
:60M:D090527VEF000016544176,30
:61:090527D000000001200,00NTRF000013136423//180010
PAGO
:61:090527D000000001600,00NTRF000013102066//180010
PAGO
:61:090527D000000000955,00NTRF000012961715//180010
PAGO
:61:090527D000000000250,00NTRF000083297333//180010
PAGO
:61:090527D000000000200,00NTRF000083218763//180010
PAGO
:61:090527D000000022000,00NTRF000082990468//180010
PAGO
:61:090527D000000002500,00NTRF000082013586//180010
PAGO
:61:090527D000000000300,00NTRF000081931459//180010
PAGO
:61:090527D000000000200,00NTRF000081861857//180010
PAGO
:62M:D090527VEF000016573381,30
-}{5:{CHK:1143FB20924B}}{S:{COP:S}}${1:F21VZCRVECAAXXX5410610696}{4:{177:0404021720}{451:0}}{1:F01VZCRVECAAXXX5410610696}{2:09501717040402VZCRVECAAXXX40812675430404021720N}{3:{108:SCONNECT}}{4:
:20:MI090527
:25:1111111111
:28C:0628/192
:60M:D090527VEF000016573381,30
:61:090527D000000000130,39NTRF000081638729//180010
PAGO
:61:090527D000000000200,00NTRF000081630857//180010
PAGO
:61:090527D000000000400,00NTRF000080771960//180010
PAGO
:61:090527D000000000098,00NTRF000049024137//180010
PAGO
:61:090527D000000001000,00NTRF000047867329//180010
PAGO
:61:090527D000000000100,00NTRF000047862845//180010
PAGO
:61:090527D000000000100,00NTRF000047726845//180010
PAGO
:61:090527D000000010776,00NTRF000047577400//180010
PAGO
:61:090527D000000000060,00NTRF000047563642//180010
PAGO
:62M:D090527VEF000016586245,69
-}{5:{CHK:1143FB20924B}}{S:{COP:S}}${1:F21VZCRVECAAXXX5410610696}{4:{177:0404021720}{451:0}}{1:F01VZCRVECAAXXX5410610696}{2:09501717040402VZCRVECAAXXX40812675430404021720N}{3:{108:SCONNECT}}{4:
:20:MI090527
:25:1111111111
:28C:0628/193
:60M:D090527VEF000016586245,69
:61:090527D000000001800,00NTRF000047194874//180010
PAGO
:61:090527D000000000350,00NTRF000047180568//180010
PAGO
:61:090527D000000000122,47NTRF000047125125//180010
PAGO
:61:090527D000000001000,00NTRF000013815963//180010
PAGO
:61:090527D000000000250,00NTRF000013788715//180010
PAGO
:61:090527D000000000250,00NTRF000013762715//180010
PAGO
:61:090527D000000001000,00NTRF000013659963//180010
PAGO
:61:090527D000000000040,00NTRF000013075989//180010
PAGO
:61:090527D000000000200,00NTRF000012479878//180010
PAGO
:62M:D090527VEF000016591258,16
-}{5:{CHK:1143FB20924B}}{S:{COP:S}}${1:F21VZCRVECAAXXX5410610696}{4:{177:0404021720}{451:0}}{1:F01VZCRVECAAXXX5410610696}{2:09501717040402VZCRVECAAXXX40812675430404021720N}{3:{108:SCONNECT}}{4:
:20:MI090527
:25:1111111111
:28C:0628/194
:60M:D090527VEF000016591258,16
:61:090527D000000001811,82NTRF000011950590//180010
PAGO
:61:090527D000000000300,00NTRF000011742173//180010
PAGO
:61:090527D000000000200,00NTRF000011721099//180010
PAGO
:61:090527D000000003891,38NTRF000089897302//180010
PAGO
:61:090527D000000000400,00NTRF000089837383//180010
PAGO
:61:090527D000000000200,00NTRF000089814404//180010
PAGO
:61:090527D000000006298,27NTRF000089750275//180010
PAGO
:61:090527D000000013200,00NTRF000089645638//180010
PAGO
:61:090527D000000000352,00NTRF000089591965//180010
PAGO
:62M:D090527VEF000016617911,63
-}{5:{CHK:1143FB20924B}}{S:{COP:S}}${1:F21VZCRVECAAXXX5410610696}{4:{177:0404021720}{451:0}}{1:F01VZCRVECAAXXX5410610696}{2:09501717040402VZCRVECAAXXX40812675430404021720N}{3:{108:SCONNECT}}{4:
:20:MI090527
:25:1111111111
:28C:0628/195
:60M:D090527VEF000016617911,63
:61:090527D000000000350,00NTRF000089398314//180010
PAGO
:61:090527D000000012267,52NTRF000089259423//180010
PAGO
:61:090527D000000001200,00NTRF000088967275//180010
PAGO
:61:090527D000000001200,00NTRF000074397303//180010
PAGO
:61:090527D000000000100,00NTRF000074396501//180010
PAGO
:61:090527D000000000015,94NTRF000074355293//180010
PAGO
:61:090527D000000000600,00NTRF000074303778//180010
PAGO
:61:090527D000000006000,00NTRF000074271861//180010
PAGO
:61:090527D000000002500,00NTRF000073989154//180010
PAGO
:62M:D090527VEF000016642145,09
-}{5:{CHK:1143FB20924B}}{S:{COP:S}}${1:F21VZCRVECAAXXX5410610696}{4:{177:0404021720}{451:0}}{1:F01VZCRVECAAXXX5410610696}{2:09501717040402VZCRVECAAXXX40812675430404021720N}{3:{108:SCONNECT}}{4:
:20:MI090527
:25:1111111111
:28C:0628/196
:60M:D090527VEF000016642145,09
:61:090527D000000000471,00NTRF000073988319//180010
PAGO
:61:090527D000000001550,00NTRF000073978816//180010
PAGO
:61:090527D000000001370,00NTRF000073920743//180010
PAGO
:61:090527D000000006650,00NTRF000057985330//180010
PAGO
:61:090527D000000001500,00NTRF000057734853//180010
PAGO
:61:090527D000000000300,00NTRF000057470546//180010
PAGO
:61:090527D000000006600,00NTRF000057443021//180010
PAGO
:61:090527D000000001000,00NTRF000057311337//180010
PAGO
:61:090527D000000000500,00NTRF000056950504//180010
PAGO
:62M:D090527VEF000016662086,09
-}{5:{CHK:1143FB20924B}}{S:{COP:S}}${1:F21VZCRVECAAXXX5410610696}{4:{177:0404021720}{451:0}}{1:F01VZCRVECAAXXX5410610696}{2:09501717040402VZCRVECAAXXX40812675430404021720N}{3:{108:SCONNECT}}{4:
:20:MI090527
:25:1111111111
:28C:0628/197
:60M:D090527VEF000016662086,09
:61:090527D000000000400,00NTRF000056939969//180010
PAGO
:61:090527D000000001000,00NTRF000056640445//180010
PAGO
:61:090527D000000000300,00NTRF000056629355//180010
PAGO
:61:090527D000000001360,00NTRF000038194316//180010
PAGO
:61:090527D000000014000,00NTRF000038186709//180010
PAGO
:61:090527D000000000300,00NTRF000038148025//180010
PAGO
:61:090527D000000000732,00NTRF000038133346//180010
PAGO
:61:090527D000000000380,00NTRF000037889343//180010
PAGO
:61:090527D000000003000,00NTRF000037804866//180010
PAGO
:62M:D090527VEF000016683558,09
-}{5:{CHK:1143FB20924B}}{S:{COP:S}}${1:F21VZCRVECAAXXX5410610696}{4:{177:0404021720}{451:0}}{1:F01VZCRVECAAXXX5410610696}{2:09501717040402VZCRVECAAXXX40812675430404021720N}{3:{108:SCONNECT}}{4:
:20:MI090527
:25:1111111111
:28C:0628/198
:60M:D090527VEF000016683558,09
:61:090527D000000002000,00NTRF000037738959//180010
PAGO
:61:090527D000000001901,68NTRF000037608533//180010
PAGO
:61:090527D000000000300,00NTRF000037574402//180010
PAGO
:61:090527D000000001200,00NTRF000022599971//180010
PAGO
:61:090527D000000000500,00NTRF000022401288//180010
PAGO
:61:090527D000000000020,00NTRF000021904977//180010
PAGO
:61:090527D000000000360,00NTRF000021888643//180010
PAGO
:61:090527D000000002580,00NTRF000021785285//180010
PAGO
:61:090527D000000000195,00NTRF000021520535//180010
PAGO
:62M:D090527VEF000016692614,77
-}{5:{CHK:1143FB20924B}}{S:{COP:S}}${1:F21VZCRVECAAXXX5410610696}{4:{177:0404021720}{451:0}}{1:F01VZCRVECAAXXX5410610696}{2:09501717040402VZCRVECAAXXX40812675430404021720N}{3:{108:SCONNECT}}{4:
:20:MI090527
:25:1111111111
:28C:0628/199
:60M:D090527VEF000016692614,77
:61:090527D000000000250,00NTRF000020825554//180010
PAGO
:61:090527D000000002000,00NTRF000020738485//180010
PAGO
:61:090527D000000000500,00NTRF000020362215//180010
PAGO
:61:090527D000000000403,54NTRF000002445139//180010
PAGO
:61:090527D000000000144,54NTRF000002337170//180010
PAGO
:61:090527D000000000500,00NTRF000002034712//180010
PAGO
:61:090527D000000000411,00NTRF000002018860//180010
PAGO
:61:090527D000000000390,00NTRF000001838743//180010
PAGO
:61:090527D000000000700,00NTRF000001499036//180010
PAGO
:62M:D090527VEF000016697913,85
-}{5:{CHK:1143FB20924B}}{S:{COP:S}}${1:F21VZCRVECAAXXX5410610696}{4:{177:0404021720}{451:0}}{1:F01VZCRVECAAXXX5410610696}{2:09501717040402VZCRVECAAXXX40812675430404021720N}{3:{108:SCONNECT}}{4:
:20:MI090527
:25:1111111111
:28C:0628/200
:60M:D090527VEF000016697913,85
:61:090527D000000000800,00NTRF000001479589//180010
PAGO
:61:090527D000000001350,00NTRF000001086755//180010
PAGO
:61:090527D000000001050,00NTRF000001078289//180010
PAGO
:61:090527D000000000500,00NTRF000073363196//180010
PAGO
:61:090527D000000000500,00NTRF000073303246//180010
PAGO
:61:090527D000000000025,00NTRF000072785095//180010
PAGO
:61:090527D000000001000,00NTRF000072540208//180010
PAGO
:61:090527D000000000987,00NTRF000072446542//180010
PAGO
:61:090527D000000000250,00NTRF000072285299//180010
PAGO
:62M:D090527VEF000016704375,85
-}{5:{CHK:1143FB20924B}}{S:{COP:S}}${1:F21VZCRVECAAXXX5410610696}{4:{177:0404021720}{451:0}}{1:F01VZCRVECAAXXX5410610696}{2:09501717040402VZCRVECAAXXX40812675430404021720N}{3:{108:SCONNECT}}{4:
:20:MI090527
:25:1111111111
:28C:0628/201
:60M:D090527VEF000016704375,85
:61:090527D000000000320,00NTRF000072123031//180010
PAGO
:61:090527D000000000600,00NTRF000072018906//180010
PAGO
:61:090527D000000001750,00NTRF000071632133//180010
PAGO
:61:090527D000000000100,00NTRF000041348344//180010
PAGO
:61:090527D000000000100,00NTRF000041273344//180010
PAGO
:61:090527D000000000574,44NTRF000041008218//180010
PAGO
:61:090527D000000000100,00NTRF000040704797//180010
PAGO
:61:090527D000000000100,00NTRF000040666797//180010
PAGO
:61:090527D000000000400,00NTRF000040239067//180010
PAGO
:62M:D090527VEF000016708420,29
-}{5:{CHK:1143FB20924B}}{S:{COP:S}}${1:F21VZCRVECAAXXX5410610696}{4:{177:0404021720}{451:0}}{1:F01VZCRVECAAXXX5410610696}{2:09501717040402VZCRVECAAXXX40812675430404021720N}{3:{108:SCONNECT}}{4:
:20:MI090527
:25:1111111111
:28C:0628/202
:60M:D090527VEF000016708420,29
:61:090527D000000000200,00NTRF000040200565//180010
PAGO
:61:090527D000000000350,00NTRF000039309952//180010
PAGO
:61:090527D000000000500,00NTRF000039250826//180010
PAGO
:61:090527D000000006436,25NTRF000016312794//180010
PAGO
:61:090527D000000001104,00NTRF000016058851//180010
PAGO
:61:090527D000000000611,00NTRF000015996744//180010
PAGO
:61:090527D000000000400,00NTRF000015983640//180010
PAGO
:61:090527D000000000115,52NTRF000015904959//180010
PAGO
:61:090527D000000000030,00NTRF000015806208//180010
PAGO
:62M:D090527VEF000016718167,06
-}{5:{CHK:1143FB20924B}}{S:{COP:S}}${1:F21VZCRVECAAXXX5410610696}{4:{177:0404021720}{451:0}}{1:F01VZCRVECAAXXX5410610696}{2:09501717040402VZCRVECAAXXX40812675430404021720N}{3:{108:SCONNECT}}{4:
:20:MI090527
:25:1111111111
:28C:0628/203
:60M:D090527VEF000016718167,06
:61:090527D000000000205,00NTRF000015531905//180010
PAGO
:61:090527D000000000600,00NTRF000014407365//180010
PAGO
:61:090527D000000011495,00NTRF000014299875//180010
PAGO
:61:090527D000000003199,50NTRF000026050489//180010
PAGO
:61:090527D000000004499,50NTRF000026050488//180010
PAGO
:61:090527D000000002329,50NTRF000026050487//180010
PAGO
:61:090527D000000002576,50NTRF000026050486//180010
PAGO
:61:090527D000000001100,00NTRF000026050485//180010
PAGO
:61:090527D000000003549,50NTRF000026050484//180010
PAGO
:62M:D090527VEF000016747721,56
-}{5:{CHK:1143FB20924B}}{S:{COP:S}}${1:F21VZCRVECAAXXX5410610696}{4:{177:0404021720}{451:0}}{1:F01VZCRVECAAXXX5410610696}{2:09501717040402VZCRVECAAXXX40812675430404021720N}{3:{108:SCONNECT}}{4:
:20:MI090527
:25:1111111111
:28C:0628/204
:60M:D090527VEF000016747721,56
:61:090527D000000003999,50NTRF000026050483//180010
PAGO
:61:090527D000000001049,50NTRF000026050482//180010
PAGO
:61:090527D000000002599,50NTRF000026050481//180010
PAGO
:61:090527D000000019578,30NTRF000000086874//180010
PAGO
:61:090527D000000011524,46NTRF000000086873//180010
PAGO
:61:090527D000000006516,96NTRF000000086872//180010
PAGO
:61:090527D000000112325,15NTRF000000086871//180010
PAGO
:61:090527D000000011112,96NTRF000000086870//180010
PAGO
:61:090527D000000006732,28NTRF000000086869//180010
PAGO
:62M:D090527VEF000016923160,17
-}{5:{CHK:1143FB20924B}}{S:{COP:S}}${1:F21VZCRVECAAXXX5410610696}{4:{177:0404021720}{451:0}}{1:F01VZCRVECAAXXX5410610696}{2:09501717040402VZCRVECAAXXX40812675430404021720N}{3:{108:SCONNECT}}{4:
:20:MI090527
:25:1111111111
:28C:0628/205
:60M:D090527VEF000016923160,17
:61:090527D000000036489,72NTRF000000086868//180010
PAGO
:61:090527D000000006689,11NTRF000000086867//180010
PAGO
:61:090527D000000234278,15NTRF000000086866//180010
PAGO
:61:090527D000000001473,30NTRF000090000471//180010
PAGO
:61:090527D000000000246,10NTRF000090000470//180010
PAGO
:61:090527D000000000282,60NTRF000090000469//180010
PAGO
:61:090527D000000000059,50NTRF000090000468//180010
PAGO
:61:090527D000000000144,00NTRF000090000467//180010
PAGO
:61:090527D000000000563,80NTRF000090000466//180010
PAGO
:62M:D090527VEF000017203386,45
-}{5:{CHK:1143FB20924B}}{S:{COP:S}}${1:F21VZCRVECAAXXX5410610696}{4:{177:0404021720}{451:0}}{1:F01VZCRVECAAXXX5410610696}{2:09501717040402VZCRVECAAXXX40812675430404021720N}{3:{108:SCONNECT}}{4:
:20:MI090527
:25:1111111111
:28C:0628/206
:60M:D090527VEF000017203386,45
:61:090527D000000000216,70NTRF000090000465//180010
PAGO
:61:090527D000000000421,20NTRF000090000464//180010
PAGO
:61:090527D000000000448,20NTRF000090000463//180010
PAGO
:61:090527D000000000135,10NTRF000090000327//180010
PAGO
:61:090527D000000004065,10NTRF000090000326//180010
PAGO
:61:090527D000000000122,60NTRF000090000325//180010
PAGO
:61:090527D000000000469,00NTRF000090000324//180010
PAGO
:61:090527D000000000470,00NTRF000090000323//180010
PAGO
:61:090527D000000002195,70NTRF000090000322//180010
PAGO
:62M:D090527VEF000017211930,05
-}{5:{CHK:1143FB20924B}}{S:{COP:S}}${1:F21VZCRVECAAXXX5410610696}{4:{177:0404021720}{451:0}}{1:F01VZCRVECAAXXX5410610696}{2:09501717040402VZCRVECAAXXX40812675430404021720N}{3:{108:SCONNECT}}{4:
:20:MI090527
:25:1111111111
:28C:0628/207
:60M:D090527VEF000017211930,05
:61:090527D000000000240,80NTRF000090000321//180010
PAGO
:61:090527D000000000256,30NTRF000090000320//180010
PAGO
:61:090527D000000000099,60NTRF000090000319//180010
PAGO
:61:090527D000000000332,60NTRF000090000181//180010
PAGO
:61:090527D000000002525,60NTRF000090000180//180010
PAGO
:61:090527D000000000209,40NTRF000090000179//180010
PAGO
:61:090527D000000000200,60NTRF000090000178//180010
PAGO
:61:090527D000000000615,60NTRF000090000177//180010
PAGO
:61:090527D000000003522,80NTRF000090000176//180010
PAGO
:62M:D090527VEF000017219933,35
-}{5:{CHK:1143FB20924B}}{S:{COP:S}}${1:F21VZCRVECAAXXX5410610696}{4:{177:0404021720}{451:0}}{1:F01VZCRVECAAXXX5410610696}{2:09501717040402VZCRVECAAXXX40812675430404021720N}{3:{108:SCONNECT}}{4:
:20:MI090527
:25:1111111111
:28C:0628/208
:60M:D090527VEF000017219933,35
:61:090527D000000000160,60NTRF000090000175//180010
PAGO
:61:090527D000000000184,90NTRF000090000174//180010
PAGO
:61:090527D000000000158,50NTRF000090000164//180010
PAGO
:61:090527D000000001357,00NTRF000090000031//180010
PAGO
:61:090527D000000000086,80NTRF000090000030//180010
PAGO
:61:090527D000000001007,80NTRF000090000029//180010
PAGO
:61:090527D000000000072,80NTRF000090000028//180010
PAGO
:61:090527D000000000422,30NTRF000090000027//180010
PAGO
:61:090527D000000000953,70NTRF000090000026//180010
PAGO
:62M:D090527VEF000017224337,75
-}{5:{CHK:1143FB20924B}}{S:{COP:S}}${1:F21VZCRVECAAXXX5410610696}{4:{177:0404021720}{451:0}}{1:F01VZCRVECAAXXX5410610696}{2:09501717040402VZCRVECAAXXX40812675430404021720N}{3:{108:SCONNECT}}{4:
:20:MI090527
:25:1111111111
:28C:0628/209
:60M:D090527VEF000017224337,75
:61:090527D000000000721,20NTRF000090000025//180010
PAGO
:61:090527D000000000063,70NTRF000090000024//180010
PAGO
:61:090527D000000000249,00NTRF000090000023//180010
PAGO
:61:090527D000000039958,26NTRF000000050010//180010
PAGO
:61:090527D000000003889,64NTRF000000050009//180010
PAGO
:61:090527D000000001293,60NTRF000000023792//180010
PAGO
:61:090527D000000000340,93NTRF000000023791//180010
PAGO
:61:090527D000000010667,30NTRF000000023790//180010
PAGO
:61:090527D000000027848,22NTRF000000023789//180010
PAGO
:62M:D090527VEF000017309369,60
-}{5:{CHK:1143FB20924B}}{S:{COP:S}}${1:F21VZCRVECAAXXX5410610696}{4:{177:0404021720}{451:0}}{1:F01VZCRVECAAXXX5410610696}{2:09501717040402VZCRVECAAXXX40812675430404021720N}{3:{108:SCONNECT}}{4:
:20:MI090527
:25:1111111111
:28C:0628/210
:60M:D090527VEF000017309369,60
:61:090527D000000061353,73NTRF000000023786//180010
PAGO
:61:090527D000000001316,11NTRF000000023785//180010
PAGO
:61:090527D000000000333,66NTRF000000023782//180010
PAGO
:61:090527D000000000587,00NTRF000000000912//180010
PAGO
:61:090527D000000049693,79NTRF000000000911//180010
PAGO
:61:090527D000000007830,83NTRF000000000910//180010
PAGO
:61:090527D000000007398,00NTRF000000000909//180010
PAGO
:61:090527D000000143729,74NTRF000000000908//180010
PAGO
:61:090527D000000006808,00NTRF000000000907//180010
PAGO
:62M:D090527VEF000017588420,46
-}{5:{CHK:1143FB20924B}}{S:{COP:S}}${1:F21VZCRVECAAXXX5410610696}{4:{177:0404021720}{451:0}}{1:F01VZCRVECAAXXX5410610696}{2:09501717040402VZCRVECAAXXX40812675430404021720N}{3:{108:SCONNECT}}{4:
:20:MI090527
:25:1111111111
:28C:0628/211
:60M:D090527VEF000017588420,46
:61:090527D000000035100,00NTRF000000000906//180010
PAGO
:61:090527D000000004377,50NTRF000000000905//180010
PAGO
:61:090527D000000080593,58NTRF000000000904//180010
PAGO
:61:090527D000000000500,00NTRF000099814662//180010
PAGO
:61:090527D000000000750,00NTRF000099018474//180010
PAGO
:61:090527D000000000080,00NTRF000098458793//180010
PAGO
:61:090527D000000000600,00NTRF000045539318//180010
PAGO
:61:090527D000000000500,00NTRF000045094709//180010
PAGO
:61:090527D000000000500,00NTRF000045070709//180010
PAGO
:62M:D090527VEF000017711421,54
-}{5:{CHK:1143FB20924B}}{S:{COP:S}}${1:F21VZCRVECAAXXX5410610696}{4:{177:0404021720}{451:0}}{1:F01VZCRVECAAXXX5410610696}{2:09501717040402VZCRVECAAXXX40812675430404021720N}{3:{108:SCONNECT}}{4:
:20:MI090527
:25:1111111111
:28C:0628/212
:60M:D090527VEF000017711421,54
:61:090527D000000002237,00NTRF000045017874//180010
PAGO
:61:090527D000000001000,00NTRF000044461885//180010
PAGO
:61:090527D000000000300,00NTRF000043950786//180010
PAGO
:61:090527D000000001500,00NTRF000043654998//180010
PAGO
:61:090527D000000000201,04NTRF000042929230//180010
PAGO
:61:090527D000000000250,00NTRF000041937141//180010
PAGO
:61:090527D000000002972,00NTRF000091798034//180010
PAGO
:61:090527D000000000200,00NTRF000091697253//180010
PAGO
:61:090527D000000000200,00NTRF000091576257//180010
PAGO
:62M:D090527VEF000017720281,58
-}{5:{CHK:1143FB20924B}}{S:{COP:S}}${1:F21VZCRVECAAXXX5410610696}{4:{177:0404021720}{451:0}}{1:F01VZCRVECAAXXX5410610696}{2:09501717040402VZCRVECAAXXX40812675430404021720N}{3:{108:SCONNECT}}{4:
:20:MI090527
:25:1111111111
:28C:0628/213
:60M:D090527VEF000017720281,58
:61:090527D000000000300,00NTRF000091486715//180010
PAGO
:61:090527D000000000403,00NTRF000091460555//180010
PAGO
:61:090527D000000000400,00NTRF000091193651//180010
PAGO
:61:090527D000000001016,91NTRF000090657145//180010
PAGO
:61:090527D000000000014,00NTRF000090216709//180010
PAGO
:61:090527D000000002000,00NTRF000090142233//180010
PAGO
:61:090527D000000002214,62NTRF000064473762//180010
PAGO
:61:090527D000000015000,00NTRF000064443581//180010
PAGO
:61:090527D000000000503,00NTRF000064357070//180010
PAGO
:62M:D090527VEF000017742133,11
-}{5:{CHK:1143FB20924B}}{S:{COP:S}}${1:F21VZCRVECAAXXX5410610696}{4:{177:0404021720}{451:0}}{1:F01VZCRVECAAXXX5410610696}{2:09501717040402VZCRVECAAXXX40812675430404021720N}{3:{108:SCONNECT}}{4:
:20:MI090527
:25:1111111111
:28C:0628/214
:60M:D090527VEF000017742133,11
:61:090527D000000000485,98NTRF000064177243//180010
PAGO
:61:090527D000000000367,87NTRF000064062862//180010
PAGO
:61:090527D000000001910,00NTRF000064021890//180010
PAGO
:61:090527D000000001000,00NTRF000063869373//180010
PAGO
:61:090527D000000000350,00NTRF000063852194//180010
PAGO
:61:090527D000000000900,00NTRF000063841113//180010
PAGO
:61:090527D000000008760,00NTRF000039862902//180010
PAGO
:61:090527D000000005408,90NTRF000039777331//180010
PAGO
:61:090527D000000000465,00NTRF000039209874//180010
PAGO
:62M:D090527VEF000017761780,86
-}{5:{CHK:1143FB20924B}}{S:{COP:S}}${1:F21VZCRVECAAXXX5410610696}{4:{177:0404021720}{451:0}}{1:F01VZCRVECAAXXX5410610696}{2:09501717040402VZCRVECAAXXX40812675430404021720N}{3:{108:SCONNECT}}{4:
:20:MI090527
:25:1111111111
:28C:0628/215
:60M:D090527VEF000017761780,86
:61:090527D000000000681,31NTRF000039172263//180010
PAGO
:61:090527D000000019200,00NTRF000038993181//180010
PAGO
:61:090527D000000000030,00NTRF000038852343//180010
PAGO
:61:090527D000000000580,00NTRF000038818395//180010
PAGO
:61:090527D000000001700,00NTRF000038732015//180010
PAGO
:61:090527D000000000600,00NTRF000038607695//180010
PAGO
:61:090527D000000000300,00NTRF000012731484//180010
PAGO
:61:090527D000000001000,00NTRF000012700700//180010
PAGO
:61:090527D000000000300,00NTRF000012633841//180010
PAGO
:62M:D090527VEF000017786172,17
-}{5:{CHK:1143FB20924B}}{S:{COP:S}}${1:F21VZCRVECAAXXX5410610696}{4:{177:0404021720}{451:0}}{1:F01VZCRVECAAXXX5410610696}{2:09501717040402VZCRVECAAXXX40812675430404021720N}{3:{108:SCONNECT}}{4:
:20:MI090527
:25:1111111111
:28C:0628/216
:60M:D090527VEF000017786172,17
:61:090527D000000000200,00NTRF000012411194//180010
PAGO
:61:090527D000000000190,00NTRF000011957903//180010
PAGO
:61:090527D000000005000,00NTRF000010823844//180010
PAGO
:61:090527D000000002400,00NTRF000010792847//180010
PAGO
:61:090527D000000001700,00NTRF000010732047//180010
PAGO
:61:090527D000000002500,00NTRF000010182948//180010
PAGO
:61:090527D000000000109,00NTRF000080481780//180010
PAGO
:61:090527D000000000045,00NTRF000080278216//180010
PAGO
:61:090527D000000000200,00NTRF000078828910//180010
PAGO
:62M:D090527VEF000017798516,17
-}{5:{CHK:1143FB20924B}}{S:{COP:S}}${1:F21VZCRVECAAXXX5410610696}{4:{177:0404021720}{451:0}}{1:F01VZCRVECAAXXX5410610696}{2:09501717040402VZCRVECAAXXX40812675430404021720N}{3:{108:SCONNECT}}{4:
:20:MI090527
:25:1111111111
:28C:0628/217
:60M:D090527VEF000017798516,17
:61:090527D000000000200,00NTRF000078797910//180010
PAGO
:61:090527D000000000125,00NTRF000078786875//180010
PAGO
:61:090527D000000001174,57NTRF000078752848//180010
PAGO
:61:090527D000000001174,57NTRF000078634848//180010
PAGO
:61:090527D000000002000,00NTRF000078277659//180010
PAGO
:61:090527D000000000206,00NTRF000078166782//180010
PAGO
:61:090527D000000000240,00NTRF000046507377//180010
PAGO
:61:090527D000000000500,00NTRF000045824913//180010
PAGO
:61:090527D000000000500,00NTRF000045785913//180010
PAGO
:62M:D090527VEF000017804636,31
-}{5:{CHK:1143FB20924B}}{S:{COP:S}}${1:F21VZCRVECAAXXX5410610696}{4:{177:0404021720}{451:0}}{1:F01VZCRVECAAXXX5410610696}{2:09501717040402VZCRVECAAXXX40812675430404021720N}{3:{108:SCONNECT}}{4:
:20:MI090527
:25:1111111111
:28C:0628/218
:60M:D090527VEF000017804636,31
:61:090527D000000000100,00NTRF000045732708//180010
PAGO
:61:090527D000000002000,00NTRF000045692507//180010
PAGO
:61:090527D000000000170,00NTRF000045414090//180010
PAGO
:61:090527D000000000050,00NTRF000044781845//180010
PAGO
:61:090527D000000003000,00NTRF000044423289//180010
PAGO
:61:090527D000000000450,00NTRF000044135252//180010
PAGO
:61:090527D000000000250,00NTRF000011658154//180010
PAGO
:61:090527D000000000105,00NTRF000010148062//180010
PAGO
:61:090527D000000000150,00NTRF000009587243//180010
PAGO
:62M:D090527VEF000017810911,31
-}{5:{CHK:1143FB20924B}}{S:{COP:S}}${1:F21VZCRVECAAXXX5410610696}{4:{177:0404021720}{451:0}}{1:F01VZCRVECAAXXX5410610696}{2:09501717040402VZCRVECAAXXX40812675430404021720N}{3:{108:SCONNECT}}{4:
:20:MI090527
:25:1111111111
:28C:0628/219
:60M:D090527VEF000017810911,31
:61:090527D000000000130,37NTRF000009417148//180010
PAGO
:61:090527D000000000500,00NTRF000009247798//180010
PAGO
:61:090527D000000000150,00NTRF000009213503//180010
PAGO
:61:090527D000000003800,00NTRF000008923320//180010
PAGO
:61:090527D000000005641,61NTRF000008706579//180010
PAGO
:61:090527D000000000400,00NTRF000007616232//180010
PAGO
:61:090527D000000000100,00NTRF000088899273//180010
PAGO
:61:090527D000000000196,00NTRF000088819674//180010
PAGO
:61:090527D000000010000,00NTRF000088787345//180010
PAGO
:62M:D090527VEF000017831829,29
-}{5:{CHK:1143FB20924B}}{S:{COP:S}}${1:F21VZCRVECAAXXX5410610696}{4:{177:0404021720}{451:0}}{1:F01VZCRVECAAXXX5410610696}{2:09501717040402VZCRVECAAXXX40812675430404021720N}{3:{108:SCONNECT}}{4:
:20:MI090527
:25:1111111111
:28C:0628/220
:60M:D090527VEF000017831829,29
:61:090527D000000000050,00NTRF000088748280//180010
PAGO
:61:090527D000000000160,68NTRF000088484605//180010
PAGO
:61:090527D000000000050,00NTRF000088357206//180010
PAGO
:61:090527D000000000170,00NTRF000088271861//180010
PAGO
:61:090527D000000000323,00NTRF000088214814//180010
PAGO
:61:090527D000000000150,00NTRF000087943433//180010
PAGO
:61:090527D000000000300,00NTRF000073680014//180010
PAGO
:61:090527D000000000255,32NTRF000073657458//180010
PAGO
:61:090527D000000000600,00NTRF000073554558//180010
PAGO
:62M:D090527VEF000017833888,29
-}{5:{CHK:1143FB20924B}}{S:{COP:S}}${1:F21VZCRVECAAXXX5410610696}{4:{177:0404021720}{451:0}}{1:F01VZCRVECAAXXX5410610696}{2:09501717040402VZCRVECAAXXX40812675430404021720N}{3:{108:SCONNECT}}{4:
:20:MI090527
:25:1111111111
:28C:0628/221
:60M:D090527VEF000017833888,29
:61:090527D000000000500,00NTRF000073363297//180010
PAGO
:61:090527D000000000050,00NTRF000073247620//180010
PAGO
:61:090527D000000000450,00NTRF000073126159//180010
PAGO
:61:090527D000000000800,00NTRF000073034473//180010
PAGO
:61:090527D000000003450,00NTRF000073006559//180010
PAGO
:61:090527D000000000040,00NTRF000072877670//180010
PAGO
:61:090527D000000006331,80NTRF000056326669//180010
PAGO
:61:090527D000000000050,00NTRF000056190867//180010
PAGO
:61:090527D000000003800,00NTRF000056100858//180010
PAGO
:62M:D090527VEF000017849360,09
-}{5:{CHK:1143FB20924B}}{S:{COP:S}}${1:F21VZCRVECAAXXX5410610696}{4:{177:0404021720}{451:0}}{1:F01VZCRVECAAXXX5410610696}{2:09501717040402VZCRVECAAXXX40812675430404021720N}{3:{108:SCONNECT}}{4:
:20:MI090527
:25:1111111111
:28C:0628/222
:60M:D090527VEF000017849360,09
:61:090527D000000000600,00NTRF000056011863//180010
PAGO
:61:090527D000000000395,00NTRF000055631161//180010
PAGO
:61:090527D000000000180,00NTRF000055452079//180010
PAGO
:61:090527D000000003000,00NTRF000055186956//180010
PAGO
:61:090527D000000000658,85NTRF000055100033//180010
PAGO
:61:090527D000000007545,00NTRF000054735193//180010
PAGO
:61:090527D000000000145,00NTRF000037526846//180010
PAGO
:61:090527D000000000019,00NTRF000037410441//180010
PAGO
:61:090527D000000001000,00NTRF000037405342//180010
PAGO
:62M:D090527VEF000017862902,94
-}{5:{CHK:1143FB20924B}}{S:{COP:S}}${1:F21VZCRVECAAXXX5410610696}{4:{177:0404021720}{451:0}}{1:F01VZCRVECAAXXX5410610696}{2:09501717040402VZCRVECAAXXX40812675430404021720N}{3:{108:SCONNECT}}{4:
:20:MI090527
:25:1111111111
:28C:0628/223
:60M:D090527VEF000017862902,94
:61:090527D000000000200,00NTRF000037383603//180010
PAGO
:61:090527D000000000650,00NTRF000037314584//180010
PAGO
:61:090527D000000001500,00NTRF000037231700//180010
PAGO
:61:090527D000000005000,00NTRF000037145717//180010
PAGO
:61:090527D000000000400,00NTRF000037090213//180010
PAGO
:61:090527D000000001200,00NTRF000036946584//180010
PAGO
:61:090527D000000000410,00NTRF000020218535//180010
PAGO
:61:090527D000000000250,00NTRF000020102052//180010
PAGO
:61:090527D000000000800,00NTRF000020095820//180010
PAGO
:62M:D090527VEF000017873312,94
-}{5:{CHK:1143FB20924B}}{S:{COP:S}}${1:F21VZCRVECAAXXX5410610696}{4:{177:0404021720}{451:0}}{1:F01VZCRVECAAXXX5410610696}{2:09501717040402VZCRVECAAXXX40812675430404021720N}{3:{108:SCONNECT}}{4:
:20:MI090527
:25:1111111111
:28C:0628/224
:60M:D090527VEF000017873312,94
:61:090527D000000001759,45NTRF000019872769//180010
PAGO
:61:090527D000000000450,00NTRF000019830552//180010
PAGO
:61:090527D000000000840,00NTRF000019811939//180010
PAGO
:61:090527D000000001000,00NTRF000019627817//180010
PAGO
:61:090527D000000000391,58NTRF000018907802//180010
PAGO
:61:090527D000000005000,00NTRF000018701074//180010
PAGO
:61:090527D000000013350,00NTRF000001006805//180010
PAGO
:61:090527D000000001255,00NTRF000000955369//180010
PAGO
:61:090527D000000000020,00NTRF000000896984//180010
PAGO
:62M:D090527VEF000017897378,97
-}{5:{CHK:1143FB20924B}}{S:{COP:S}}${1:F21VZCRVECAAXXX5410610696}{4:{177:0404021720}{451:0}}{1:F01VZCRVECAAXXX5410610696}{2:09501717040402VZCRVECAAXXX40812675430404021720N}{3:{108:SCONNECT}}{4:
:20:MI090527
:25:1111111111
:28C:0628/225
:60M:D090527VEF000017897378,97
:61:090527D000000000300,00NTRF000000593527//180010
PAGO
:61:090527D000000000360,00NTRF000000360341//180010
PAGO
:61:090527D000000001050,00NTRF000000124401//180010
PAGO
:61:090527D000000001000,00NTRF000099608933//180010
PAGO
:61:090527D000000000120,00NTRF000099431690//180010
PAGO
:61:090527D000000000158,08NTRF000099340969//180010
PAGO
:61:090527D000000000268,00NTRF000071497636//180010
PAGO
:61:090527D000000000006,00NTRF000071418116//180010
PAGO
:61:090527D000000003000,00NTRF000071214739//180010
PAGO
:62M:D090527VEF000017903641,05
-}{5:{CHK:1143FB20924B}}{S:{COP:S}}${1:F21VZCRVECAAXXX5410610696}{4:{177:0404021720}{451:0}}{1:F01VZCRVECAAXXX5410610696}{2:09501717040402VZCRVECAAXXX40812675430404021720N}{3:{108:SCONNECT}}{4:
:20:MI090527
:25:1111111111
:28C:0628/226
:60M:D090527VEF000017903641,05
:61:090527D000000000236,00NTRF000070754824//180010
PAGO
:61:090527D000000000706,76NTRF000070033034//180010
PAGO
:61:090527D000000000050,00NTRF000069705513//180010
PAGO
:61:090527D000000000050,00NTRF000069641513//180010
PAGO
:61:090527D000000001485,00NTRF000069567894//180010
PAGO
:61:090527D000000000200,00NTRF000069501726//180010
PAGO
:61:090527D000000000200,00NTRF000039156378//180010
PAGO
:61:090527D000000000604,99NTRF000039068118//180010
PAGO
:61:090527D000000000086,13NTRF000039062913//180010
PAGO
:62M:D090527VEF000017907259,93
-}{5:{CHK:1143FB20924B}}{S:{COP:S}}${1:F21VZCRVECAAXXX5410610696}{4:{177:0404021720}{451:0}}{1:F01VZCRVECAAXXX5410610696}{2:09501717040402VZCRVECAAXXX40812675430404021720N}{3:{108:SCONNECT}}{4:
:20:MI090527
:25:1111111111
:28C:0628/227
:60M:D090527VEF000017907259,93
:61:090527D000000000050,00NTRF000038908050//180010
PAGO
:61:090527D000000000703,00NTRF000038532685//180010
PAGO
:61:090527D000000000180,00NTRF000038478194//180010
PAGO
:61:090527D000000000520,00NTRF000038431329//180010
PAGO
:61:090527D000000000000,25NTRF000038387984//180010
PAGO
:61:090527D000000000200,00NTRF000038255515//180010
PAGO
:61:090527D000000000394,58NTRF000014097379//180010
PAGO
:61:090527D000000000330,00NTRF000014014366//180010
PAGO
:61:090527D000000000300,00NTRF000014002744//180010
PAGO
:62M:D090527VEF000017909937,76
-}{5:{CHK:1143FB20924B}}{S:{COP:S}}${1:F21VZCRVECAAXXX5410610696}{4:{177:0404021720}{451:0}}{1:F01VZCRVECAAXXX5410610696}{2:09501717040402VZCRVECAAXXX40812675430404021720N}{3:{108:SCONNECT}}{4:
:20:MI090527
:25:1111111111
:28C:0628/228
:60M:D090527VEF000017909937,76
:61:090527D000000000100,00NTRF000013875210//180010
PAGO
:61:090527D000000001000,00NTRF000013624935//180010
PAGO
:61:090527D000000001500,00NTRF000013404177//180010
PAGO
:61:090527D000000002000,00NTRF000013340292//180010
PAGO
:61:090527D000000000215,00NTRF000013088764//180010
PAGO
:61:090527D000000004999,50NTRF000026050480//180010
PAGO
:61:090527D000000004336,50NTRF000026050479//180010
PAGO
:61:090527D000000004849,50NTRF000026050478//180010
PAGO
:61:090527D000000000920,53NTRF000026050477//180010
PAGO
:62M:D090527VEF000017929858,79
-}{5:{CHK:1143FB20924B}}{S:{COP:S}}${1:F21VZCRVECAAXXX5410610696}{4:{177:0404021720}{451:0}}{1:F01VZCRVECAAXXX5410610696}{2:09501717040402VZCRVECAAXXX40812675430404021720N}{3:{108:SCONNECT}}{4:
:20:MI090527
:25:1111111111
:28C:0628/229
:60M:D090527VEF000017929858,79
:61:090527D000000000912,34NTRF000026050476//180010
PAGO
:61:090527D000000000585,00NTRF000026050475//180010
PAGO
:61:090527D000000001969,00NTRF000026050474//180010
PAGO
:61:090527D000000002999,50NTRF000026050473//180010
PAGO
:61:090527D000000003892,00NTRF000026050472//180010
PAGO
:61:090527D000000185642,35NTRF000000086865//180010
PAGO
:61:090527D000000144922,31NTRF000000086864//180010
PAGO
:61:090527D000000018891,75NTRF000000086863//180010
PAGO
:61:090527D000000025158,78NTRF000000086862//180010
PAGO
:62M:D090527VEF000018314831,82
-}{5:{CHK:1143FB20924B}}{S:{COP:S}}${1:F21VZCRVECAAXXX5410610696}{4:{177:0404021720}{451:0}}{1:F01VZCRVECAAXXX5410610696}{2:09501717040402VZCRVECAAXXX40812675430404021720N}{3:{108:SCONNECT}}{4:
:20:MI090527
:25:1111111111
:28C:0628/230
:60M:D090527VEF000018314831,82
:61:090527D000000621334,34NTRF000000086861//180010
PAGO
:61:090527D000000022880,68NTRF000000086860//180010
PAGO
:61:090527D000000048741,51NTRF000000086859//180010
PAGO
:61:090527D000000038782,63NTRF000000086858//180010
PAGO
:61:090527D000000008155,06NTRF000000086857//180010
PAGO
:61:090527D000000000314,80NTRF000090000462//180010
PAGO
:61:090527D000000000680,20NTRF000090000461//180010
PAGO
:61:090527D000000000072,10NTRF000090000460//180010
PAGO
:61:090527D000000000586,50NTRF000090000459//180010
PAGO
:62M:D090527VEF000019056379,64
-}{5:{CHK:1143FB20924B}}{S:{COP:S}}${1:F21VZCRVECAAXXX5410610696}{4:{177:0404021720}{451:0}}{1:F01VZCRVECAAXXX5410610696}{2:09501717040402VZCRVECAAXXX40812675430404021720N}{3:{108:SCONNECT}}{4:
:20:MI090527
:25:1111111111
:28C:0628/231
:60M:D090527VEF000019056379,64
:61:090527D000000000317,30NTRF000090000458//180010
PAGO
:61:090527D000000000171,40NTRF000090000457//180010
PAGO
:61:090527D000000000452,60NTRF000090000456//180010
PAGO
:61:090527D000000000194,70NTRF000090000455//180010
PAGO
:61:090527D000000000549,60NTRF000090000454//180010
PAGO
:61:090527D000000000160,00NTRF000090000318//180010
PAGO
:61:090527D000000000212,40NTRF000090000317//180010
PAGO
:61:090527D000000000125,60NTRF000090000316//180010
PAGO
:61:090527D000000000226,90NTRF000090000315//180010
PAGO
:62M:D090527VEF000019058790,14
-}{5:{CHK:1143FB20924B}}{S:{COP:S}}${1:F21VZCRVECAAXXX5410610696}{4:{177:0404021720}{451:0}}{1:F01VZCRVECAAXXX5410610696}{2:09501717040402VZCRVECAAXXX40812675430404021720N}{3:{108:SCONNECT}}{4:
:20:MI090527
:25:1111111111
:28C:0628/232
:60M:D090527VEF000019058790,14
:61:090527D000000000747,50NTRF000090000314//180010
PAGO
:61:090527D000000000143,50NTRF000090000313//180010
PAGO
:61:090527D000000000378,50NTRF000090000312//180010
PAGO
:61:090527D000000000251,10NTRF000090000311//180010
PAGO
:61:090527D000000000091,00NTRF000090000310//180010
PAGO
:61:090527D000000000326,30NTRF000090000173//180010
PAGO
:61:090527D000000000527,40NTRF000090000172//180010
PAGO
:61:090527D000000000253,80NTRF000090000171//180010
PAGO
:61:090527D000000000190,80NTRF000090000170//180010
PAGO
:62M:D090527VEF000019061700,04
-}{5:{CHK:1143FB20924B}}{S:{COP:S}}${1:F21VZCRVECAAXXX5410610696}{4:{177:0404021720}{451:0}}{1:F01VZCRVECAAXXX5410610696}{2:09501717040402VZCRVECAAXXX40812675430404021720N}{3:{108:SCONNECT}}{4:
:20:MI090527
:25:1111111111
:28C:0628/233
:60M:D090527VEF000019061700,04
:61:090527D000000000355,40NTRF000090000169//180010
PAGO
:61:090527D000000000488,40NTRF000090000168//180010
PAGO
:61:090527D000000000624,40NTRF000090000167//180010
PAGO
:61:090527D000000000155,10NTRF000090000166//180010
PAGO
:61:090527D000000000456,50NTRF000090000165//180010
PAGO
:61:090527D000000000308,20NTRF000090000022//180010
PAGO
:61:090527D000000000086,90NTRF000090000021//180010
PAGO
:61:090527D000000000126,80NTRF000090000020//180010
PAGO
:61:090527D000000000167,20NTRF000090000019//180010
PAGO
:62M:D090527VEF000019064468,94
-}{5:{CHK:1143FB20924B}}{S:{COP:S}}${1:F21VZCRVECAAXXX5410610696}{4:{177:0404021720}{451:0}}{1:F01VZCRVECAAXXX5410610696}{2:09501717040402VZCRVECAAXXX40812675430404021720N}{3:{108:SCONNECT}}{4:
:20:MI090527
:25:1111111111
:28C:0628/234
:60M:D090527VEF000019064468,94
:61:090527D000000002642,30NTRF000090000018//180010
PAGO
:61:090527D000000000373,20NTRF000090000017//180010
PAGO
:61:090527D000000000030,00NTRF000090000016//180010
PAGO
:61:090527D000000002238,70NTRF000090000015//180010
PAGO
:61:090527D000000000083,50NTRF000090000014//180010
PAGO
:61:090527D000000001172,50NTRF000000023780//180010
PAGO
:61:090527D000000002140,00NTRF000000023779//180010
PAGO
:61:090527D000000005216,25NTRF000000023778//180010
PAGO
:61:090527D000000000977,90NTRF000000023774//180010
PAGO
:62M:D090527VEF000019079343,29
-}{5:{CHK:1143FB20924B}}{S:{COP:S}}${1:F21VZCRVECAAXXX5410610696}{4:{177:0404021720}{451:0}}{1:F01VZCRVECAAXXX5410610696}{2:09501717040402VZCRVECAAXXX40812675430404021720N}{3:{108:SCONNECT}}{4:
:20:MI090527
:25:1111111111
:28C:0628/235
:60M:D090527VEF000019079343,29
:61:090527D000000003703,66NTRF000000023772//180010
PAGO
:61:090527D000000043656,20NTRF000000023770//180010
PAGO
:61:090527D000000006566,00NTRF000000023769//180010
PAGO
:61:090527D000000006656,21NTRF000000023768//180010
PAGO
:61:090527D000000000348,50NTRF000000023765//180010
PAGO
:61:090527D000000019229,44NTRF000000066923//180010
PAGO
:61:090527D000000025586,95NTRF000000028442//180010
PAGO
:61:090527D000000006070,66NTRF000000028440//180010
PAGO
:61:090527D000000395334,92NTRF000000028438//180010
PAGO
:62M:D090527VEF000019586495,83
-}{5:{CHK:1143FB20924B}}{S:{COP:S}}${1:F21VZCRVECAAXXX5410610696}{4:{177:0404021720}{451:0}}{1:F01VZCRVECAAXXX5410610696}{2:09501717040402VZCRVECAAXXX40812675430404021720N}{3:{108:SCONNECT}}{4:
:20:MI090527
:25:1111111111
:28C:0628/236
:60M:D090527VEF000019586495,83
:61:090527D000000001050,17NTRF000000028436//180010
PAGO
:61:090527D000000020000,00NTRF000000028434//180010
PAGO
:61:090527D000000006615,99NTRF000000028432//180010
PAGO
:61:090527D000000064200,00NTRF000090151645//180010
PAGO
:61:090527D000000051360,00NTRF000090151604//180010
PAGO
:61:090527D000000000700,00NTRF000098435650//180010
PAGO
:61:090527D000000003600,00NTRF000093922754//180010
PAGO
:61:090527D000000000125,20NTRF000093784363//180010
PAGO
:61:090527D000000003350,00NTRF000092782945//180010
PAGO
:62M:D090527VEF000019737497,19
-}{5:{CHK:1143FB20924B}}{S:{COP:S}}${1:F21VZCRVECAAXXX5410610696}{4:{177:0404021720}{451:0}}{1:F01VZCRVECAAXXX5410610696}{2:09501717040402VZCRVECAAXXX40812675430404021720N}{3:{108:SCONNECT}}{4:
:20:MI090527
:25:1111111111
:28C:0628/237
:60M:D090527VEF000019737497,19
:61:090527D000000000702,00NTRF000092096697//180010
PAGO
:61:090527D000000000252,81NTRF000090151276//180010
PAGO
:61:090527D000000003327,00NTRF000089413792//180010
PAGO
:61:090527D000000000520,00NTRF000088124835//180010
PAGO
:61:090527D000000006000,00NTRF000086394321//180010
PAGO
:61:090527D000000000247,00NTRF000041876637//180010
PAGO
:61:090527D000000004105,30NTRF000040847081//180010
PAGO
:61:090527D000000001000,00NTRF000038159890//180010
PAGO
:61:090527D000000000231,00NTRF000037936239//180010
PAGO
:62M:D090527VEF000019753882,30
-}{5:{CHK:1143FB20924B}}{S:{COP:S}}${1:F21VZCRVECAAXXX5410610696}{4:{177:0404021720}{451:0}}{1:F01VZCRVECAAXXX5410610696}{2:09501717040402VZCRVECAAXXX40812675430404021720N}{3:{108:SCONNECT}}{4:
:20:MI090527
:25:1111111111
:28C:0628/238
:60M:D090527VEF000019753882,30
:61:090527D000000000500,00NTRF000029392620//180010
PAGO
:61:090527D000000001222,27NTRF000029333045//180010
PAGO
:61:090527D000000001933,42NTRF000028557398//180010
PAGO
:61:090527D000000000180,00NTRF000027931231//180010
PAGO
:61:090527D000000001492,24NTRF000027063239//180010
PAGO
:61:090527D000000000230,00NTRF000089416563//180010
PAGO
:61:090527D000000000532,00NTRF000089309195//180010
PAGO
:61:090527D000000000150,00NTRF000089170378//180010
PAGO
:61:090527D000000005000,00NTRF000089125815//180010
PAGO
:62M:D090527VEF000019765122,23
-}{5:{CHK:1143FB20924B}}{S:{COP:S}}${1:F21VZCRVECAAXXX5410610696}{4:{177:0404021720}{451:0}}{1:F01VZCRVECAAXXX5410610696}{2:09501717040402VZCRVECAAXXX40812675430404021720N}{3:{108:SCONNECT}}{4:
:20:MI090527
:25:1111111111
:28C:0628/239
:60M:D090527VEF000019765122,23
:61:090527D000000000400,00NTRF000088965879//180010
PAGO
:61:090527D000000000250,00NTRF000088947369//180010
PAGO
:61:090527D000000000557,00NTRF000088768115//180010
PAGO
:61:090527D000000001215,00NTRF000088455687//180010
PAGO
:61:090527D000000004330,00NTRF000088425960//180010
PAGO
:61:090527D000000005738,00NTRF000063686527//180010
PAGO
:61:090527D000000001000,00NTRF000063317452//180010
PAGO
:61:090527D000000006667,87NTRF000063299297//180010
PAGO
:61:090527D000000001600,00NTRF000063127118//180010
PAGO
:62M:D090527VEF000019786880,10
-}{5:{CHK:1143FB20924B}}{S:{COP:S}}${1:F21VZCRVECAAXXX5410610696}{4:{177:0404021720}{451:0}}{1:F01VZCRVECAAXXX5410610696}{2:09501717040402VZCRVECAAXXX40812675430404021720N}{3:{108:SCONNECT}}{4:
:20:MI090527
:25:1111111111
:28C:0628/240
:60M:D090527VEF000019786880,10
:61:090527D000000000202,20NTRF000062959246//180010
PAGO
:61:090527D000000000300,00NTRF000062527494//180010
PAGO
:61:090527D000000001180,95NTRF000062519556//180010
PAGO
:61:090527D000000000240,00NTRF000062517468//180010
PAGO
:61:090527D000000000313,00NTRF000062437602//180010
PAGO
:61:090527D000000024000,00NTRF000038278249//180010
PAGO
:61:090527D000000000400,00NTRF000038115972//180010
PAGO
:61:090527D000000004800,00NTRF000037875326//180010
PAGO
:61:090527D000000001913,34NTRF000037797229//180010
PAGO
:62M:D090527VEF000019820229,59
-}{5:{CHK:1143FB20924B}}{S:{COP:S}}${1:F21VZCRVECAAXXX5410610696}{4:{177:0404021720}{451:0}}{1:F01VZCRVECAAXXX5410610696}{2:09501717040402VZCRVECAAXXX40812675430404021720N}{3:{108:SCONNECT}}{4:
:20:MI090527
:25:1111111111
:28C:0628/241
:60M:D090527VEF000019820229,59
:61:090527D000000001000,00NTRF000037795077//180010
PAGO
:61:090527D000000000600,00NTRF000037411965//180010
PAGO
:61:090527D000000000182,22NTRF000037388670//180010
PAGO
:61:090527D000000001800,00NTRF000037242293//180010
PAGO
:61:090527D000000015726,16NTRF000036842549//180010
PAGO
:61:090527D000000000150,00NTRF000010054262//180010
PAGO
:61:090527D000000000335,00NTRF000009583478//180010
PAGO
:61:090527D000000000505,00NTRF000009580192//180010
PAGO
:61:090527D000000000500,00NTRF000009570071//180010
PAGO
:62M:D090527VEF000019841027,97
-}{5:{CHK:1143FB20924B}}{S:{COP:S}}${1:F21VZCRVECAAXXX5410610696}{4:{177:0404021720}{451:0}}{1:F01VZCRVECAAXXX5410610696}{2:09501717040402VZCRVECAAXXX40812675430404021720N}{3:{108:SCONNECT}}{4:
:20:MI090527
:25:1111111111
:28C:0628/242
:60M:D090527VEF000019841027,97
:61:090527D000000001290,00NTRF000009491607//180010
PAGO
:61:090527D000000000030,00NTRF000009234193//180010
PAGO
:61:090527D000000000450,66NTRF000008936199//180010
PAGO
:61:090527D000000000200,00NTRF000008814122//180010
PAGO
:61:090527D000000000500,00NTRF000008646776//180010
PAGO
:61:090527D000000008900,00NTRF000077940291//180010
PAGO
:61:090527D000000000700,00NTRF000077832092//180010
PAGO
:61:090527D000000000001,00NTRF000077636315//180010
PAGO
:61:090527D000000000400,00NTRF000077431935//180010
PAGO
:62M:D090527VEF000019853499,63
-}{5:{CHK:1143FB20924B}}{S:{COP:S}}${1:F21VZCRVECAAXXX5410610696}{4:{177:0404021720}{451:0}}{1:F01VZCRVECAAXXX5410610696}{2:09501717040402VZCRVECAAXXX40812675430404021720N}{3:{108:SCONNECT}}{4:
:20:MI090527
:25:1111111111
:28C:0628/243
:60M:D090527VEF000019853499,63
:61:090527D000000000062,66NTRF000076894308//180010
PAGO
:61:090527D000000000200,00NTRF000076714836//180010
PAGO
:61:090527D000000000485,00NTRF000076677712//180010
PAGO
:61:090527D000000000450,00NTRF000076668723//180010
PAGO
:61:090527D000000001537,02NTRF000076220655//180010
PAGO
:61:090527D000000000233,17NTRF000044071726//180010
PAGO
:61:090527D000000001000,00NTRF000043941466//180010
PAGO
:61:090527D000000000050,00NTRF000043898314//180010
PAGO
:61:090527D000000000350,00NTRF000043842929//180010
PAGO
:62M:D090527VEF000019857867,48
-}{5:{CHK:1143FB20924B}}{S:{COP:S}}${1:F21VZCRVECAAXXX5410610696}{4:{177:0404021720}{451:0}}{1:F01VZCRVECAAXXX5410610696}{2:09501717040402VZCRVECAAXXX40812675430404021720N}{3:{108:SCONNECT}}{4:
:20:MI090527
:25:1111111111
:28C:0628/244
:60M:D090527VEF000019857867,48
:61:090527D000000000500,00NTRF000043797978//180010
PAGO
:61:090527D000000000500,00NTRF000043666903//180010
PAGO
:61:090527D000000002000,00NTRF000042826526//180010
PAGO
:61:090527D000000000100,00NTRF000042627241//180010
PAGO
:61:090527D000000000100,00NTRF000042601241//180010
PAGO
:61:090527D000000000250,00NTRF000007008849//180010
PAGO
:61:090527D000000000600,00NTRF000005357131//180010
PAGO
:61:090527D000000000200,00NTRF000005140137//180010
PAGO
:61:090527D000000000032,00NTRF000005016553//180010
PAGO
:62M:D090527VEF000019862149,48
-}{5:{CHK:1143FB20924B}}{S:{COP:S}}${1:F21VZCRVECAAXXX5410610696}{4:{177:0404021720}{451:0}}{1:F01VZCRVECAAXXX5410610696}{2:09501717040402VZCRVECAAXXX40812675430404021720N}{3:{108:SCONNECT}}{4:
:20:MI090527
:25:1111111111
:28C:0628/245
:60M:D090527VEF000019862149,48
:61:090527D000000000035,00NTRF000004798159//180010
PAGO
:61:090527D000000000250,00NTRF000004725803//180010
PAGO
:61:090527D000000000250,00NTRF000004691408//180010
PAGO
:61:090527D000000001200,00NTRF000004185846//180010
PAGO
:61:090527D000000000200,00NTRF000003589273//180010
PAGO
:61:090527D000000003640,00NTRF000087659231//180010
PAGO
:61:090527D000000000300,00NTRF000087548594//180010
PAGO
:61:090527D000000000195,00NTRF000087498847//180010
PAGO
:61:090527D000000004500,00NTRF000087429365//180010
PAGO
:62M:D090527VEF000019872719,48
-}{5:{CHK:1143FB20924B}}{S:{COP:S}}${1:F21VZCRVECAAXXX5410610696}{4:{177:0404021720}{451:0}}{1:F01VZCRVECAAXXX5410610696}{2:09501717040402VZCRVECAAXXX40812675430404021720N}{3:{108:SCONNECT}}{4:
:20:MI090527
:25:1111111111
:28C:0628/246
:60M:D090527VEF000019872719,48
:61:090527D000000001310,00NTRF000087352283//180010
PAGO
:61:090527D000000000506,00NTRF000087336030//180010
PAGO
:61:090527D000000002200,00NTRF000087176362//180010
PAGO
:61:090527D000000000350,00NTRF000087145026//180010
PAGO
:61:090527D000000060000,00NTRF000087118094//180010
PAGO
:61:090527D000000000500,00NTRF000072649763//180010
PAGO
:61:090527D000000022617,84NTRF000072523427//180010
PAGO
:61:090527D000000000950,00NTRF000072462506//180010
PAGO
:61:090527D000000000100,00NTRF000072259562//180010
PAGO
:62M:D090527VEF000019961253,32
-}{5:{CHK:1143FB20924B}}{S:{COP:S}}${1:F21VZCRVECAAXXX5410610696}{4:{177:0404021720}{451:0}}{1:F01VZCRVECAAXXX5410610696}{2:09501717040402VZCRVECAAXXX40812675430404021720N}{3:{108:SCONNECT}}{4:
:20:MI090527
:25:1111111111
:28C:0628/247
:60M:D090527VEF000019961253,32
:61:090527D000000002000,00NTRF000072250323//180010
PAGO
:61:090527D000000002000,00NTRF000072059765//180010
PAGO
:61:090527D000000000500,00NTRF000071990062//180010
PAGO
:61:090527D000000000176,00NTRF000071964275//180010
PAGO
:61:090527D000000000850,00NTRF000071922376//180010
PAGO
:61:090527D000000000600,00NTRF000054688946//180010
PAGO
:61:090527D000000000100,00NTRF000054534447//180010
PAGO
:61:090527D000000000010,00NTRF000054092712//180010
PAGO
:61:090527D000000001500,00NTRF000054051774//180010
PAGO
:62M:D090527VEF000019968989,32
-}{5:{CHK:1143FB20924B}}{S:{COP:S}}${1:F21VZCRVECAAXXX5410610696}{4:{177:0404021720}{451:0}}{1:F01VZCRVECAAXXX5410610696}{2:09501717040402VZCRVECAAXXX40812675430404021720N}{3:{108:SCONNECT}}{4:
:20:MI090527
:25:1111111111
:28C:0628/248
:60M:D090527VEF000019968989,32
:61:090527D000000000098,60NTRF000053992735//180010
PAGO
:61:090527D000000000100,00NTRF000053896759//180010
PAGO
:61:090527D000000002500,00NTRF000053715152//180010
PAGO
:61:090527D000000000228,37NTRF000053652767//180010
PAGO
:61:090527D000000000200,00NTRF000053459399//180010
PAGO
:61:090527D000000000300,00NTRF000036920065//180010
PAGO
:61:090527D000000000654,00NTRF000036912125//180010
PAGO
:61:090527D000000006200,00NTRF000036838980//180010
PAGO
:61:090527D000000000300,00NTRF000036824756//180010
PAGO
:62M:D090527VEF000019979570,29
-}{5:{CHK:1143FB20924B}}{S:{COP:S}}${1:F21VZCRVECAAXXX5410610696}{4:{177:0404021720}{451:0}}{1:F01VZCRVECAAXXX5410610696}{2:09501717040402VZCRVECAAXXX40812675430404021720N}{3:{108:SCONNECT}}{4:
:20:MI090527
:25:1111111111
:28C:0628/249
:60M:D090527VEF000019979570,29
:61:090527D000000000500,00NTRF000036790352//180010
PAGO
:61:090527D000000000450,00NTRF000036744904//180010
PAGO
:61:090527D000000000925,00NTRF000036737060//180010
PAGO
:61:090527D000000000600,00NTRF000036518387//180010
PAGO
:61:090527D000000000370,00NTRF000036416733//180010
PAGO
:61:090527D000000000190,00NTRF000018470967//180010
PAGO
:61:090527D000000000220,00NTRF000018340568//180010
PAGO
:61:090527D000000001000,00NTRF000018150315//180010
PAGO
:61:090527D000000002400,00NTRF000017671449//180010
PAGO
:62M:D090527VEF000019986225,29
-}{5:{CHK:1143FB20924B}}{S:{COP:S}}${1:F21VZCRVECAAXXX5410610696}{4:{177:0404021720}{451:0}}{1:F01VZCRVECAAXXX5410610696}{2:09501717040402VZCRVECAAXXX40812675430404021720N}{3:{108:SCONNECT}}{4:
:20:MI090527
:25:1111111111
:28C:0628/250
:60M:D090527VEF000019986225,29
:61:090527D000000000800,00NTRF000017606231//180010
PAGO
:61:090527D000000000200,00NTRF000017507150//180010
PAGO
:61:090527D000000000306,00NTRF000017372268//180010
PAGO
:61:090527D000000000172,00NTRF000017187560//180010
PAGO
:61:090527D000000000045,00NTRF000017171219//180010
PAGO
:61:090527D000000003500,00NTRF000098869288//180010
PAGO
:61:090527D000000003000,00NTRF000098743614//180010
PAGO
:61:090527D000000003000,00NTRF000098720614//180010
PAGO
:61:090527D000000000313,75NTRF000098672752//180010
PAGO
:62M:D090527VEF000019997562,04
-}{5:{CHK:1143FB20924B}}{S:{COP:S}}${1:F21VZCRVECAAXXX5410610696}{4:{177:0404021720}{451:0}}{1:F01VZCRVECAAXXX5410610696}{2:09501717040402VZCRVECAAXXX40812675430404021720N}{3:{108:SCONNECT}}{4:
:20:MI090527
:25:1111111111
:28C:0628/251
:60M:D090527VEF000019997562,04
:61:090527D000000000200,00NTRF000098554156//180010
PAGO
:61:090527D000000001390,00NTRF000098427415//180010
PAGO
:61:090527D000000000549,00NTRF000098326370//180010
PAGO
:61:090527D000000000300,00NTRF000098308754//180010
PAGO
:61:090527D000000000200,00NTRF000098235236//180010
PAGO
:61:090527D000000001150,00NTRF000069401511//180010
PAGO
:61:090527D000000000050,00NTRF000069326139//180010
PAGO
:61:090527D000000000420,00NTRF000069024315//180010
PAGO
:61:090527D000000000300,00NTRF000068778403//180010
PAGO
:62M:D090527VEF000020002121,04
-}{5:{CHK:1143FB20924B}}{S:{COP:S}}${1:F21VZCRVECAAXXX5410610696}{4:{177:0404021720}{451:0}}{1:F01VZCRVECAAXXX5410610696}{2:09501717040402VZCRVECAAXXX40812675430404021720N}{3:{108:SCONNECT}}{4:
:20:MI090527
:25:1111111111
:28C:0628/252
:60M:D090527VEF000020002121,04
:61:090527D000000000850,00NTRF000068774262//180010
PAGO
:61:090527D000000000150,00NTRF000068206031//180010
PAGO
:61:090527D000000000406,99NTRF000068003114//180010
PAGO
:61:090527D000000002427,00NTRF000067864520//180010
PAGO
:61:090527D000000000239,10NTRF000067319940//180010
PAGO
:61:090527D000000000200,00NTRF000038203515//180010
PAGO
:61:090527D000000000100,00NTRF000038087620//180010
PAGO
:61:090527D000000000500,00NTRF000037846383//180010
PAGO
:61:090527D000000001000,00NTRF000037749802//180010
PAGO
:62M:D090527VEF000020007994,13
-}{5:{CHK:1143FB20924B}}{S:{COP:S}}${1:F21VZCRVECAAXXX5410610696}{4:{177:0404021720}{451:0}}{1:F01VZCRVECAAXXX5410610696}{2:09501717040402VZCRVECAAXXX40812675430404021720N}{3:{108:SCONNECT}}{4:
:20:MI090527
:25:1111111111
:28C:0628/253
:60M:D090527VEF000020007994,13
:61:090527D000000000090,00NTRF000037742322//180010
PAGO
:61:090527D000000001000,00NTRF000037728802//180010
PAGO
:61:090527D000000000200,00NTRF000037292608//180010
PAGO
:61:090527D000000002700,00NTRF000037103737//180010
PAGO
:61:090527D000000000490,00NTRF000036826127//180010
PAGO
:61:090527D000000001831,22NTRF000012795529//180010
PAGO
:61:090527D000000000550,00NTRF000012714650//180010
PAGO
:61:090527D000000000700,00NTRF000011802703//180010
PAGO
:61:090527D000000000500,00NTRF000011614334//180010
PAGO
:62M:D090527VEF000020016055,35
-}{5:{CHK:1143FB20924B}}{S:{COP:S}}${1:F21VZCRVECAAXXX5410610696}{4:{177:0404021720}{451:0}}{1:F01VZCRVECAAXXX5410610696}{2:09501717040402VZCRVECAAXXX40812675430404021720N}{3:{108:SCONNECT}}{4:
:20:MI090527
:25:1111111111
:28C:0628/254
:60M:D090527VEF000020016055,35
:61:090527D000000007872,74NTRF000011375601//180010
PAGO
:61:090527D000000000980,00NTRF000011141484//180010
PAGO
:61:090527D000000000150,00NTRF000011108866//180010
PAGO
:61:090527D000000000500,00NTRF000010872734//180010
PAGO
:61:090527D000000000076,93NTRF000010817494//180010
PAGO
:61:090527D000000008759,50NTRF000026050471//180010
PAGO
:61:090527D000000004498,50NTRF000026050470//180010
PAGO
:61:090527D000000001499,50NTRF000026050469//180010
PAGO
:61:090527D000000003999,50NTRF000026050468//180010
PAGO
:62M:D090527VEF000020044392,02
-}{5:{CHK:1143FB20924B}}{S:{COP:S}}${1:F21VZCRVECAAXXX5410610696}{4:{177:0404021720}{451:0}}{1:F01VZCRVECAAXXX5410610696}{2:09501717040402VZCRVECAAXXX40812675430404021720N}{3:{108:SCONNECT}}{4:
:20:MI090527
:25:1111111111
:28C:0628/255
:60M:D090527VEF000020044392,02
:61:090527D000000002999,50NTRF000026050467//180010
PAGO
:61:090527D000000002999,50NTRF000026050466//180010
PAGO
:61:090527D000000001499,50NTRF000026050465//180010
PAGO
:61:090527D000000000699,50NTRF000026050464//180010
PAGO
:61:090527D000000001898,00NTRF000026050463//180010
PAGO
:61:090527D000000109880,37NTRF000000086856//180010
PAGO
:61:090527D000000013062,84NTRF000000086855//180010
PAGO
:61:090527D000000035401,58NTRF000000086854//180010
PAGO
:61:090527D000000024130,80NTRF000000086852//180010
PAGO
:62M:D090527VEF000020236963,61
-}{5:{CHK:1143FB20924B}}{S:{COP:S}}${1:F21VZCRVECAAXXX5410610696}{4:{177:0404021720}{451:0}}{1:F01VZCRVECAAXXX5410610696}{2:09501717040402VZCRVECAAXXX40812675430404021720N}{3:{108:SCONNECT}}{4:
:20:MI090527
:25:1111111111
:28C:0628/256
:60M:D090527VEF000020236963,61
:61:090527D000000016977,42NTRF000000086851//180010
PAGO
:61:090527D000000173645,76NTRF000000086850//180010
PAGO
:61:090527D000000237006,00NTRF000000086849//180010
PAGO
:61:090527D000000093890,45NTRF000000086848//180010
PAGO
:61:090527D000000418070,87NTRF000000086847//180010
PAGO
:61:090527D000000000351,50NTRF000090000453//180010
PAGO
:61:090527D000000000212,90NTRF000090000452//180010
PAGO
:61:090527D000000000094,00NTRF000090000451//180010
PAGO
:61:090527D000000000200,70NTRF000090000450//180010
PAGO
:62M:D090527VEF000021177413,21
-}{5:{CHK:1143FB20924B}}{S:{COP:S}}${1:F21VZCRVECAAXXX5410610696}{4:{177:0404021720}{451:0}}{1:F01VZCRVECAAXXX5410610696}{2:09501717040402VZCRVECAAXXX40812675430404021720N}{3:{108:SCONNECT}}{4:
:20:MI090527
:25:1111111111
:28C:0628/257
:60M:D090527VEF000021177413,21
:61:090527D000000000259,40NTRF000090000449//180010
PAGO
:61:090527D000000000092,40NTRF000090000448//180010
PAGO
:61:090527D000000000499,50NTRF000090000447//180010
PAGO
:61:090527D000000000472,10NTRF000090000446//180010
PAGO
:61:090527D000000000262,40NTRF000090000445//180010
PAGO
:61:090527D000000000471,30NTRF000090000309//180010
PAGO
:61:090527D000000000092,30NTRF000090000308//180010
PAGO
:61:090527D000000000317,40NTRF000090000307//180010
PAGO
:61:090527D000000000166,80NTRF000090000306//180010
PAGO
:62M:D090527VEF000021180046,81
-}{5:{CHK:1143FB20924B}}{S:{COP:S}}${1:F21VZCRVECAAXXX5410610696}{4:{177:0404021720}{451:0}}{1:F01VZCRVECAAXXX5410610696}{2:09501717040402VZCRVECAAXXX40812675430404021720N}{3:{108:SCONNECT}}{4:
:20:MI090527
:25:1111111111
:28C:0628/258
:60M:D090527VEF000021180046,81
:61:090527D000000000072,80NTRF000090000305//180010
PAGO
:61:090527D000000000073,10NTRF000090000304//180010
PAGO
:61:090527D000000000170,70NTRF000090000303//180010
PAGO
:61:090527D000000000202,00NTRF000090000302//180010
PAGO
:61:090527D000000000082,10NTRF000090000301//180010
PAGO
:61:090527D000000000375,10NTRF000090000163//180010
PAGO
:61:090527D000000000227,60NTRF000090000162//180010
PAGO
:61:090527D000000000295,80NTRF000090000161//180010
PAGO
:61:090527D000000000200,60NTRF000090000160//180010
PAGO
:62M:D090527VEF000021181746,61
-}{5:{CHK:1143FB20924B}}{S:{COP:S}}${1:F21VZCRVECAAXXX5410610696}{4:{177:0404021720}{451:0}}{1:F01VZCRVECAAXXX5410610696}{2:09501717040402VZCRVECAAXXX40812675430404021720N}{3:{108:SCONNECT}}{4:
:20:MI090527
:25:1111111111
:28C:0628/259
:60M:D090527VEF000021181746,61
:61:090527D000000000168,84NTRF000090000159//180010
PAGO
:61:090527D000000003157,40NTRF000090000158//180010
PAGO
:61:090527D000000000452,20NTRF000090000157//180010
PAGO
:61:090527D000000000214,40NTRF000090000156//180010
PAGO
:61:090527D000000000247,70NTRF000090000145//180010
PAGO
:61:090527D000000000092,70NTRF000090000013//180010
PAGO
:61:090527D000000006112,80NTRF000090000012//180010
PAGO
:61:090527D000000000380,30NTRF000090000011//180010
PAGO
:61:090527D000000000997,80NTRF000090000010//180010
PAGO
:62M:D090527VEF000021193570,75
-}{5:{CHK:1143FB20924B}}{S:{COP:S}}${1:F21VZCRVECAAXXX5410610696}{4:{177:0404021720}{451:0}}{1:F01VZCRVECAAXXX5410610696}{2:09501717040402VZCRVECAAXXX40812675430404021720N}{3:{108:SCONNECT}}{4:
:20:MI090527
:25:1111111111
:28C:0628/260
:60M:D090527VEF000021193570,75
:61:090527D000000000060,70NTRF000090000009//180010
PAGO
:61:090527D000000000237,90NTRF000090000008//180010
PAGO
:61:090527D000000000472,20NTRF000090000007//180010
PAGO
:61:090527D000000000517,20NTRF000090000006//180010
PAGO
:61:090527D000000000254,90NTRF000090000005//180010
PAGO
:61:090527D000000208769,62NTRF000000023763//180010
PAGO
:61:090527D000000223190,42NTRF000000023761//180010
PAGO
:61:090527D000000182142,86NTRF000000005198//180010
PAGO
:61:090527D000000003874,47NTRF000000005197//180010
PAGO
:62M:D090527VEF000021813091,02
-}{5:{CHK:1143FB20924B}}{S:{COP:S}}${1:F21VZCRVECAAXXX5410610696}{4:{177:0404021720}{451:0}}{1:F01VZCRVECAAXXX5410610696}{2:09501717040402VZCRVECAAXXX40812675430404021720N}{3:{108:SCONNECT}}{4:
:20:MI090527
:25:1111111111
:28C:0628/261
:60M:D090527VEF000021813091,02
:61:090527D000000001863,15NTRF000000005196//180010
PAGO
:61:090527D000000000747,58NTRF000000005195//180010
PAGO
:61:090527D000000004987,50NTRF000000005194//180010
PAGO
:61:090527D000000008873,05NTRF000000005193//180010
PAGO
:61:090527D000000001180,90NTRF000000005192//180010
PAGO
:61:090527D000000005397,84NTRF000009792505//180010
PAGO
:61:090527D000000185152,80NTRF000009534600//180010
PAGO
:61:090527D000000043763,00NTRF000009517500//180010
PAGO
:61:090527D000000131289,00NTRF000009513400//180010
PAGO
:62M:D090527VEF000022196345,84
-}{5:{CHK:1143FB20924B}}{S:{COP:S}}${1:F21VZCRVECAAXXX5410610696}{4:{177:0404021720}{451:0}}{1:F01VZCRVECAAXXX5410610696}{2:09501717040402VZCRVECAAXXX40812675430404021720N}{3:{108:SCONNECT}}{4:
:20:MI090527
:25:1111111111
:28C:0628/262
:60M:D090527VEF000022196345,84
:61:090527D000000175052,00NTRF000009508700//180010
PAGO
:61:090527D000000009511,08NTRF000004000627//180010
PAGO
:61:090527D000000000500,40NTRF000004000626//180010
PAGO
:61:090527D000000014548,80NTRF000004000624//180010
PAGO
:61:090527D000000000784,00NTRF000004000623//180010
PAGO
:61:090527D000000001938,00NTRF000085741479//180010
PAGO
:61:090527D000000000150,00NTRF000085069168//180010
PAGO
:61:090527D000000000150,00NTRF000084906499//180010
PAGO
:61:090527D000000002400,00NTRF000083457544//180010
PAGO
:62M:D090527VEF000022401380,12
-}{5:{CHK:1143FB20924B}}{S:{COP:S}}${1:F21VZCRVECAAXXX5410610696}{4:{177:0404021720}{451:0}}{1:F01VZCRVECAAXXX5410610696}{2:09501717040402VZCRVECAAXXX40812675430404021720N}{3:{108:SCONNECT}}{4:
:20:MI090527
:25:1111111111
:28C:0628/263
:60M:D090527VEF000022401380,12
:61:090527D000000001100,00NTRF000081717143//180010
PAGO
:61:090527D000000000150,00NTRF000080349641//180010
PAGO
:61:090527D000000002000,00NTRF000076775876//180010
PAGO
:61:090527D000000045000,00NTRF000076209723//180010
PAGO
:61:090527D000000004000,00NTRF000076113210//180010
PAGO
:61:090527D000000000350,00NTRF000026623059//180010
PAGO
:61:090527D000000000090,00NTRF000024379741//180010
PAGO
:61:090527D000000000090,00NTRF000024365650//180010
PAGO
:61:090527D000000000300,00NTRF000024190698//180010
PAGO
:62M:D090527VEF000022454460,12
-}{5:{CHK:1143FB20924B}}{S:{COP:S}}${1:F21VZCRVECAAXXX5410610696}{4:{177:0404021720}{451:0}}{1:F01VZCRVECAAXXX5410610696}{2:09501717040402VZCRVECAAXXX40812675430404021720N}{3:{108:SCONNECT}}{4:
:20:MI090527
:25:1111111111
:28C:0628/264
:60M:D090527VEF000022454460,12
:61:090527D000000000100,00NTRF000023940374//180010
PAGO
:61:090527D000000000350,00NTRF000020265109//180010
PAGO
:61:090527D000000000145,00NTRF000018896972//180010
PAGO
:61:090527D000000001000,00NTRF000018697605//180010
PAGO
:61:090527D000000000050,00NTRF000017907551//180010
PAGO
:61:090527D000000000600,00NTRF000088176391//180010
PAGO
:61:090527D000000000550,00NTRF000087995782//180010
PAGO
:61:090527D000000000539,00NTRF000087954673//180010
PAGO
:61:090527D000000008520,00NTRF000087936569//180010
PAGO
:62M:D090527VEF000022466314,12
-}{5:{CHK:1143FB20924B}}{S:{COP:S}}${1:F21VZCRVECAAXXX5410610696}{4:{177:0404021720}{451:0}}{1:F01VZCRVECAAXXX5410610696}{2:09501717040402VZCRVECAAXXX40812675430404021720N}{3:{108:SCONNECT}}{4:
:20:MI090527
:25:1111111111
:28C:0628/265
:60M:D090527VEF000022466314,12
:61:090527D000000000057,92NTRF000087914023//180010
PAGO
:61:090527D000000003000,00NTRF000087773821//180010
PAGO
:61:090527D000000000750,00NTRF000087748469//180010
PAGO
:61:090527D000000000600,00NTRF000087741230//180010
PAGO
:61:090527D000000000650,00NTRF000087580020//180010
PAGO
:61:090527D000000000400,00NTRF000061883924//180010
PAGO
:61:090527D000000000400,00NTRF000061730046//180010
PAGO
:61:090527D000000000060,00NTRF000061605930//180010
PAGO
:61:090527D000000003057,00NTRF000061481938//180010
PAGO
:62M:D090527VEF000022475289,04
-}{5:{CHK:1143FB20924B}}{S:{COP:S}}${1:F21VZCRVECAAXXX5410610696}{4:{177:0404021720}{451:0}}{1:F01VZCRVECAAXXX5410610696}{2:09501717040402VZCRVECAAXXX40812675430404021720N}{3:{108:SCONNECT}}{4:
:20:MI090527
:25:1111111111
:28C:0628/266
:60M:D090527VEF000022475289,04
:61:090527D000000005000,00NTRF000061447672//180010
PAGO
:61:090527D000000000500,00NTRF000061191691//180010
PAGO
:61:090527D000000000800,00NTRF000061143896//180010
PAGO
:61:090527D000000000473,35NTRF000060805936//180010
PAGO
:61:090527D000000001500,00NTRF000060007883//180010
PAGO
:61:090527D000000000220,00NTRF000036656862//180010
PAGO
:61:090527D000000000071,00NTRF000036651835//180010
PAGO
:61:090527D000000001410,00NTRF000036332630//180010
PAGO
:61:090527D000000001750,00NTRF000036132584//180010
PAGO
:62M:D090527VEF000022487013,39
-}{5:{CHK:1143FB20924B}}{S:{COP:S}}${1:F21VZCRVECAAXXX5410610696}{4:{177:0404021720}{451:0}}{1:F01VZCRVECAAXXX5410610696}{2:09501717040402VZCRVECAAXXX40812675430404021720N}{3:{108:SCONNECT}}{4:
:20:MI090527
:25:1111111111
:28C:0628/267
:60M:D090527VEF000022487013,39
:61:090527D000000001500,00NTRF000035973854//180010
PAGO
:61:090527D000000000400,00NTRF000035856800//180010
PAGO
:61:090527D000000000599,00NTRF000035771084//180010
PAGO
:61:090527D000000000336,00NTRF000035115521//180010
PAGO
:61:090527D000000001155,00NTRF000035100846//180010
PAGO
:61:090527D000000000300,00NTRF000007626498//180010
PAGO
:61:090527D000000000913,50NTRF000007624421//180010
PAGO
:61:090527D000000000239,62NTRF000007529847//180010
PAGO
:61:090527D000000000300,00NTRF000007453433//180010
PAGO
:62M:D090527VEF000022492756,51
-}{5:{CHK:1143FB20924B}}{S:{COP:S}}${1:F21VZCRVECAAXXX5410610696}{4:{177:0404021720}{451:0}}{1:F01VZCRVECAAXXX5410610696}{2:09501717040402VZCRVECAAXXX40812675430404021720N}{3:{108:SCONNECT}}{4:
:20:MI090527
:25:1111111111
:28C:0628/268
:60M:D090527VEF000022492756,51
:61:090527D000000000450,00NTRF000007432558//180010
PAGO
:61:090527D000000000239,62NTRF000007403035//180010
PAGO
:61:090527D000000000310,00NTRF000007110645//180010
PAGO
:61:090527D000000000461,00NTRF000006972771//180010
PAGO
:61:090527D000000000964,35NTRF000006863298//180010
PAGO
:61:090527D000000000400,00NTRF000075968282//180010
PAGO
:61:090527D000000000150,00NTRF000075052615//180010
PAGO
:61:090527D000000000040,00NTRF000074897014//180010
PAGO
:61:090527D000000003700,00NTRF000074771916//180010
PAGO
:62M:D090527VEF000022499471,48
-}{5:{CHK:1143FB20924B}}{S:{COP:S}}${1:F21VZCRVECAAXXX5410610696}{4:{177:0404021720}{451:0}}{1:F01VZCRVECAAXXX5410610696}{2:09501717040402VZCRVECAAXXX40812675430404021720N}{3:{108:SCONNECT}}{4:
:20:MI090527
:25:1111111111
:28C:0628/269
:60M:D090527VEF000022499471,48
:61:090527D000000000800,00NTRF000074428693//180010
PAGO
:61:090527D000000000950,00NTRF000074408049//180010
PAGO
:61:090527D000000000152,00NTRF000074026134//180010
PAGO
:61:090527D000000000160,00NTRF000073700024//180010
PAGO
:61:090527D000000000500,00NTRF000073339915//180010
PAGO
:61:090527D000000000839,38NTRF000042454970//180010
PAGO
:61:090527D000000001000,00NTRF000042185957//180010
PAGO
:61:090527D000000000100,00NTRF000041716596//180010
PAGO
:61:090527D000000000100,00NTRF000041611596//180010
PAGO
:62M:D090527VEF000022504072,86
-}{5:{CHK:1143FB20924B}}{S:{COP:S}}${1:F21VZCRVECAAXXX5410610696}{4:{177:0404021720}{451:0}}{1:F01VZCRVECAAXXX5410610696}{2:09501717040402VZCRVECAAXXX40812675430404021720N}{3:{108:SCONNECT}}{4:
:20:MI090527
:25:1111111111
:28C:0628/270
:60M:D090527VEF000022504072,86
:61:090527D000000000100,00NTRF000041548184//180010
PAGO
:61:090527D000000007522,00NTRF000041313533//180010
PAGO
:61:090527D000000000200,00NTRF000041273026//180010
PAGO
:61:090527D000000001000,00NTRF000040813511//180010
PAGO
:61:090527D000000000200,00NTRF000040564734//180010
PAGO
:61:090527D000000001000,00NTRF000003502090//180010
PAGO
:61:090527D000000000150,00NTRF000003209151//180010
PAGO
:61:090527D000000000300,00NTRF000002918432//180010
PAGO
:61:090527D000000002200,00NTRF000001959558//180010
PAGO
:62M:D090527VEF000022516744,86
-}{5:{CHK:1143FB20924B}}{S:{COP:S}}${1:F21VZCRVECAAXXX5410610696}{4:{177:0404021720}{451:0}}{1:F01VZCRVECAAXXX5410610696}{2:09501717040402VZCRVECAAXXX40812675430404021720N}{3:{108:SCONNECT}}{4:
:20:MI090527
:25:1111111111
:28C:0628/271
:60M:D090527VEF000022516744,86
:61:090527D000000000070,00NTRF000001881322//180010
PAGO
:61:090527D000000000126,39NTRF000001534524//180010
PAGO
:61:090527D000000000300,00NTRF000001444939//180010
PAGO
:61:090527D000000007450,00NTRF000000767779//180010
PAGO
:61:090527D000000015000,00NTRF000000223215//180010
PAGO
:61:090527D000000000360,00NTRF000087070613//180010
PAGO
:61:090527D000000001005,02NTRF000087024107//180010
PAGO
:61:090527D000000000700,00NTRF000087002669//180010
PAGO
:61:090527D000000002800,00NTRF000086929953//180010
PAGO
:62M:D090527VEF000022544556,27
-}{5:{CHK:1143FB20924B}}{S:{COP:S}}${1:F21VZCRVECAAXXX5410610696}{4:{177:0404021720}{451:0}}{1:F01VZCRVECAAXXX5410610696}{2:09501717040402VZCRVECAAXXX40812675430404021720N}{3:{108:SCONNECT}}{4:
:20:MI090527
:25:1111111111
:28C:0628/272
:60M:D090527VEF000022544556,27
:61:090527D000000001500,00NTRF000086913213//180010
PAGO
:61:090527D000000000600,00NTRF000086765100//180010
PAGO
:61:090527D000000001000,00NTRF000086682159//180010
PAGO
:61:090527D000000000030,00NTRF000086672911//180010
PAGO
:61:090527D000000000100,00NTRF000086609164//180010
PAGO
:61:090527D000000000200,00NTRF000071620919//180010
PAGO
:61:090527D000000001000,00NTRF000071619260//180010
PAGO
:61:090527D000000001002,66NTRF000071517704//180010
PAGO
:61:090527D000000014000,00NTRF000071414946//180010
PAGO
:62M:D090527VEF000022563988,93
-}{5:{CHK:1143FB20924B}}{S:{COP:S}}${1:F21VZCRVECAAXXX5410610696}{4:{177:0404021720}{451:0}}{1:F01VZCRVECAAXXX5410610696}{2:09501717040402VZCRVECAAXXX40812675430404021720N}{3:{108:SCONNECT}}{4:
:20:MI090527
:25:1111111111
:28C:0628/273
:60M:D090527VEF000022563988,93
:61:090527D000000001754,94NTRF000071412024//180010
PAGO
:61:090527D000000000500,00NTRF000071387684//180010
PAGO
:61:090527D000000001000,00NTRF000071356541//180010
PAGO
:61:090527D000000000500,00NTRF000070933961//180010
PAGO
:61:090527D000000000086,00NTRF000070872738//180010
PAGO
:61:090527D000000002520,00NTRF000053439313//180010
PAGO
:61:090527D000000002104,00NTRF000053378566//180010
PAGO
:61:090527D000000000480,00NTRF000053156783//180010
PAGO
:61:090527D000000010200,00NTRF000053117236//180010
PAGO
:62M:D090527VEF000022583133,87
-}{5:{CHK:1143FB20924B}}{S:{COP:S}}${1:F21VZCRVECAAXXX5410610696}{4:{177:0404021720}{451:0}}{1:F01VZCRVECAAXXX5410610696}{2:09501717040402VZCRVECAAXXX40812675430404021720N}{3:{108:SCONNECT}}{4:
:20:MI090527
:25:1111111111
:28C:0628/274
:60M:D090527VEF000022583133,87
:61:090527D000000000400,00NTRF000053116288//180010
PAGO
:61:090527D000000000420,00NTRF000053010990//180010
PAGO
:61:090527D000000001550,00NTRF000052971921//180010
PAGO
:61:090527D000000000500,00NTRF000052846057//180010
PAGO
:61:090527D000000000227,56NTRF000052623077//180010
PAGO
:61:090527D000000000330,00NTRF000036374403//180010
PAGO
:61:090527D000000000576,00NTRF000036157169//180010
PAGO
:61:090527D000000000300,00NTRF000035904549//180010
PAGO
:61:090527D000000000007,80NTRF000035890555//180010
PAGO
:62M:D090527VEF000022587445,23
-}{5:{CHK:1143FB20924B}}{S:{COP:S}}${1:F21VZCRVECAAXXX5410610696}{4:{177:0404021720}{451:0}}{1:F01VZCRVECAAXXX5410610696}{2:09501717040402VZCRVECAAXXX40812675430404021720N}{3:{108:SCONNECT}}{4:
:20:MI090527
:25:1111111111
:28C:0628/275
:60M:D090527VEF000022587445,23
:61:090527D000000001350,00NTRF000035885177//180010
PAGO
:61:090527D000000000255,00NTRF000035883859//180010
PAGO
:61:090527D000000001430,00NTRF000035525224//180010
PAGO
:61:090527D000000004000,00NTRF000035520420//180010
PAGO
:61:090527D000000003103,00NTRF000035400455//180010
PAGO
:61:090527D000000000070,00NTRF000017135065//180010
PAGO
:61:090527D000000000400,00NTRF000017070941//180010
PAGO
:61:090527D000000000176,45NTRF000017048858//180010
PAGO
:61:090527D000000000300,00NTRF000016951652//180010
PAGO
:62M:D090527VEF000022598529,68
-}{5:{CHK:1143FB20924B}}{S:{COP:S}}${1:F21VZCRVECAAXXX5410610696}{4:{177:0404021720}{451:0}}{1:F01VZCRVECAAXXX5410610696}{2:09501717040402VZCRVECAAXXX40812675430404021720N}{3:{108:SCONNECT}}{4:
:20:MI090527
:25:1111111111
:28C:0628/276
:60M:D090527VEF000022598529,68
:61:090527D000000003032,58NTRF000016909509//180010
PAGO
:61:090527D000000006600,00NTRF000016586085//180010
PAGO
:61:090527D000000008887,50NTRF000016513035//180010
PAGO
:61:090527D000000000680,00NTRF000016405153//180010
PAGO
:61:090527D000000003000,00NTRF000016312435//180010
PAGO
:61:090527D000000000100,00NTRF000097802030//180010
PAGO
:61:090527D000000000100,00NTRF000097767030//180010
PAGO
:61:090527D000000000272,00NTRF000097236544//180010
PAGO
:61:090527D000000000400,00NTRF000097200842//180010
PAGO
:62M:D090527VEF000022621601,76
-}{5:{CHK:1143FB20924B}}{S:{COP:S}}${1:F21VZCRVECAAXXX5410610696}{4:{177:0404021720}{451:0}}{1:F01VZCRVECAAXXX5410610696}{2:09501717040402VZCRVECAAXXX40812675430404021720N}{3:{108:SCONNECT}}{4:
:20:MI090527
:25:1111111111
:28C:0628/277
:60M:D090527VEF000022621601,76
:61:090527D000000000400,00NTRF000097087418//180010
PAGO
:61:090527D000000000511,00NTRF000096974958//180010
PAGO
:61:090527D000000000670,00NTRF000096109490//180010
PAGO
:61:090527D000000000150,00NTRF000095978868//180010
PAGO
:61:090527D000000000140,00NTRF000095949624//180010
PAGO
:61:090527D000000000550,00NTRF000067188412//180010
PAGO
:61:090527D000000000352,00NTRF000067153648//180010
PAGO
:61:090527D000000000022,00NTRF000067037678//180010
PAGO
:61:090527D000000000053,94NTRF000066867695//180010
PAGO
:62M:D090527VEF000022624450,70
-}{5:{CHK:1143FB20924B}}{S:{COP:S}}${1:F21VZCRVECAAXXX5410610696}{4:{177:0404021720}{451:0}}{1:F01VZCRVECAAXXX5410610696}{2:09501717040402VZCRVECAAXXX40812675430404021720N}{3:{108:SCONNECT}}{4:
:20:MI090527
:25:1111111111
:28C:0628/278
:60M:D090527VEF000022624450,70
:61:090527D000000000500,00NTRF000066718077//180010
PAGO
:61:090527D000000000700,00NTRF000066046047//180010
PAGO
:61:090527D000000002000,00NTRF000065739707//180010
PAGO
:61:090527D000000000090,00NTRF000065543529//180010
PAGO
:61:090527D000000000095,00NTRF000065212441//180010
PAGO
:61:090527D000000000794,00NTRF000036646913//180010
PAGO
:61:090527D000000000500,00NTRF000036566388//180010
PAGO
:61:090527D000000000400,00NTRF000036268943//180010
PAGO
:61:090527D000000000500,00NTRF000036150211//180010
PAGO
:62M:D090527VEF000022630029,70
-}{5:{CHK:1143FB20924B}}{S:{COP:S}}${1:F21VZCRVECAAXXX5410610696}{4:{177:0404021720}{451:0}}{1:F01VZCRVECAAXXX5410610696}{2:09501717040402VZCRVECAAXXX40812675430404021720N}{3:{108:SCONNECT}}{4:
:20:MI090527
:25:1111111111
:28C:0628/279
:60M:D090527VEF000022630029,70
:61:090527D000000001446,00NTRF000036141855//180010
PAGO
:61:090527D000000001755,71NTRF000036140828//180010
PAGO
:61:090527D000000000100,00NTRF000036133510//180010
PAGO
:61:090527D000000000300,00NTRF000036031144//180010
PAGO
:61:090527D000000001250,00NTRF000035755896//180010
PAGO
:61:090527D000000000190,00NTRF000010757874//180010
PAGO
:61:090527D000000000250,00NTRF000010731327//180010
PAGO
:61:090527D000000001040,43NTRF000010554582//180010
PAGO
:61:090527D000000000614,00NTRF000010312856//180010
PAGO
:62M:D090527VEF000022636975,84
-}{5:{CHK:1143FB20924B}}{S:{COP:S}}${1:F21VZCRVECAAXXX5410610696}{4:{177:0404021720}{451:0}}{1:F01VZCRVECAAXXX5410610696}{2:09501717040402VZCRVECAAXXX40812675430404021720N}{3:{108:SCONNECT}}{4:
:20:MI090527
:25:1111111111
:28C:0628/280
:60M:D090527VEF000022636975,84
:61:090527D000000000060,00NTRF000009961737//180010
PAGO
:61:090527D000000000496,00NTRF000009698399//180010
PAGO
:61:090527D000000000400,00NTRF000009518126//180010
PAGO
:61:090527D000000000400,00NTRF000009390126//180010
PAGO
:61:090527D000000000500,00NTRF000009130289//180010
PAGO
:61:090527D000000000999,50NTRF000026050462//180010
PAGO
:61:090527D000000001499,50NTRF000026050461//180010
PAGO
:61:090527D000000000399,50NTRF000026050460//180010
PAGO
:61:090527D000000000948,50NTRF000026050459//180010
PAGO
:62M:D090527VEF000022642678,84
-}{5:{CHK:1143FB20924B}}{S:{COP:S}}${1:F21VZCRVECAAXXX5410610696}{4:{177:0404021720}{451:0}}{1:F01VZCRVECAAXXX5410610696}{2:09501717040402VZCRVECAAXXX40812675430404021720N}{3:{108:SCONNECT}}{4:
:20:MI090527
:25:1111111111
:28C:0628/281
:60M:D090527VEF000022642678,84
:61:090527D000000001051,50NTRF000026050458//180010
PAGO
:61:090527D000000001999,50NTRF000026050457//180010
PAGO
:61:090527D000000001745,50NTRF000026050456//180010
PAGO
:61:090527D000000000499,50NTRF000026050455//180010
PAGO
:61:090527D000000001999,50NTRF000026050454//180010
PAGO
:61:090527D000000092786,40NTRF000000086846//180010
PAGO
:61:090527D000000553881,37NTRF000000086845//180010
PAGO
:61:090527D000000046513,56NTRF000000086844//180010
PAGO
:61:090527D000000007107,00NTRF000000086843//180010
PAGO
:62M:D090527VEF000023350262,67
-}{5:{CHK:1143FB20924B}}{S:{COP:S}}${1:F21VZCRVECAAXXX5410610696}{4:{177:0404021720}{451:0}}{1:F01VZCRVECAAXXX5410610696}{2:09501717040402VZCRVECAAXXX40812675430404021720N}{3:{108:SCONNECT}}{4:
:20:MI090527
:25:1111111111
:28C:0628/282
:60M:D090527VEF000023350262,67
:61:090527D000000015158,18NTRF000000086842//180010
PAGO
:61:090527D000000245371,46NTRF000000086841//180010
PAGO
:61:090527D000000164661,18NTRF000000086840//180010
PAGO
:61:090527D000000042250,73NTRF000000086839//180010
PAGO
:61:090527D000001492597,30NTRF000000086838//180010
PAGO
:61:090527D000004100000,00NTRF000040139558//180010
PAGO
:61:090527D000000003990,00NTRF000090383226//180010
PAGO
:61:090527D000000000081,58NTRF000090383223//180010
PAGO
:61:090527D000000004944,09NTRF000090383222//180010
PAGO
:62M:D090527VEF000029419317,19
-}{5:{CHK:1143FB20924B}}{S:{COP:S}}${1:F21VZCRVECAAXXX5410610696}{4:{177:0404021720}{451:0}}{1:F01VZCRVECAAXXX5410610696}{2:09501717040402VZCRVECAAXXX40812675430404021720N}{3:{108:SCONNECT}}{4:
:20:MI090527
:25:1111111111
:28C:0628/283
:60M:D090527VEF000029419317,19
:61:090527D000000024634,47NTRF000090383221//180010
PAGO
:61:090527D000000000464,60NTRF000090383220//180010
PAGO
:61:090527D000000000660,90NTRF000090000444//180010
PAGO
:61:090527D000000000242,90NTRF000090000443//180010
PAGO
:61:090527D000000000157,10NTRF000090000442//180010
PAGO
:61:090527D000000000600,70NTRF000090000441//180010
PAGO
:61:090527D000000000487,80NTRF000090000440//180010
PAGO
:61:090527D000000000807,80NTRF000090000439//180010
PAGO
:61:090527D000000000553,80NTRF000090000438//180010
PAGO
:62M:D090527VEF000029447927,26
-}{5:{CHK:1143FB20924B}}{S:{COP:S}}${1:F21VZCRVECAAXXX5410610696}{4:{177:0404021720}{451:0}}{1:F01VZCRVECAAXXX5410610696}{2:09501717040402VZCRVECAAXXX40812675430404021720N}{3:{108:SCONNECT}}{4:
:20:MI090527
:25:1111111111
:28C:0628/284
:60M:D090527VEF000029447927,26
:61:090527D000000000151,00NTRF000090000437//180010
PAGO
:61:090527D000000000332,50NTRF000090000436//180010
PAGO
:61:090527D000000000333,34NTRF000090000300//180010
PAGO
:61:090527D000000000110,50NTRF000090000299//180010
PAGO
:61:090527D000000000174,70NTRF000090000298//180010
PAGO
:61:090527D000000000059,36NTRF000090000297//180010
PAGO
:61:090527D000000000215,50NTRF000090000296//180010
PAGO
:61:090527D000000000240,90NTRF000090000295//180010
PAGO
:61:090527D000000000076,70NTRF000090000294//180010
PAGO
:62M:D090527VEF000029449621,76
-}{5:{CHK:1143FB20924B}}{S:{COP:S}}${1:F21VZCRVECAAXXX5410610696}{4:{177:0404021720}{451:0}}{1:F01VZCRVECAAXXX5410610696}{2:09501717040402VZCRVECAAXXX40812675430404021720N}{3:{108:SCONNECT}}{4:
:20:MI090527
:25:1111111111
:28C:0628/285
:60M:D090527VEF000029449621,76
:61:090527D000000000059,22NTRF000090000293//180010
PAGO
:61:090527D000000000232,30NTRF000090000292//180010
PAGO
:61:090527D000000000770,10NTRF000090000155//180010
PAGO
:61:090527D000000000613,50NTRF000090000153//180010
PAGO
:61:090527D000000000197,40NTRF000090000152//180010
PAGO
:61:090527D000000000306,50NTRF000090000151//180010
PAGO
:61:090527D000000000157,10NTRF000090000150//180010
PAGO
:61:090527D000000000204,40NTRF000090000149//180010
PAGO
:61:090527D000000000812,10NTRF000090000148//180010
PAGO
:62M:D090527VEF000029452974,38
-}{5:{CHK:1143FB20924B}}{S:{COP:S}}${1:F21VZCRVECAAXXX5410610696}{4:{177:0404021720}{451:0}}{1:F01VZCRVECAAXXX5410610696}{2:09501717040402VZCRVECAAXXX40812675430404021720N}{3:{108:SCONNECT}}{4:
:20:MI090527
:25:1111111111
:28C:0628/286
:60M:D090527VEF000029452974,38
:61:090527D000000000324,30NTRF000090000147//180010
PAGO
:61:090527D000000000381,10NTRF000090000146//180010
PAGO
:61:090527D000000000393,80NTRF000090000004//180010
PAGO
:61:090527D000000000888,80NTRF000090000003//180010
PAGO
:61:090527D000000000597,40NTRF000090000002//180010
PAGO
:61:090527D000000000607,60NTRF000090000001//180010
PAGO
:61:090527D000000000096,67NTRF000041001545//180010
PAGO
:61:090527D000000001600,00NTRF000041001544//180010
PAGO
:61:090527D000000001000,00NTRF000041001543//180010
PAGO
:62M:D090527VEF000029458864,05
-}{5:{CHK:1143FB20924B}}{S:{COP:S}}${1:F21VZCRVECAAXXX5410610696}{4:{177:0404021720}{451:0}}{1:F01VZCRVECAAXXX5410610696}{2:09501717040402VZCRVECAAXXX40812675430404021720N}{3:{108:SCONNECT}}{4:
:20:MI090527
:25:1111111111
:28C:0628/287
:60M:D090527VEF000029458864,05
:61:090527D000000001500,00NTRF000041001542//180010
PAGO
:61:090527D000000040300,05NTRF000000005191//180010
PAGO
:61:090527D000000120000,00NTRF000000005190//180010
PAGO
:61:090527D000000011093,60NTRF000000005189//180010
PAGO
:61:090527D000000006852,04NTRF000000005188//180010
PAGO
:61:090527D000000017100,00NTRF000000005187//180010
PAGO
:61:090527D000000008820,00NTRF000000005186//180010
PAGO
:61:090527D000000080000,00NTRF000000005184//180010
PAGO
:61:090527D000000008422,40NTRF000000005183//180010
PAGO
:62M:D090527VEF000029752952,14
-}{5:{CHK:1143FB20924B}}{S:{COP:S}}${1:F21VZCRVECAAXXX5410610696}{4:{177:0404021720}{451:0}}{1:F01VZCRVECAAXXX5410610696}{2:09501717040402VZCRVECAAXXX40812675430404021720N}{3:{108:SCONNECT}}{4:
:20:MI090527
:25:1111111111
:28C:0628/288
:60M:D090527VEF000029752952,14
:61:090527D000000080302,83NTRF000000004632//180010
PAGO
:61:090527D000000000425,60NTRF000004000622//180010
PAGO
:61:090527D000000005073,60NTRF000004000621//180010
PAGO
:61:090527D000000009408,00NTRF000004000620//180010
PAGO
:61:090527D000000001455,70NTRF000004000619//180010
PAGO
:61:090527D000000021716,78NTRF000004000618//180010
PAGO
:61:090527D000000001530,00NTRF000004000617//180010
PAGO
:61:090527D000000003290,00NTRF000004000615//180010
PAGO
:61:090527D000000014954,71NTRF000004000613//180010
PAGO
:62M:D090527VEF000029891109,36
-}{5:{CHK:1143FB20924B}}{S:{COP:S}}${1:F21VZCRVECAAXXX5410610696}{4:{177:0404021720}{451:0}}{1:F01VZCRVECAAXXX5410610696}{2:09501717040402VZCRVECAAXXX40812675430404021720N}{3:{108:SCONNECT}}{4:
:20:MI090527
:25:1111111111
:28C:0628/289
:60M:D090527VEF000029891109,36
:61:090527D000000091802,92NTRF000002882505//180010
PAGO
:61:090527D000000006000,00NTRF000075233751//180010
PAGO
:61:090527D000000001000,00NTRF000075179752//180010
PAGO
:61:090527D000000000650,00NTRF000072470736//180010
PAGO
:61:090527D000000001700,00NTRF000071358616//180010
PAGO
:61:090527D000000014600,00NTRF000068953858//180010
PAGO
:61:090527D000000005000,00NTRF000068779287//180010
PAGO
:61:090527D000000000800,00NTRF000067990805//180010
PAGO
:61:090527D000000001500,00NTRF000067410264//180010
PAGO
:62M:D090527VEF000030014162,28
-}{5:{CHK:1143FB20924B}}{S:{COP:S}}${1:F21VZCRVECAAXXX5410610696}{4:{177:0404021720}{451:0}}{1:F01VZCRVECAAXXX5410610696}{2:09501717040402VZCRVECAAXXX40812675430404021720N}{3:{108:SCONNECT}}{4:
:20:MI090527
:25:1111111111
:28C:0628/290
:60M:D090527VEF000030014162,28
:61:090527D000000000720,00NTRF000065789425//180010
PAGO
:61:090527D000000000645,00NTRF000014926400//180010
PAGO
:61:090527D000000007498,66NTRF000014589181//180010
PAGO
:61:090527D000000000263,27NTRF000012527459//180010
PAGO
:61:090527D000000004358,00NTRF000011793428//180010
PAGO
:61:090527D000000002163,00NTRF000011335339//180010
PAGO
:61:090527D000000000500,00NTRF000008966673//180010
PAGO
:61:090527D000000001000,00NTRF000008607203//180010
PAGO
:61:090527D000000000508,40NTRF000004139965//180010
PAGO
:62M:D090527VEF000030031818,61
-}{5:{CHK:1143FB20924B}}{S:{COP:S}}${1:F21VZCRVECAAXXX5410610696}{4:{177:0404021720}{451:0}}{1:F01VZCRVECAAXXX5410610696}{2:09501717040402VZCRVECAAXXX40812675430404021720N}{3:{108:SCONNECT}}{4:
:20:MI090527
:25:1111111111
:28C:0628/291
:60M:D090527VEF000030031818,61
:61:090527D000000000567,00NTRF000003241075//180010
PAGO
:61:090527D000000000050,00NTRF000087489459//180010
PAGO
:61:090527D000000000550,00NTRF000086943310//180010
PAGO
:61:090527D000000010000,00NTRF000086787717//180010
PAGO
:61:090527D000000000250,00NTRF000086764014//180010
PAGO
:61:090527D000000000750,00NTRF000086420707//180010
PAGO
:61:090527D000000003160,00NTRF000086303219//180010
PAGO
:61:090527D000000004000,00NTRF000086033001//180010
PAGO
:61:090527D000000000200,00NTRF000085909742//180010
PAGO
:62M:D090527VEF000030051345,61
-}{5:{CHK:1143FB20924B}}{S:{COP:S}}${1:F21VZCRVECAAXXX5410610696}{4:{177:0404021720}{451:0}}{1:F01VZCRVECAAXXX5410610696}{2:09501717040402VZCRVECAAXXX40812675430404021720N}{3:{108:SCONNECT}}{4:
:20:MI090527
:25:1111111111
:28C:0628/292
:60M:D090527VEF000030051345,61
:61:090527D000000000700,00NTRF000085904831//180010
PAGO
:61:090527D000000006300,00NTRF000059747958//180010
PAGO
:61:090527D000000000950,00NTRF000059619003//180010
PAGO
:61:090527D000000004200,00NTRF000059556867//180010
PAGO
:61:090527D000000001350,00NTRF000059544838//180010
PAGO
:61:090527D000000000960,00NTRF000059277538//180010
PAGO
:61:090527D000000000550,00NTRF000059214939//180010
PAGO
:61:090527D000000001150,00NTRF000059107800//180010
PAGO
:61:090527D000000000100,00NTRF000058928794//180010
PAGO
:62M:D090527VEF000030067605,61
-}{5:{CHK:1143FB20924B}}{S:{COP:S}}${1:F21VZCRVECAAXXX5410610696}{4:{177:0404021720}{451:0}}{1:F01VZCRVECAAXXX5410610696}{2:09501717040402VZCRVECAAXXX40812675430404021720N}{3:{108:SCONNECT}}{4:
:20:MI090527
:25:1111111111
:28C:0628/293
:60M:D090527VEF000030067605,61
:61:090527D000000000150,00NTRF000058868952//180010
PAGO
:61:090527D000000001000,00NTRF000035091288//180010
PAGO
:61:090527D000000000350,00NTRF000034656143//180010
PAGO
:61:090527D000000006000,00NTRF000034125851//180010
PAGO
:61:090527D000000000680,64NTRF000034059405//180010
PAGO
:61:090527D000000000260,00NTRF000033863575//180010
PAGO
:61:090527D000000001400,00NTRF000033683316//180010
PAGO
:61:090527D000000000400,00NTRF000033312745//180010
PAGO
:61:090527D000000001000,00NTRF000033307329//180010
PAGO
:62M:D090527VEF000030078846,25
-}{5:{CHK:1143FB20924B}}{S:{COP:S}}${1:F21VZCRVECAAXXX5410610696}{4:{177:0404021720}{451:0}}{1:F01VZCRVECAAXXX5410610696}{2:09501717040402VZCRVECAAXXX40812675430404021720N}{3:{108:SCONNECT}}{4:
:20:MI090527
:25:1111111111
:28C:0628/294
:60M:D090527VEF000030078846,25
:61:090527D000000000300,00NTRF000033203254//180010
PAGO
:61:090527D000000001300,00NTRF000006632951//180010
PAGO
:61:090527D000000000100,00NTRF000006358502//180010
PAGO
:61:090527D000000000250,00NTRF000006339251//180010
PAGO
:61:090527D000000007000,00NTRF000006081599//180010
PAGO
:61:090527D000000000200,00NTRF000005632892//180010
PAGO
:61:090527D000000000500,00NTRF000005622518//180010
PAGO
:61:090527D000000001200,00NTRF000005479744//180010
PAGO
:61:090527D000000003000,00NTRF000005448727//180010
PAGO
:62M:D090527VEF000030092696,25
-}{5:{CHK:1143FB20924B}}{S:{COP:S}}${1:F21VZCRVECAAXXX5410610696}{4:{177:0404021720}{451:0}}{1:F01VZCRVECAAXXX5410610696}{2:09501717040402VZCRVECAAXXX40812675430404021720N}{3:{108:SCONNECT}}{4:
:20:MI090527
:25:1111111111
:28C:0628/295
:60M:D090527VEF000030092696,25
:61:090527D000000001000,00NTRF000005360895//180010
PAGO
:61:090527D000000000150,00NTRF000072587710//180010
PAGO
:61:090527D000000000100,00NTRF000072102172//180010
PAGO
:61:090527D000000010000,00NTRF000071904061//180010
PAGO
:61:090527D000000000116,00NTRF000071896465//180010
PAGO
:61:090527D000000002400,00NTRF000071287164//180010
PAGO
:61:090527D000000001500,00NTRF000071212962//180010
PAGO
:61:090527D000000000200,00NTRF000071195819//180010
PAGO
:61:090527D000000001500,00NTRF000071157962//180010
PAGO
:62M:D090527VEF000030109662,25
-}{5:{CHK:1143FB20924B}}{S:{COP:S}}${1:F21VZCRVECAAXXX5410610696}{4:{177:0404021720}{451:0}}{1:F01VZCRVECAAXXX5410610696}{2:09501717040402VZCRVECAAXXX40812675430404021720N}{3:{108:SCONNECT}}{4:
:20:MI090527
:25:1111111111
:28C:0628/296
:60M:D090527VEF000030109662,25
:61:090527D000000002211,49NTRF000071152090//180010
PAGO
:61:090527D000000000195,00NTRF000040489798//180010
PAGO
:61:090527D000000000150,00NTRF000040313964//180010
PAGO
:61:090527D000000006004,00NTRF000040115837//180010
PAGO
:61:090527D000000000360,00NTRF000039850474//180010
PAGO
:61:090527D000000000066,00NTRF000039722355//180010
PAGO
:61:090527D000000000100,00NTRF000039666896//180010
PAGO
:61:090527D000000000200,00NTRF000039537059//180010
PAGO
:61:090527D000000000600,00NTRF000039306040//180010
PAGO
:62M:D090527VEF000030119548,74
-}{5:{CHK:1143FB20924B}}{S:{COP:S}}${1:F21VZCRVECAAXXX5410610696}{4:{177:0404021720}{451:0}}{1:F01VZCRVECAAXXX5410610696}{2:09501717040402VZCRVECAAXXX40812675430404021720N}{3:{108:SCONNECT}}{4:
:20:MI090527
:25:1111111111
:28C:0628/297
:60M:D090527VEF000030119548,74
:61:090527D000000000600,00NTRF000039197780//180010
PAGO
:61:090527D000000015000,00NTRF000000088215//180010
PAGO
:61:090527D000000001000,00NTRF000000026076//180010
PAGO
:61:090527D000003000000,00NTRF000027334123//180010
PAGO
:61:090527D000000009675,00NTRF000037713410//180010
PAGO
:61:090527D000000001548,40NTRF000037711266//180010
PAGO
:61:090527D000000004723,54NTRF000037710329//180010
PAGO
:61:090527D000000059490,44NTRF000009782605//180010
PAGO
:61:090527D000000005002,98NTRF000009052603//180010
PAGO
:62M:D090527VEF000033216589,10
-}{5:{CHK:1143FB20924B}}{S:{COP:S}}${1:F21VZCRVECAAXXX5410610696}{4:{177:0404021720}{451:0}}{1:F01VZCRVECAAXXX5410610696}{2:09501717040402VZCRVECAAXXX40812675430404021720N}{3:{108:SCONNECT}}{4:
:20:MI090527
:25:1111111111
:28C:0628/298
:60M:D090527VEF000033216589,10
:61:090527D000000012500,00NTRF000086446262//180010
PAGO
:61:090527D000000000670,00NTRF000086414983//180010
PAGO
:61:090527D000000000500,00NTRF000086009322//180010
PAGO
:61:090527D000000000976,07NTRF000085940039//180010
PAGO
:61:090527D000000000500,00NTRF000085928000//180010
PAGO
:61:090527D000000000100,00NTRF000085765721//180010
PAGO
:61:090527D000000002900,00NTRF000085724190//180010
PAGO
:61:090527D000000000190,00NTRF000085116251//180010
PAGO
:61:090527D000000000600,00NTRF000085013529//180010
PAGO
:62M:D090527VEF000033235525,17
-}{5:{CHK:1143FB20924B}}{S:{COP:S}}${1:F21VZCRVECAAXXX5410610696}{4:{177:0404021720}{451:0}}{1:F01VZCRVECAAXXX5410610696}{2:09501717040402VZCRVECAAXXX40812675430404021720N}{3:{108:SCONNECT}}{4:
:20:MI090527
:25:1111111111
:28C:0628/299
:60M:D090527VEF000033235525,17
:61:090527D000000001488,43NTRF000070700955//180010
PAGO
:61:090527D000000003860,00NTRF000070612649//180010
PAGO
:61:090527D000000002794,80NTRF000070563942//180010
PAGO
:61:090527D000000000500,00NTRF000070405596//180010
PAGO
:61:090527D000000000120,00NTRF000070286819//180010
PAGO
:61:090527D000000000150,00NTRF000070261014//180010
PAGO
:61:090527D000000000631,00NTRF000070254336//180010
PAGO
:61:090527D000000001000,00NTRF000070155341//180010
PAGO
:61:090527D000000000210,00NTRF000070081295//180010
PAGO
:62M:D090527VEF000033246279,40
-}{5:{CHK:1143FB20924B}}{S:{COP:S}}${1:F21VZCRVECAAXXX5410610696}{4:{177:0404021720}{451:0}}{1:F01VZCRVECAAXXX5410610696}{2:09501717040402VZCRVECAAXXX40812675430404021720N}{3:{108:SCONNECT}}{4:
:20:MI090527
:25:1111111111
:28C:0628/300
:60M:D090527VEF000033246279,40
:61:090527D000000000020,00NTRF000052598383//180010
PAGO
:61:090527D000000001000,00NTRF000052589676//180010
PAGO
:61:090527D000000001000,00NTRF000052572210//180010
PAGO
:61:090527D000000003000,00NTRF000052403525//180010
PAGO
:61:090527D000000000600,00NTRF000052273705//180010
PAGO
:61:090527D000000000250,00NTRF000052210093//180010
PAGO
:61:090527D000000002120,12NTRF000052154144//180010
PAGO
:61:090527D000000000400,00NTRF000051194340//180010
PAGO
:61:090527D000000004224,42NTRF000051122975//180010
PAGO
:62M:D090527VEF000033258893,94
-}{5:{CHK:1143FB20924B}}{S:{COP:S}}${1:F21VZCRVECAAXXX5410610696}{4:{177:0404021720}{451:0}}{1:F01VZCRVECAAXXX5410610696}{2:09501717040402VZCRVECAAXXX40812675430404021720N}{3:{108:SCONNECT}}{4:
:20:MI090527
:25:1111111111
:28C:0628/301
:60M:D090527VEF000033258893,94
:61:090527D000000000125,00NTRF000035282467//180010
PAGO
:61:090527D000000000120,00NTRF000035180739//180010
PAGO
:61:090527D000000000309,45NTRF000035138804//180010
PAGO
:61:090527D000000000291,00NTRF000035118187//180010
PAGO
:61:090527D000000000065,00NTRF000035091320//180010
PAGO
:61:090527D000000015000,00NTRF000034982578//180010
PAGO
:61:090527D000000003000,00NTRF000034762947//180010
PAGO
:61:090527D000000008835,53NTRF000034663464//180010
PAGO
:61:090527D000000003738,28NTRF000034657040//180010
PAGO
:62M:D090527VEF000033290378,20
-}{5:{CHK:1143FB20924B}}{S:{COP:S}}${1:F21VZCRVECAAXXX5410610696}{4:{177:0404021720}{451:0}}{1:F01VZCRVECAAXXX5410610696}{2:09501717040402VZCRVECAAXXX40812675430404021720N}{3:{108:SCONNECT}}{4:
:20:MI090527
:25:1111111111
:28C:0628/302
:60M:D090527VEF000033290378,20
:61:090527D000000000300,00NTRF000016272892//180010
PAGO
:61:090527D000000000700,00NTRF000016060324//180010
PAGO
:61:090527D000000030000,00NTRF000015778087//180010
PAGO
:61:090527D000000000500,00NTRF000015760941//180010
PAGO
:61:090527D000000000200,00NTRF000015635114//180010
PAGO
:61:090527D000000001000,00NTRF000015460225//180010
PAGO
:61:090527D000000000450,00NTRF000015418920//180010
PAGO
:61:090527D000000000600,00NTRF000015410103//180010
PAGO
:61:090527D000000000700,00NTRF000015067090//180010
PAGO
:62M:D090527VEF000033324828,20
-}{5:{CHK:1143FB20924B}}{S:{COP:S}}${1:F21VZCRVECAAXXX5410610696}{4:{177:0404021720}{451:0}}{1:F01VZCRVECAAXXX5410610696}{2:09501717040402VZCRVECAAXXX40812675430404021720N}{3:{108:SCONNECT}}{4:
:20:MI090527
:25:1111111111
:28C:0628/303
:60M:D090527VEF000033324828,20
:61:090527D000000000220,00NTRF000095938491//180010
PAGO
:61:090527D000000000200,00NTRF000095792694//180010
PAGO
:61:090527D000000000200,00NTRF000095414602//180010
PAGO
:61:090527D000000000500,00NTRF000095190651//180010
PAGO
:61:090527D000000000835,91NTRF000094956149//180010
PAGO
:61:090527D000000000150,00NTRF000094318690//180010
PAGO
:61:090527D000000000150,00NTRF000094202690//180010
PAGO
:61:090527D000000000186,85NTRF000093757370//180010
PAGO
:61:090527D000000001000,00NTRF000093635592//180010
PAGO
:62M:D090527VEF000033328270,96
-}{5:{CHK:1143FB20924B}}{S:{COP:S}}${1:F21VZCRVECAAXXX5410610696}{4:{177:0404021720}{451:0}}{1:F01VZCRVECAAXXX5410610696}{2:09501717040402VZCRVECAAXXX40812675430404021720N}{3:{108:SCONNECT}}{4:
:20:MI090527
:25:1111111111
:28C:0628/304
:60M:D090527VEF000033328270,96
:61:090527D000000001000,00NTRF000064784951//180010
PAGO
:61:090527D000000001338,00NTRF000064396456//180010
PAGO
:61:090527D000000000825,00NTRF000064365136//180010
PAGO
:61:090527D000000000235,00NTRF000064353987//180010
PAGO
:61:090527D000000000900,00NTRF000064207519//180010
PAGO
:61:090527D000000000400,00NTRF000064054003//180010
PAGO
:61:090527D000000000290,00NTRF000064052401//180010
PAGO
:61:090527D000000000100,00NTRF000063928334//180010
PAGO
:61:090527D000000000100,00NTRF000063891334//180010
PAGO
:62M:D090527VEF000033333458,96
-}{5:{CHK:1143FB20924B}}{S:{COP:S}}${1:F21VZCRVECAAXXX5410610696}{4:{177:0404021720}{451:0}}{1:F01VZCRVECAAXXX5410610696}{2:09501717040402VZCRVECAAXXX40812675430404021720N}{3:{108:SCONNECT}}{4:
:20:MI090527
:25:1111111111
:28C:0628/305
:60M:D090527VEF000033333458,96
:61:090527D000000000240,00NTRF000035635110//180010
PAGO
:61:090527D000000001000,00NTRF000035511607//180010
PAGO
:61:090527D000000000150,00NTRF000035443737//180010
PAGO
:61:090527D000000002525,00NTRF000035252066//180010
PAGO
:61:090527D000000000700,00NTRF000034996793//180010
PAGO
:61:090527D000000000750,00NTRF000034789051//180010
PAGO
:61:090527D000000000550,00NTRF000034722237//180010
PAGO
:61:090527D000000000475,32NTRF000034594453//180010
PAGO
:61:090527D000000000707,00NTRF000034520026//180010
PAGO
:62M:D090527VEF000033340556,28
-}{5:{CHK:1143FB20924B}}{S:{COP:S}}${1:F21VZCRVECAAXXX5410610696}{4:{177:0404021720}{451:0}}{1:F01VZCRVECAAXXX5410610696}{2:09501717040402VZCRVECAAXXX40812675430404021720N}{3:{108:SCONNECT}}{4:
:20:MI090527
:25:1111111111
:28C:0628/306
:60M:D090527VEF000033340556,28
:61:090527D000000000300,00NTRF000009126354//180010
PAGO
:61:090527D000000000500,00NTRF000009103289//180010
PAGO
:61:090527D000000000074,93NTRF000009061778//180010
PAGO
:61:090527D000000000500,00NTRF000008989377//180010
PAGO
:61:090527D000000001090,00NTRF000008645380//180010
PAGO
:61:090527D000000000200,00NTRF000008267280//180010
PAGO
:61:090527D000000000150,00NTRF000008090839//180010
PAGO
:61:090527D000000001000,00NTRF000008008069//180010
PAGO
:61:090527D000000000150,00NTRF000007932732//180010
PAGO
:62M:D090527VEF000033344521,21
-}{5:{CHK:1143FB20924B}}{S:{COP:S}}${1:F21VZCRVECAAXXX5410610696}{4:{177:0404021720}{451:0}}{1:F01VZCRVECAAXXX5410610696}{2:09501717040402VZCRVECAAXXX40812675430404021720N}{3:{108:SCONNECT}}{4:
:20:MI090527
:25:1111111111
:28C:0628/307
:60M:D090527VEF000033344521,21
:61:090527D000000001399,50NTRF000026050453//180010
PAGO
:61:090527D000000001627,85NTRF000026050452//180010
PAGO
:61:090527D000000000999,50NTRF000026050451//180010
PAGO
:61:090527D000000001999,50NTRF000026050450//180010
PAGO
:61:090527D000000000998,00NTRF000026050449//180010
PAGO
:61:090527D000000002999,50NTRF000026050448//180010
PAGO
:61:090527D000000003732,92NTRF000026050447//180010
PAGO
:61:090527D000000000842,44NTRF000026050446//180010
PAGO
:61:090527D000000000480,91NTRF000026050445//180010
PAGO
:62M:D090527VEF000033359601,33
-}{5:{CHK:1143FB20924B}}{S:{COP:S}}${1:F21VZCRVECAAXXX5410610696}{4:{177:0404021720}{451:0}}{1:F01VZCRVECAAXXX5410610696}{2:09501717040402VZCRVECAAXXX40812675430404021720N}{3:{108:SCONNECT}}{4:
:20:MI090527
:25:1111111111
:28C:0628/308
:60M:D090527VEF000033359601,33
:61:090527D000000016401,00NTRF000020139228//180010
PAGO
:61:090527D000000000750,00NTRF000000000590//180010
PAGO
:61:090527D000000000800,00NTRF000000000589//180010
PAGO
:61:090527D000000000750,00NTRF000000000588//180010
PAGO
:61:090527D000000001250,00NTRF000000000587//180010
PAGO
:61:090527D000000000600,00NTRF000000000586//180010
PAGO
:61:090527D000000000580,00NTRF000090383219//180010
PAGO
:61:090527D000000000505,14NTRF000090383218//180010
PAGO
:61:090527D000000000505,14NTRF000090383217//180010
PAGO
:62M:D090527VEF000033381742,61
-}{5:{CHK:1143FB20924B}}{S:{COP:S}}${1:F21VZCRVECAAXXX5410610696}{4:{177:0404021720}{451:0}}{1:F01VZCRVECAAXXX5410610696}{2:09501717040402VZCRVECAAXXX40812675430404021720N}{3:{108:SCONNECT}}{4:
:20:MI090527
:25:1111111111
:28C:0628/309
:60M:D090527VEF000033381742,61
:61:090527D000000008734,40NTRF000090007540//180010
PAGO
:61:090527D000000001411,10NTRF000090007539//180010
PAGO
:61:090527D000000001225,70NTRF000090007538//180010
PAGO
:61:090527D000000000194,35NTRF000090007537//180010
PAGO
:61:090527D000000004003,35NTRF000090007536//180010
PAGO
:61:090527D000000000734,39NTRF000090007535//180010
PAGO
:61:090527D000000000320,90NTRF000090000435//180010
PAGO
:61:090527D000000000339,20NTRF000090000434//180010
PAGO
:61:090527D000000000126,90NTRF000090000433//180010
PAGO
:62M:D090527VEF000033398832,90
-}{5:{CHK:1143FB20924B}}{S:{COP:S}}${1:F21VZCRVECAAXXX5410610696}{4:{177:0404021720}{451:0}}{1:F01VZCRVECAAXXX5410610696}{2:09501717040402VZCRVECAAXXX40812675430404021720N}{3:{108:SCONNECT}}{4:
:20:MI090527
:25:1111111111
:28C:0628/310
:60M:D090527VEF000033398832,90
:61:090527D000000000135,10NTRF000090000432//180010
PAGO
:61:090527D000000000235,80NTRF000090000431//180010
PAGO
:61:090527D000000000152,20NTRF000090000430//180010
PAGO
:61:090527D000000000316,10NTRF000090000429//180010
PAGO
:61:090527D000000000052,00NTRF000090000428//180010
PAGO
:61:090527D000000000135,70NTRF000090000427//180010
PAGO
:61:090527D000000000262,50NTRF000090000291//180010
PAGO
:61:090527D000000000573,72NTRF000090000290//180010
PAGO
:61:090527D000000001118,50NTRF000090000289//180010
PAGO
:62M:D090527VEF000033401814,52
-}{5:{CHK:1143FB20924B}}{S:{COP:S}}${1:F21VZCRVECAAXXX5410610696}{4:{177:0404021720}{451:0}}{1:F01VZCRVECAAXXX5410610696}{2:09501717040402VZCRVECAAXXX40812675430404021720N}{3:{108:SCONNECT}}{4:
:20:MI090527
:25:1111111111
:28C:0628/311
:60M:D090527VEF000033401814,52
:61:090527D000000000169,20NTRF000090000288//180010
PAGO
:61:090527D000000000307,10NTRF000090000287//180010
PAGO
:61:090527D000000001122,60NTRF000090000286//180010
PAGO
:61:090527D000000000254,20NTRF000090000285//180010
PAGO
:61:090527D000000000824,60NTRF000090000284//180010
PAGO
:61:090527D000000000297,50NTRF000090000283//180010
PAGO
:61:090527D000000000412,20NTRF000090000144//180010
PAGO
:61:090527D000000000435,40NTRF000090000143//180010
PAGO
:61:090527D000000002258,60NTRF000090000142//180010
PAGO
:62M:D090527VEF000033407895,92
-}{5:{CHK:1143FB20924B}}{S:{COP:S}}${1:F21VZCRVECAAXXX5410610696}{4:{177:0404021720}{451:0}}{1:F01VZCRVECAAXXX5410610696}{2:09501717040402VZCRVECAAXXX40812675430404021720N}{3:{108:SCONNECT}}{4:
:20:MI090527
:25:1111111111
:28C:0628/312
:60M:D090527VEF000033407895,92
:61:090527D000000000333,60NTRF000090000141//180010
PAGO
:61:090527D000000000630,80NTRF000090000140//180010
PAGO
:61:090527D000000000172,00NTRF000090000139//180010
PAGO
:61:090527D000000000198,70NTRF000090000138//180010
PAGO
:61:090527D000000000082,00NTRF000090000137//180010
PAGO
:61:090527D000000000034,20NTRF000090000127//180010
PAGO
:61:090527D000000001615,00NTRF000041001541//180010
PAGO
:61:090527D000000001612,15NTRF000041001540//180010
PAGO
:61:090527D000000001307,90NTRF000041001539//180010
PAGO
:62M:D090527VEF000033413882,27
-}{5:{CHK:1143FB20924B}}{S:{COP:S}}${1:F21VZCRVECAAXXX5410610696}{4:{177:0404021720}{451:0}}{1:F01VZCRVECAAXXX5410610696}{2:09501717040402VZCRVECAAXXX40812675430404021720N}{3:{108:SCONNECT}}{4:
:20:MI090527
:25:1111111111
:28C:0628/313
:60M:D090527VEF000033413882,27
:61:090527D000000001470,00NTRF000041001538//180010
PAGO
:61:090527D000000001550,00NTRF000041001537//180010
PAGO
:61:090527D000000000490,00NTRF000041001536//180010
PAGO
:61:090527D000000001100,00NTRF000041001535//180010
PAGO
:61:090527D000000000507,64NTRF000041001534//180010
PAGO
:61:090527D000000000350,00NTRF000041001533//180010
PAGO
:61:090527D000000029493,90NTRF000000002694//180010
PAGO
:61:090527D000000033068,37NTRF000000002693//180010
PAGO
:61:090527D000000036276,42NTRF000000002692//180010
PAGO
:62M:D090527VEF000033518188,60
-}{5:{CHK:1143FB20924B}}{S:{COP:S}}${1:F21VZCRVECAAXXX5410610696}{4:{177:0404021720}{451:0}}{1:F01VZCRVECAAXXX5410610696}{2:09501717040402VZCRVECAAXXX40812675430404021720N}{3:{108:SCONNECT}}{4:
:20:MI090527
:25:1111111111
:28C:0628/314
:60M:D090527VEF000033518188,60
:61:090527D000000001746,00NTRF000000002691//180010
PAGO
:61:090527D000000003844,11NTRF000000002690//180010
PAGO
:61:090527D000000000842,80NTRF000000002689//180010
PAGO
:61:090527D000000000034,34NTRF000000002688//180010
PAGO
:61:090527D000000006200,00NTRF000000002687//180010
PAGO
:61:090527D000000004834,50NTRF000000002685//180010
PAGO
:61:090527D000000000732,92NTRF000000003178//180010
PAGO
:61:090527D000000001317,28NTRF000000003177//180010
PAGO
:61:090527D000000000707,75NTRF000000003176//180010
PAGO
:62M:D090527VEF000033538448,30
-}{5:{CHK:1143FB20924B}}{S:{COP:S}}${1:F21VZCRVECAAXXX5410610696}{4:{177:0404021720}{451:0}}{1:F01VZCRVECAAXXX5410610696}{2:09501717040402VZCRVECAAXXX40812675430404021720N}{3:{108:SCONNECT}}{4:
:20:MI090527
:25:1111111111
:28C:0628/315
:60M:D090527VEF000033538448,30
:61:090527D000000000285,08NTRF000000003174//180010
PAGO
:61:090527D000000001598,99NTRF000000003173//180010
PAGO
:61:090527D000000001358,85NTRF000000003172//180010
PAGO
:61:090527D000000001104,28NTRF000000003170//180010
PAGO
:61:090527D000000001131,25NTRF000000003169//180010
PAGO
:61:090527D000000002000,00NTRF000065653043//180010
PAGO
:61:090527D000000000100,00NTRF000061952111//180010
PAGO
:61:090527D000000000150,00NTRF000058981953//180010
PAGO
:61:090527D000000020242,00NTRF000058026084//180010
PAGO
:62M:D090527VEF000033566418,75
-}{5:{CHK:1143FB20924B}}{S:{COP:S}}${1:F21VZCRVECAAXXX5410610696}{4:{177:0404021720}{451:0}}{1:F01VZCRVECAAXXX5410610696}{2:09501717040402VZCRVECAAXXX40812675430404021720N}{3:{108:SCONNECT}}{4:
:20:MI090527
:25:1111111111
:28C:0628/316
:60M:D090527VEF000033566418,75
:61:090527D000000001500,00NTRF000056918005//180010
PAGO
:61:090527D000000000590,46NTRF000056410545//180010
PAGO
:61:090527D000000004000,00NTRF000055911218//180010
PAGO
:61:090527D000000000820,44NTRF000055473314//180010
PAGO
:61:090527D000000000200,00NTRF000055179522//180010
PAGO
:61:090527D000000000055,00NTRF000002841390//180010
PAGO
:61:090527D000000005000,00NTRF000001000475//180010
PAGO
:61:090527D000000000300,00NTRF000000176865//180010
PAGO
:61:090527D000000003500,00NTRF000000039571//180010
PAGO
:62M:D090527VEF000033582384,65
-}{5:{CHK:1143FB20924B}}{S:{COP:S}}${1:F21VZCRVECAAXXX5410610696}{4:{177:0404021720}{451:0}}{1:F01VZCRVECAAXXX5410610696}{2:09501717040402VZCRVECAAXXX40812675430404021720N}{3:{108:SCONNECT}}{4:
:20:MI090527
:25:1111111111
:28C:0628/317
:60M:D090527VEF000033582384,65
:61:090527D000000001500,00NTRF000085619933//180010
PAGO
:61:090527D000000000140,00NTRF000084969063//180010
PAGO
:61:090527D000000000202,54NTRF000084869347//180010
PAGO
:61:090527D000000000090,00NTRF000084853284//180010
PAGO
:61:090527D000000000746,02NTRF000084819775//180010
PAGO
:61:090527D000000000511,28NTRF000084638756//180010
PAGO
:61:090527D000000051000,00NTRF000084620212//180010
PAGO
:61:090527D000000000300,00NTRF000084370934//180010
PAGO
:61:090527D000000000300,00NTRF000083602709//180010
PAGO
:62M:D090527VEF000033637174,49
-}{5:{CHK:1143FB20924B}}{S:{COP:S}}${1:F21VZCRVECAAXXX5410610696}{4:{177:0404021720}{451:0}}{1:F01VZCRVECAAXXX5410610696}{2:09501717040402VZCRVECAAXXX40812675430404021720N}{3:{108:SCONNECT}}{4:
:20:MI090527
:25:1111111111
:28C:0628/318
:60M:D090527VEF000033637174,49
:61:090527D000000000200,00NTRF000058629079//180010
PAGO
:61:090527D000000000703,63NTRF000057887141//180010
PAGO
:61:090527D000000000460,00NTRF000057713641//180010
PAGO
:61:090527D000000000500,00NTRF000057708041//180010
PAGO
:61:090527D000000000050,00NTRF000057016999//180010
PAGO
:61:090527D000000009000,00NTRF000056876217//180010
PAGO
:61:090527D000000000385,30NTRF000056792551//180010
PAGO
:61:090527D000000000191,75NTRF000056658378//180010
PAGO
:61:090527D000000000900,00NTRF000056652284//180010
PAGO
:62M:D090527VEF000033649565,17
-}{5:{CHK:1143FB20924B}}{S:{COP:S}}${1:F21VZCRVECAAXXX5410610696}{4:{177:0404021720}{451:0}}{1:F01VZCRVECAAXXX5410610696}{2:09501717040402VZCRVECAAXXX40812675430404021720N}{3:{108:SCONNECT}}{4:
:20:MI090527
:25:1111111111
:28C:0628/319
:60M:D090527VEF000033649565,17
:61:090527D000000000446,70NTRF000033148644//180010
PAGO
:61:090527D000000000300,00NTRF000033064102//180010
PAGO
:61:090527D000000002000,00NTRF000033015392//180010
PAGO
:61:090527D000000000150,00NTRF000032858006//180010
PAGO
:61:090527D000000003440,00NTRF000032808842//180010
PAGO
:61:090527D000000001050,00NTRF000032499902//180010
PAGO
:61:090527D000000009700,00NTRF000032380708//180010
PAGO
:61:090527D000000004431,00NTRF000032249621//180010
PAGO
:61:090527D000000003600,00NTRF000032145764//180010
PAGO
:62M:D090527VEF000033674682,87
-}{5:{CHK:1143FB20924B}}{S:{COP:S}}${1:F21VZCRVECAAXXX5410610696}{4:{177:0404021720}{451:0}}{1:F01VZCRVECAAXXX5410610696}{2:09501717040402VZCRVECAAXXX40812675430404021720N}{3:{108:SCONNECT}}{4:
:20:MI090527
:25:1111111111
:28C:0628/320
:60M:D090527VEF000033674682,87
:61:090527D000000001250,00NTRF000005307454//180010
PAGO
:61:090527D000000000320,00NTRF000005274449//180010
PAGO
:61:090527D000000000300,00NTRF000005122022//180010
PAGO
:61:090527D000000004000,00NTRF000004386502//180010
PAGO
:61:090527D000000000205,00NTRF000004356405//180010
PAGO
:61:090527D000000002000,00NTRF000004343155//180010
PAGO
:61:090527D000000000053,00NTRF000004280870//180010
PAGO
:61:090527D000000000715,00NTRF000004267300//180010
PAGO
:61:090527D000000001500,00NTRF000004245205//180010
PAGO
:62M:D090527VEF000033685025,87
-}{5:{CHK:1143FB20924B}}{S:{COP:S}}${1:F21VZCRVECAAXXX5410610696}{4:{177:0404021720}{451:0}}{1:F01VZCRVECAAXXX5410610696}{2:09501717040402VZCRVECAAXXX40812675430404021720N}{3:{108:SCONNECT}}{4:
:20:MI090527
:25:1111111111
:28C:0628/321
:60M:D090527VEF000033685025,87
:61:090527D000000000203,24NTRF000071080259//180010
PAGO
:61:090527D000000000500,00NTRF000070979405//180010
PAGO
:61:090527D000000000500,00NTRF000070943405//180010
PAGO
:61:090527D000000000500,00NTRF000070905405//180010
PAGO
:61:090527D000000000500,00NTRF000070869405//180010
PAGO
:61:090527D000000000500,00NTRF000070821405//180010
PAGO
:61:090527D000000000450,00NTRF000070705272//180010
PAGO
:61:090527D000000002600,00NTRF000070534618//180010
PAGO
:61:090527D000000000300,00NTRF000070289702//180010
PAGO
:62M:D090527VEF000033691079,11
-}{5:{CHK:1143FB20924B}}{S:{COP:S}}${1:F21VZCRVECAAXXX5410610696}{4:{177:0404021720}{451:0}}{1:F01VZCRVECAAXXX5410610696}{2:09501717040402VZCRVECAAXXX40812675430404021720N}{3:{108:SCONNECT}}{4:
:20:MI090527
:25:1111111111
:28C:0628/322
:60M:D090527VEF000033691079,11
:61:090527D000000001000,00NTRF000038724435//180010
PAGO
:61:090527D000000000100,00NTRF000038705073//180010
PAGO
:61:090527D000000001000,00NTRF000038691435//180010
PAGO
:61:090527D000000000100,00NTRF000038660073//180010
PAGO
:61:090527D000000001296,00NTRF000038520587//180010
PAGO
:61:090527D000000003200,00NTRF000038415621//180010
PAGO
:61:090527D000000000629,81NTRF000037792112//180010
PAGO
:61:090527D000000000160,00NTRF000037605975//180010
PAGO
:61:090527D000000000200,00NTRF000037405953//180010
PAGO
:62M:D090527VEF000033698764,92
-}{5:{CHK:1143FB20924B}}{S:{COP:S}}${1:F21VZCRVECAAXXX5410610696}{4:{177:0404021720}{451:0}}{1:F01VZCRVECAAXXX5410610696}{2:09501717040402VZCRVECAAXXX40812675430404021720N}{3:{108:SCONNECT}}{4:
:20:MI090527
:25:1111111111
:28C:0628/323
:60M:D090527VEF000033698764,92
:61:090527D000000081286,99NTRF000000126024//180010
PAGO
:61:090527D000000058114,00NTRF000000126023//180010
PAGO
:61:090527D000000000290,00NTRF000000126022//180010
PAGO
:61:090527D000000000446,50NTRF000000126021//180010
PAGO
:61:090527D000000210240,00NTRF000000126020//180010
PAGO
:61:090527D000000115443,05NTRF000000126019//180010
PAGO
:61:090527D000000032405,41NTRF000000126018//180010
PAGO
:61:090527D000000084655,84NTRF000000126017//180010
PAGO
:61:090527D000000019200,00NTRF000000126016//180010
PAGO
:62M:D090527VEF000034300846,71
-}{5:{CHK:1143FB20924B}}{S:{COP:S}}${1:F21VZCRVECAAXXX5410610696}{4:{177:0404021720}{451:0}}{1:F01VZCRVECAAXXX5410610696}{2:09501717040402VZCRVECAAXXX40812675430404021720N}{3:{108:SCONNECT}}{4:
:20:MI090527
:25:1111111111
:28C:0628/324
:60M:D090527VEF000034300846,71
:61:090527D000000000416,00NTRF000085004960//180010
PAGO
:61:090527D000000030000,00NTRF000084975620//180010
PAGO
:61:090527D000000000150,00NTRF000084942890//180010
PAGO
:61:090527D000000001000,00NTRF000084916618//180010
PAGO
:61:090527D000000000060,00NTRF000084389401//180010
PAGO
:61:090527D000000001200,00NTRF000084272425//180010
PAGO
:61:090527D000000002600,00NTRF000083944105//180010
PAGO
:61:090527D000000006000,00NTRF000083878183//180010
PAGO
:61:090527D000000004000,00NTRF000083763652//180010
PAGO
:62M:D090527VEF000034346272,71
-}{5:{CHK:1143FB20924B}}{S:{COP:S}}${1:F21VZCRVECAAXXX5410610696}{4:{177:0404021720}{451:0}}{1:F01VZCRVECAAXXX5410610696}{2:09501717040402VZCRVECAAXXX40812675430404021720N}{3:{108:SCONNECT}}{4:
:20:MI090527
:25:1111111111
:28C:0628/325
:60M:D090527VEF000034346272,71
:61:090527D000000025000,00NTRF000069787584//180010
PAGO
:61:090527D000000010000,00NTRF000069760290//180010
PAGO
:61:090527D000000002000,00NTRF000069667926//180010
PAGO
:61:090527D000000000600,00NTRF000069607224//180010
PAGO
:61:090527D000000006463,30NTRF000069585794//180010
PAGO
:61:090527D000000001700,00NTRF000069500079//180010
PAGO
:61:090527D000000014780,50NTRF000069484308//180010
PAGO
:61:090527D000000007828,00NTRF000069205456//180010
PAGO
:61:090527D000000000250,00NTRF000069153309//180010
PAGO
:62M:D090527VEF000034414894,51
-}{5:{CHK:1143FB20924B}}{S:{COP:S}}${1:F21VZCRVECAAXXX5410610696}{4:{177:0404021720}{451:0}}{1:F01VZCRVECAAXXX5410610696}{2:09501717040402VZCRVECAAXXX40812675430404021720N}{3:{108:SCONNECT}}{4:
:20:MI090527
:25:1111111111
:28C:0628/326
:60M:D090527VEF000034414894,51
:61:090527D000000000400,00NTRF000051095263//180010
PAGO
:61:090527D000000000313,00NTRF000050986790//180010
PAGO
:61:090527D000000006300,00NTRF000050979105//180010
PAGO
:61:090527D000000000642,00NTRF000050911757//180010
PAGO
:61:090527D000000000200,00NTRF000050820729//180010
PAGO
:61:090527D000000000400,00NTRF000050774782//180010
PAGO
:61:090527D000000004000,00NTRF000050684143//180010
PAGO
:61:090527D000000000200,00NTRF000050539387//180010
PAGO
:61:090527D000000000650,00NTRF000050535443//180010
PAGO
:62M:D090527VEF000034427999,51
-}{5:{CHK:1143FB20924B}}{S:{COP:S}}${1:F21VZCRVECAAXXX5410610696}{4:{177:0404021720}{451:0}}{1:F01VZCRVECAAXXX5410610696}{2:09501717040402VZCRVECAAXXX40812675430404021720N}{3:{108:SCONNECT}}{4:
:20:MI090527
:25:1111111111
:28C:0628/327
:60M:D090527VEF000034427999,51
:61:090527D000000000100,00NTRF000034614451//180010
PAGO
:61:090527D000000001000,00NTRF000034594519//180010
PAGO
:61:090527D000000001500,00NTRF000034550562//180010
PAGO
:61:090527D000000000075,00NTRF000034336735//180010
PAGO
:61:090527D000000000050,00NTRF000034036407//180010
PAGO
:61:090527D000000000250,00NTRF000033804292//180010
PAGO
:61:090527D000000001320,00NTRF000033788995//180010
PAGO
:61:090527D000000000500,00NTRF000033728419//180010
PAGO
:61:090527D000000000600,00NTRF000033328360//180010
PAGO
:62M:D090527VEF000034433394,51
-}{5:{CHK:1143FB20924B}}{S:{COP:S}}${1:F21VZCRVECAAXXX5410610696}{4:{177:0404021720}{451:0}}{1:F01VZCRVECAAXXX5410610696}{2:09501717040402VZCRVECAAXXX40812675430404021720N}{3:{108:SCONNECT}}{4:
:20:MI090527
:25:1111111111
:28C:0628/328
:60M:D090527VEF000034433394,51
:61:090527D000000002000,00NTRF000014941753//180010
PAGO
:61:090527D000000000070,00NTRF000014931610//180010
PAGO
:61:090527D000000000200,00NTRF000014775143//180010
PAGO
:61:090527D000000000300,00NTRF000014349008//180010
PAGO
:61:090527D000000002000,00NTRF000014261650//180010
PAGO
:61:090527D000000001450,00NTRF000014136336//180010
PAGO
:61:090527D000000000200,00NTRF000013877353//180010
PAGO
:61:090527D000000000900,00NTRF000013739722//180010
PAGO
:61:090527D000000000425,00NTRF000013685338//180010
PAGO
:62M:D090527VEF000034440939,51
-}{5:{CHK:1143FB20924B}}{S:{COP:S}}${1:F21VZCRVECAAXXX5410610696}{4:{177:0404021720}{451:0}}{1:F01VZCRVECAAXXX5410610696}{2:09501717040402VZCRVECAAXXX40812675430404021720N}{3:{108:SCONNECT}}{4:
:20:MI090527
:25:1111111111
:28C:0628/329
:60M:D090527VEF000034440939,51
:61:090527D000000001000,00NTRF000093570592//180010
PAGO
:61:090527D000000000250,00NTRF000093562677//180010
PAGO
:61:090527D000000000060,00NTRF000093063197//180010
PAGO
:61:090527D000000001000,00NTRF000092962015//180010
PAGO
:61:090527D000000001500,00NTRF000092958568//180010
PAGO
:61:090527D000000001000,00NTRF000092809962//180010
PAGO
:61:090527D000000003200,00NTRF000092753379//180010
PAGO
:61:090527D000000000127,97NTRF000092597719//180010
PAGO
:61:090527D000000000120,00NTRF000092486950//180010
PAGO
:62M:D090527VEF000034449197,48
-}{5:{CHK:1143FB20924B}}{S:{COP:S}}${1:F21VZCRVECAAXXX5410610696}{4:{177:0404021720}{451:0}}{1:F01VZCRVECAAXXX5410610696}{2:09501717040402VZCRVECAAXXX40812675430404021720N}{3:{108:SCONNECT}}{4:
:20:MI090527
:25:1111111111
:28C:0628/330
:60M:D090527VEF000034449197,48
:61:090527D000000000521,90NTRF000063889043//180010
PAGO
:61:090527D000000002000,00NTRF000063779561//180010
PAGO
:61:090527D000000000250,00NTRF000063507952//180010
PAGO
:61:090527D000000000070,00NTRF000063492954//180010
PAGO
:61:090527D000000000586,64NTRF000063230350//180010
PAGO
:61:090527D000000000251,29NTRF000062807386//180010
PAGO
:61:090527D000000000700,00NTRF000062527035//180010
PAGO
:61:090527D000000000200,00NTRF000062497833//180010
PAGO
:61:090527D000000000700,00NTRF000062345668//180010
PAGO
:62M:D090527VEF000034454477,31
-}{5:{CHK:1143FB20924B}}{S:{COP:S}}${1:F21VZCRVECAAXXX5410610696}{4:{177:0404021720}{451:0}}{1:F01VZCRVECAAXXX5410610696}{2:09501717040402VZCRVECAAXXX40812675430404021720N}{3:{108:SCONNECT}}{4:
:20:MI090527
:25:1111111111
:28C:0628/331
:60M:D090527VEF000034454477,31
:61:090527D000000000352,00NTRF000034389937//180010
PAGO
:61:090527D000000000500,00NTRF000034313696//180010
PAGO
:61:090527D000000000572,00NTRF000034241674//180010
PAGO
:61:090527D000000000550,00NTRF000034030145//180010
PAGO
:61:090527D000000000200,00NTRF000033958619//180010
PAGO
:61:090527D000000000600,00NTRF000033694387//180010
PAGO
:61:090527D000000002000,00NTRF000033506138//180010
PAGO
:61:090527D000000000500,00NTRF000033129937//180010
PAGO
:61:090527D000000000008,87NTRF000032558695//180010
PAGO
:62M:D090527VEF000034459760,18
-}{5:{CHK:1143FB20924B}}{S:{COP:S}}${1:F21VZCRVECAAXXX5410610696}{4:{177:0404021720}{451:0}}{1:F01VZCRVECAAXXX5410610696}{2:09501717040402VZCRVECAAXXX40812675430404021720N}{3:{108:SCONNECT}}{4:
:20:MI090527
:25:1111111111
:28C:0628/332
:60M:D090527VEF000034459760,18
:61:090527D000000000500,00NTRF000007631090//180010
PAGO
:61:090527D000000000500,00NTRF000007562090//180010
PAGO
:61:090527D000000000070,00NTRF000007537472//180010
PAGO
:61:090527D000000000200,00NTRF000007506755//180010
PAGO
:61:090527D000000000001,00NTRF000007395517//180010
PAGO
:61:090527D000000000100,00NTRF000007238192//180010
PAGO
:61:090527D000000005012,00NTRF000006696030//180010
PAGO
:61:090527D000000000000,25NTRF000006671217//180010
PAGO
:61:090527D000000000280,00NTRF000006438714//180010
PAGO
:62M:D090527VEF000034466423,43
-}{5:{CHK:1143FB20924B}}{S:{COP:S}}${1:F21VZCRVECAAXXX5410610696}{4:{177:0404021720}{451:0}}{1:F01VZCRVECAAXXX5410610696}{2:09501717040402VZCRVECAAXXX40812675430404021720N}{3:{108:SCONNECT}}{4:
:20:MI090527
:25:1111111111
:28C:0628/333
:60M:D090527VEF000034466423,43
:61:090527D000000000912,35NTRF000026050444//180010
PAGO
:61:090527D000000001784,29NTRF000026050443//180010
PAGO
:61:090527D000000003499,50NTRF000026050442//180010
PAGO
:61:090527D000000002999,50NTRF000026050441//180010
PAGO
:61:090527D000000007628,50NTRF000026050440//180010
PAGO
:61:090527D000000000189,01NTRF000001852051//180010
PAGO
:61:090527D000000001089,88NTRF000001852032//180010
PAGO
:61:090527D000000104346,51NTRF000000918757//180010
PAGO
:61:090527D000000003486,95NTRF000000918730//180010
PAGO
:62M:D090527VEF000034592359,92
-}{5:{CHK:1143FB20924B}}{S:{COP:S}}${1:F21VZCRVECAAXXX5410610696}{4:{177:0404021720}{451:0}}{1:F01VZCRVECAAXXX5410610696}{2:09501717040402VZCRVECAAXXX40812675430404021720N}{3:{108:SCONNECT}}{4:
:20:MI090527
:25:1111111111
:28C:0628/334
:60M:D090527VEF000034592359,92
:61:090527D000000000795,45NTRF000090007534//180010
PAGO
:61:090527D000000055568,88NTRF000090007527//180010
PAGO
:61:090527D000000046500,00NTRF000090007524//180010
PAGO
:61:090527D000000000141,30NTRF000090000567//180010
PAGO
:61:090527D000000000312,20NTRF000090000566//180010
PAGO
:61:090527D000000000144,60NTRF000090000565//180010
PAGO
:61:090527D000000000274,10NTRF000090000564//180010
PAGO
:61:090527D000000000520,50NTRF000090000563//180010
PAGO
:61:090527D000000000431,30NTRF000090000562//180010
PAGO
:62M:D090527VEF000034697048,25
-}{5:{CHK:1143FB20924B}}{S:{COP:S}}${1:F21VZCRVECAAXXX5410610696}{4:{177:0404021720}{451:0}}{1:F01VZCRVECAAXXX5410610696}{2:09501717040402VZCRVECAAXXX40812675430404021720N}{3:{108:SCONNECT}}{4:
:20:MI090527
:25:1111111111
:28C:0628/335
:60M:D090527VEF000034697048,25
:61:090527D000000000701,10NTRF000090000426//180010
PAGO
:61:090527D000000000222,10NTRF000090000425//180010
PAGO
:61:090527D000000000487,80NTRF000090000424//180010
PAGO
:61:090527D000000000145,80NTRF000090000423//180010
PAGO
:61:090527D000000000276,10NTRF000090000422//180010
PAGO
:61:090527D000000000348,10NTRF000090000421//180010
PAGO
:61:090527D000000000356,70NTRF000090000420//180010
PAGO
:61:090527D000000000137,30NTRF000090000419//180010
PAGO
:61:090527D000000000107,70NTRF000090000418//180010
PAGO
:62M:D090527VEF000034699830,95
-}{5:{CHK:1143FB20924B}}{S:{COP:S}}${1:F21VZCRVECAAXXX5410610696}{4:{177:0404021720}{451:0}}{1:F01VZCRVECAAXXX5410610696}{2:09501717040402VZCRVECAAXXX40812675430404021720N}{3:{108:SCONNECT}}{4:
:20:MI090527
:25:1111111111
:28C:0628/336
:60M:D090527VEF000034699830,95
:61:090527D000000000409,30NTRF000090000282//180010
PAGO
:61:090527D000000000145,50NTRF000090000281//180010
PAGO
:61:090527D000000000807,38NTRF000090000280//180010
PAGO
:61:090527D000000003467,40NTRF000090000279//180010
PAGO
:61:090527D000000000129,00NTRF000090000278//180010
PAGO
:61:090527D000000000171,70NTRF000090000277//180010
PAGO
:61:090527D000000000087,40NTRF000090000276//180010
PAGO
:61:090527D000000000178,00NTRF000090000275//180010
PAGO
:61:090527D000000000270,60NTRF000090000274//180010
PAGO
:62M:D090527VEF000034705497,23
-}{5:{CHK:1143FB20924B}}{S:{COP:S}}${1:F21VZCRVECAAXXX5410610696}{4:{177:0404021720}{451:0}}{1:F01VZCRVECAAXXX5410610696}{2:09501717040402VZCRVECAAXXX40812675430404021720N}{3:{108:SCONNECT}}{4:
:20:MI090527
:25:1111111111
:28C:0628/337
:60M:D090527VEF000034705497,23
:61:090527D000000000219,60NTRF000090000136//180010
PAGO
:61:090527D000000000247,50NTRF000090000135//180010
PAGO
:61:090527D000000000308,40NTRF000090000134//180010
PAGO
:61:090527D000000000103,10NTRF000090000133//180010
PAGO
:61:090527D000000000224,60NTRF000090000132//180010
PAGO
:61:090527D000000000314,70NTRF000090000131//180010
PAGO
:61:090527D000000000563,90NTRF000090000130//180010
PAGO
:61:090527D000000000081,30NTRF000090000129//180010
PAGO
:61:090527D000000000251,30NTRF000090000128//180010
PAGO
:62M:D090527VEF000034707811,63
-}{5:{CHK:1143FB20924B}}{S:{COP:S}}${1:F21VZCRVECAAXXX5410610696}{4:{177:0404021720}{451:0}}{1:F01VZCRVECAAXXX5410610696}{2:09501717040402VZCRVECAAXXX40812675430404021720N}{3:{108:SCONNECT}}{4:
:20:MI090527
:25:1111111111
:28C:0628/338
:60M:D090527VEF000034707811,63
:61:090527D000000001058,40NTRF000041001532//180010
PAGO
:61:090527D000000001800,26NTRF000041001531//180010
PAGO
:61:090527D000000001889,89NTRF000041001530//180010
PAGO
:61:090527D000000001368,14NTRF000041001529//180010
PAGO
:61:090527D000000000099,05NTRF000041001528//180010
PAGO
:61:090527D000000000120,00NTRF000041001527//180010
PAGO
:61:090527D000000000352,50NTRF000041001526//180010
PAGO
:61:090527D000000000175,00NTRF000041001525//180010
PAGO
:61:090527D000000002437,60NTRF000041001524//180010
PAGO
:62M:D090527VEF000034717112,47
-}{5:{CHK:1143FB20924B}}{S:{COP:S}}${1:F21VZCRVECAAXXX5410610696}{4:{177:0404021720}{451:0}}{1:F01VZCRVECAAXXX5410610696}{2:09501717040402VZCRVECAAXXX40812675430404021720N}{3:{108:SCONNECT}}{4:
:20:MI090527
:25:1111111111
:28C:0628/339
:60M:D090527VEF000034717112,47
:61:090527D000000008288,36NTRF000000002684//180010
PAGO
:61:090527D000000010719,47NTRF000000002683//180010
PAGO
:61:090527D000000000802,00NTRF000000002681//180010
PAGO
:61:090527D000000002406,00NTRF000000002680//180010
PAGO
:61:090527D000000016758,00NTRF000000002679//180010
PAGO
:61:090527D000000104193,36NTRF000000002678//180010
PAGO
:61:090527D000000052130,00NTRF000000002677//180010
PAGO
:61:090527D000000010251,66NTRF000000002676//180010
PAGO
:61:090527D000000003355,00NTRF000000002674//180010
PAGO
:62M:D090527VEF000034926016,32
-}{5:{CHK:1143FB20924B}}{S:{COP:S}}${1:F21VZCRVECAAXXX5410610696}{4:{177:0404021720}{451:0}}{1:F01VZCRVECAAXXX5410610696}{2:09501717040402VZCRVECAAXXX40812675430404021720N}{3:{108:SCONNECT}}{4:
:20:MI090527
:25:1111111111
:28C:0628/340
:60M:D090527VEF000034926016,32
:61:090527D000000001456,73NTRF000000003167//180010
PAGO
:61:090527D000000001601,41NTRF000000003166//180010
PAGO
:61:090527D000000000656,09NTRF000000003164//180010
PAGO
:61:090527D000000001117,18NTRF000000003163//180010
PAGO
:61:090527D000000015314,50NTRF000000000670//180010
PAGO
:61:090527D000000005002,23NTRF000000000667//180010
PAGO
:61:090527D000000002908,94NTRF000000000666//180010
PAGO
:61:090527D000000005720,00NTRF000000000665//180010
PAGO
:61:090527D000000004577,48NTRF000000000663//180010
PAGO
:62M:D090527VEF000034964370,88
-}{5:{CHK:1143FB20924B}}{S:{COP:S}}${1:F21VZCRVECAAXXX5410610696}{4:{177:0404021720}{451:0}}{1:F01VZCRVECAAXXX5410610696}{2:09501717040402VZCRVECAAXXX40812675430404021720N}{3:{108:SCONNECT}}{4:
:20:MI090527
:25:1111111111
:28C:0628/341
:60M:D090527VEF000034964370,88
:61:090527D000000000160,00NTRF000054224595//180010
PAGO
:61:090527D000000000720,00NTRF000053782000//180010
PAGO
:61:090527D000000000800,00NTRF000053241277//180010
PAGO
:61:090527D000000000500,00NTRF000052875375//180010
PAGO
:61:090527D000000003250,00NTRF000052585000//180010
PAGO
:61:090527D000000000300,00NTRF000048443353//180010
PAGO
:61:090527D000000000300,00NTRF000048234471//180010
PAGO
:61:090527D000000000180,00NTRF000048129175//180010
PAGO
:61:090527D000000000700,00NTRF000048099557//180010
PAGO
:62M:D090527VEF000034971280,88
-}{5:{CHK:1143FB20924B}}{S:{COP:S}}${1:F21VZCRVECAAXXX5410610696}{4:{177:0404021720}{451:0}}{1:F01VZCRVECAAXXX5410610696}{2:09501717040402VZCRVECAAXXX40812675430404021720N}{3:{108:SCONNECT}}{4:
:20:MI090527
:25:1111111111
:28C:0628/342
:60M:D090527VEF000034971280,88
:61:090527D000000000200,00NTRF000083493993//180010
PAGO
:61:090527D000000000640,00NTRF000083394033//180010
PAGO
:61:090527D000000000075,00NTRF000083094887//180010
PAGO
:61:090527D000000001000,00NTRF000083032828//180010
PAGO
:61:090527D000000006000,00NTRF000082893956//180010
PAGO
:61:090527D000000000200,00NTRF000082459247//180010
PAGO
:61:090527D000000000100,00NTRF000082349871//180010
PAGO
:61:090527D000000000405,30NTRF000082241774//180010
PAGO
:61:090527D000000000300,00NTRF000082126712//180010
PAGO
:62M:D090527VEF000034980201,18
-}{5:{CHK:1143FB20924B}}{S:{COP:S}}${1:F21VZCRVECAAXXX5410610696}{4:{177:0404021720}{451:0}}{1:F01VZCRVECAAXXX5410610696}{2:09501717040402VZCRVECAAXXX40812675430404021720N}{3:{108:SCONNECT}}{4:
:20:MI090527
:25:1111111111
:28C:0628/343
:60M:D090527VEF000034980201,18
:61:090527D000000000370,00NTRF000056315294//180010
PAGO
:61:090527D000000002000,00NTRF000056105495//180010
PAGO
:61:090527D000000001200,00NTRF000055481158//180010
PAGO
:61:090527D000000001750,00NTRF000055469096//180010
PAGO
:61:090527D000000004000,00NTRF000055450851//180010
PAGO
:61:090527D000000000500,00NTRF000055449410//180010
PAGO
:61:090527D000000001100,00NTRF000055245988//180010
PAGO
:61:090527D000000008000,00NTRF000055127646//180010
PAGO
:61:090527D000000000344,77NTRF000031344676//180010
PAGO
:62M:D090527VEF000034999465,95
-}{5:{CHK:1143FB20924B}}{S:{COP:S}}${1:F21VZCRVECAAXXX5410610696}{4:{177:0404021720}{451:0}}{1:F01VZCRVECAAXXX5410610696}{2:09501717040402VZCRVECAAXXX40812675430404021720N}{3:{108:SCONNECT}}{4:
:20:MI090527
:25:1111111111
:28C:0628/344
:60M:D090527VEF000034999465,95
:61:090527D000000000684,88NTRF000031294132//180010
PAGO
:61:090527D000000000330,00NTRF000031194628//180010
PAGO
:61:090527D000000005450,00NTRF000031111033//180010
PAGO
:61:090527D000000000925,00NTRF000030987582//180010
PAGO
:61:090527D000000003000,00NTRF000030904891//180010
PAGO
:61:090527D000000000260,00NTRF000030857630//180010
PAGO
:61:090527D000000000080,00NTRF000030675696//180010
PAGO
:61:090527D000000002131,04NTRF000030433851//180010
PAGO
:61:090527D000000004800,00NTRF000004131153//180010
PAGO
:62M:D090527VEF000035017126,87
-}{5:{CHK:1143FB20924B}}{S:{COP:S}}${1:F21VZCRVECAAXXX5410610696}{4:{177:0404021720}{451:0}}{1:F01VZCRVECAAXXX5410610696}{2:09501717040402VZCRVECAAXXX40812675430404021720N}{3:{108:SCONNECT}}{4:
:20:MI090527
:25:1111111111
:28C:0628/345
:60M:D090527VEF000035017126,87
:61:090527D000000000271,00NTRF000004059790//180010
PAGO
:61:090527D000000000103,00NTRF000003705817//180010
PAGO
:61:090527D000000000657,04NTRF000003549543//180010
PAGO
:61:090527D000000000320,00NTRF000003262860//180010
PAGO
:61:090527D000000001800,00NTRF000003133560//180010
PAGO
:61:090527D000000002519,79NTRF000003109973//180010
PAGO
:61:090527D000000000200,00NTRF000002936339//180010
PAGO
:61:090527D000000000469,23NTRF000002823207//180010
PAGO
:61:090527D000000001019,00NTRF000070060316//180010
PAGO
:62M:D090527VEF000035024485,93
-}{5:{CHK:1143FB20924B}}{S:{COP:S}}${1:F21VZCRVECAAXXX5410610696}{4:{177:0404021720}{451:0}}{1:F01VZCRVECAAXXX5410610696}{2:09501717040402VZCRVECAAXXX40812675430404021720N}{3:{108:SCONNECT}}{4:
:20:MI090527
:25:1111111111
:28C:0628/346
:60M:D090527VEF000035024485,93
:61:090527D000000024000,00NTRF000069966845//180010
PAGO
:61:090527D000000005997,86NTRF000069705165//180010
PAGO
:61:090527D000000000100,00NTRF000069512507//180010
PAGO
:61:090527D000000000600,00NTRF000069485020//180010
PAGO
:61:090527D000000001786,00NTRF000068861768//180010
PAGO
:61:090527D000000000150,00NTRF000068475104//180010
PAGO
:61:090527D000000000200,00NTRF000068426113//180010
PAGO
:61:090527D000000000128,44NTRF000068092720//180010
PAGO
:61:090527D000000000800,00NTRF000037276891//180010
PAGO
:62M:D090527VEF000035058248,23
-}{5:{CHK:1143FB20924B}}{S:{COP:S}}${1:F21VZCRVECAAXXX5410610696}{4:{177:0404021720}{451:0}}{1:F01VZCRVECAAXXX5410610696}{2:09501717040402VZCRVECAAXXX40812675430404021720N}{3:{108:SCONNECT}}{4:
:20:MI090527
:25:1111111111
:28C:0628/347
:60M:D090527VEF000035058248,23
:61:090527D000000009980,00NTRF000036803810//180010
PAGO
:61:090527D000000000166,32NTRF000036637807//180010
PAGO
:61:090527D000000001000,00NTRF000035985327//180010
PAGO
:61:090527D000000001981,00NTRF000035484792//180010
PAGO
:61:090527D000000001728,00NTRF000035481168//180010
PAGO
:61:090527D000000001000,00NTRF000035252755//180010
PAGO
:61:090527D000000000500,00NTRF000035096964//180010
PAGO
:61:090527D000000000116,00NTRF000035029197//180010
PAGO
:61:090527D000000010752,00NTRF000000126015//180010
PAGO
:62M:D090527VEF000035085471,55
-}{5:{CHK:1143FB20924B}}{S:{COP:S}}${1:F21VZCRVECAAXXX5410610696}{4:{177:0404021720}{451:0}}{1:F01VZCRVECAAXXX5410610696}{2:09501717040402VZCRVECAAXXX40812675430404021720N}{3:{108:SCONNECT}}{4:
:20:MI090527
:25:1111111111
:28C:0628/348
:60M:D090527VEF000035085471,55
:61:090527D000000003718,91NTRF000000126010//180010
PAGO
:61:090527D000000007777,25NTRF000000035955//180010
PAGO
:61:090527D000000001151,54NTRF000000035954//180010
PAGO
:61:090527D000000002742,46NTRF000000035953//180010
PAGO
:61:090527D000000011735,36NTRF000000000010//180010
PAGO
:61:090527D000000001625,08NTRF000000000007//180010
PAGO
:61:090527D000000000925,92NTRF000000000006//180010
PAGO
:61:090527D000000002923,04NTRF000000000005//180010
PAGO
:61:090527D000000000243,26NTRF000083733404//180010
PAGO
:62M:D090527VEF000035118314,37
-}{5:{CHK:1143FB20924B}}{S:{COP:S}}${1:F21VZCRVECAAXXX5410610696}{4:{177:0404021720}{451:0}}{1:F01VZCRVECAAXXX5410610696}{2:09501717040402VZCRVECAAXXX40812675430404021720N}{3:{108:SCONNECT}}{4:
:20:MI090527
:25:1111111111
:28C:0628/349
:60M:D090527VEF000035118314,37
:61:090527D000000001580,00NTRF000083723025//180010
PAGO
:61:090527D000000009000,00NTRF000083663431//180010
PAGO
:61:090527D000000000380,30NTRF000083368515//180010
PAGO
:61:090527D000000009250,00NTRF000083220964//180010
PAGO
:61:090527D000000016964,41NTRF000083211093//180010
PAGO
:61:090527D000000000158,00NTRF000083109924//180010
PAGO
:61:090527D000000000150,00NTRF000082910006//180010
PAGO
:61:090527D000000000200,00NTRF000082899543//180010
PAGO
:61:090527D000000000400,00NTRF000069124465//180010
PAGO
:62M:D090527VEF000035156397,08
-}{5:{CHK:1143FB20924B}}{S:{COP:S}}${1:F21VZCRVECAAXXX5410610696}{4:{177:0404021720}{451:0}}{1:F01VZCRVECAAXXX5410610696}{2:09501717040402VZCRVECAAXXX40812675430404021720N}{3:{108:SCONNECT}}{4:
:20:MI090527
:25:1111111111
:28C:0628/350
:60M:D090527VEF000035156397,08
:61:090527D000000000250,00NTRF000069034917//180010
PAGO
:61:090527D000000000300,00NTRF000068951578//180010
PAGO
:61:090527D000000000131,87NTRF000068725447//180010
PAGO
:61:090527D000000001900,60NTRF000068717217//180010
PAGO
:61:090527D000000000305,00NTRF000068711980//180010
PAGO
:61:090527D000000000150,00NTRF000068699350//180010
PAGO
:61:090527D000000000281,00NTRF000068686368//180010
PAGO
:61:090527D000000000300,00NTRF000068580500//180010
PAGO
:61:090527D000000000500,00NTRF000050285245//180010
PAGO
:62M:D090527VEF000035160515,55
-}{5:{CHK:1143FB20924B}}{S:{COP:S}}${1:F21VZCRVECAAXXX5410610696}{4:{177:0404021720}{451:0}}{1:F01VZCRVECAAXXX5410610696}{2:09501717040402VZCRVECAAXXX40812675430404021720N}{3:{108:SCONNECT}}{4:
:20:MI090527
:25:1111111111
:28C:0628/351
:60M:D090527VEF000035160515,55
:61:090527D000000002115,00NTRF000050099940//180010
PAGO
:61:090527D000000001600,00NTRF000050074547//180010
PAGO
:61:090527D000000001000,00NTRF000050022015//180010
PAGO
:61:090527D000000001777,00NTRF000049875884//180010
PAGO
:61:090527D000000008353,52NTRF000049747622//180010
PAGO
:61:090527D000000000550,00NTRF000049627824//180010
PAGO
:61:090527D000000002000,00NTRF000049613858//180010
PAGO
:61:090527D000000000100,00NTRF000049274084//180010
PAGO
:61:090527D000000000120,00NTRF000033310885//180010
PAGO
:62M:D090527VEF000035178131,07
-}{5:{CHK:1143FB20924B}}{S:{COP:S}}${1:F21VZCRVECAAXXX5410610696}{4:{177:0404021720}{451:0}}{1:F01VZCRVECAAXXX5410610696}{2:09501717040402VZCRVECAAXXX40812675430404021720N}{3:{108:SCONNECT}}{4:
:20:MI090527
:25:1111111111
:28C:0628/352
:60M:D090527VEF000035178131,07
:61:090527D000000006000,00NTRF000033260297//180010
PAGO
:61:090527D000000003824,80NTRF000033110920//180010
PAGO
:61:090527D000000000400,00NTRF000033082433//180010
PAGO
:61:090527D000000000523,85NTRF000033025106//180010
PAGO
:61:090527D000000000864,00NTRF000032727027//180010
PAGO
:61:090527D000000006415,90NTRF000032686186//180010
PAGO
:61:090527D000000000300,00NTRF000032619468//180010
PAGO
:61:090527D000000000010,00NTRF000032401255//180010
PAGO
:61:090527D000000002000,00NTRF000013592008//180010
PAGO
:62M:D090527VEF000035198469,62
-}{5:{CHK:1143FB20924B}}{S:{COP:S}}${1:F21VZCRVECAAXXX5410610696}{4:{177:0404021720}{451:0}}{1:F01VZCRVECAAXXX5410610696}{2:09501717040402VZCRVECAAXXX40812675430404021720N}{3:{108:SCONNECT}}{4:
:20:MI090527
:25:1111111111
:28C:0628/353
:60M:D090527VEF000035198469,62
:61:090527D000000024562,21NTRF000013575046//180010
PAGO
:61:090527D000000000362,47NTRF000013549680//180010
PAGO
:61:090527D000000012160,28NTRF000013322347//180010
PAGO
:61:090527D000000000450,00NTRF000013260245//180010
PAGO
:61:090527D000000000300,00NTRF000013188451//180010
PAGO
:61:090527D000000000450,00NTRF000013166063//180010
PAGO
:61:090527D000000000300,00NTRF000012972634//180010
PAGO
:61:090527D000000000350,00NTRF000012965858//180010
PAGO
:61:090527D000000004490,00NTRF000092299317//180010
PAGO
:62M:D090527VEF000035241894,58
-}{5:{CHK:1143FB20924B}}{S:{COP:S}}${1:F21VZCRVECAAXXX5410610696}{4:{177:0404021720}{451:0}}{1:F01VZCRVECAAXXX5410610696}{2:09501717040402VZCRVECAAXXX40812675430404021720N}{3:{108:SCONNECT}}{4:
:20:MI090527
:25:1111111111
:28C:0628/354
:60M:D090527VEF000035241894,58
:61:090527D000000000700,00NTRF000092281339//180010
PAGO
:61:090527D000000000850,00NTRF000092000465//180010
PAGO
:61:090527D000000000082,00NTRF000091398765//180010
PAGO
:61:090527D000000000150,00NTRF000090346515//180010
PAGO
:61:090527D000000000200,00NTRF000090076578//180010
PAGO
:61:090527D000000000244,50NTRF000090059324//180010
PAGO
:61:090527D000000001245,00NTRF000089997675//180010
PAGO
:61:090527D000000000161,00NTRF000089972389//180010
PAGO
:61:090527D000000000500,00NTRF000062009274//180010
PAGO
:62M:D090527VEF000035246027,08
-}{5:{CHK:1143FB20924B}}{S:{COP:S}}${1:F21VZCRVECAAXXX5410610696}{4:{177:0404021720}{451:0}}{1:F01VZCRVECAAXXX5410610696}{2:09501717040402VZCRVECAAXXX40812675430404021720N}{3:{108:SCONNECT}}{4:
:20:MI090527
:25:1111111111
:28C:0628/355
:60M:D090527VEF000035246027,08
:61:090527D000000000500,00NTRF000061507264//180010
PAGO
:61:090527D000000000355,00NTRF000061426198//180010
PAGO
:61:090527D000000000500,00NTRF000061422425//180010
PAGO
:61:090527D000000000500,00NTRF000061421264//180010
PAGO
:61:090527D000000000750,00NTRF000061413666//180010
PAGO
:61:090527D000000000880,00NTRF000061301099//180010
PAGO
:61:090527D000000000150,00NTRF000061243675//180010
PAGO
:61:090527D000000000300,00NTRF000061206608//180010
PAGO
:61:090527D000000000200,00NTRF000032481266//180010
PAGO
:62M:D090527VEF000035250162,08
-}{5:{CHK:1143FB20924B}}{S:{COP:S}}${1:F21VZCRVECAAXXX5410610696}{4:{177:0404021720}{451:0}}{1:F01VZCRVECAAXXX5410610696}{2:09501717040402VZCRVECAAXXX40812675430404021720N}{3:{108:SCONNECT}}{4:
:20:MI090527
:25:1111111111
:28C:0628/356
:60M:D090527VEF000035250162,08
:61:090527D000000000104,00NTRF000032452044//180010
PAGO
:61:090527D000000000230,00NTRF000032439787//180010
PAGO
:61:090527D000000000005,00NTRF000032349179//180010
PAGO
:61:090527D000000000195,00NTRF000032293315//180010
PAGO
:61:090527D000000000120,00NTRF000031646355//180010
PAGO
:61:090527D000000000120,00NTRF000031586355//180010
PAGO
:61:090527D000000000200,00NTRF000031551522//180010
PAGO
:61:090527D000000001500,00NTRF000031543886//180010
PAGO
:61:090527D000000000200,00NTRF000006082358//180010
PAGO
:62M:D090527VEF000035252836,08
-}{5:{CHK:1143FB20924B}}{S:{COP:S}}${1:F21VZCRVECAAXXX5410610696}{4:{177:0404021720}{451:0}}{1:F01VZCRVECAAXXX5410610696}{2:09501717040402VZCRVECAAXXX40812675430404021720N}{3:{108:SCONNECT}}{4:
:20:MI090527
:25:1111111111
:28C:0628/357
:60M:D090527VEF000035252836,08
:61:090527D000000000150,00NTRF000005907431//180010
PAGO
:61:090527D000000000300,00NTRF000005760705//180010
PAGO
:61:090527D000000001007,40NTRF000005675099//180010
PAGO
:61:090527D000000002669,18NTRF000005560636//180010
PAGO
:61:090527D000000000105,00NTRF000005266552//180010
PAGO
:61:090527D000000000050,00NTRF000004575002//180010
PAGO
:61:090527D000000000300,00NTRF000004358047//180010
PAGO
:61:090527D000000000615,00NTRF000004340604//180010
PAGO
:61:090527D000000001172,00NTRF000000918725//180010
PAGO
:62M:D090527VEF000035259204,66
-}{5:{CHK:1143FB20924B}}{S:{COP:S}}${1:F21VZCRVECAAXXX5410610696}{4:{177:0404021720}{451:0}}{1:F01VZCRVECAAXXX5410610696}{2:09501717040402VZCRVECAAXXX40812675430404021720N}{3:{108:SCONNECT}}{4:
:20:MI090527
:25:1111111111
:28C:0628/358
:60M:D090527VEF000035259204,66
:61:090527D000000008377,93NTRF000000918705//180010
PAGO
:61:090527D000000001430,26NTRF000000918606//180010
PAGO
:61:090527D000000001499,00NTRF000000918603//180010
PAGO
:61:090527D000000004057,47NTRF000000918411//180010
PAGO
:61:090527D000000001397,99NTRF000000918404//180010
PAGO
:61:090527D000000000153,39NTRF000000918301//180010
PAGO
:61:090527D000000002708,41NTRF000000918116//180010
PAGO
:61:090527D000000003383,63NTRF000000918108//180010
PAGO
:61:090527D000000000127,30NTRF000090000561//180010
PAGO
:62M:D090527VEF000035282340,04
-}{5:{CHK:1143FB20924B}}{S:{COP:S}}${1:F21VZCRVECAAXXX5410610696}{4:{177:0404021720}{451:0}}{1:F01VZCRVECAAXXX5410610696}{2:09501717040402VZCRVECAAXXX40812675430404021720N}{3:{108:SCONNECT}}{4:
:20:MI090527
:25:1111111111
:28C:0628/359
:60M:D090527VEF000035282340,04
:61:090527D000000000166,20NTRF000090000560//180010
PAGO
:61:090527D000000000046,40NTRF000090000559//180010
PAGO
:61:090527D000000000100,70NTRF000090000558//180010
PAGO
:61:090527D000000000123,80NTRF000090000557//180010
PAGO
:61:090527D000000001237,50NTRF000090000556//180010
PAGO
:61:090527D000000000391,60NTRF000090000555//180010
PAGO
:61:090527D000000001381,20NTRF000090000554//180010
PAGO
:61:090527D000000000433,50NTRF000090000553//180010
PAGO
:61:090527D000000000332,50NTRF000090000417//180010
PAGO
:62M:D090527VEF000035286553,44
-}{5:{CHK:1143FB20924B}}{S:{COP:S}}${1:F21VZCRVECAAXXX5410610696}{4:{177:0404021720}{451:0}}{1:F01VZCRVECAAXXX5410610696}{2:09501717040402VZCRVECAAXXX40812675430404021720N}{3:{108:SCONNECT}}{4:
:20:MI090527
:25:1111111111
:28C:0628/360
:60M:D090527VEF000035286553,44
:61:090527D000000000631,20NTRF000090000416//180010
PAGO
:61:090527D000000000788,30NTRF000090000415//180010
PAGO
:61:090527D000000000224,60NTRF000090000414//180010
PAGO
:61:090527D000000000225,10NTRF000090000413//180010
PAGO
:61:090527D000000000707,50NTRF000090000412//180010
PAGO
:61:090527D000000000024,50NTRF000090000411//180010
PAGO
:61:090527D000000000519,60NTRF000090000410//180010
PAGO
:61:090527D000000000152,70NTRF000090000409//180010
PAGO
:61:090527D000000000171,00NTRF000090000273//180010
PAGO
:62M:D090527VEF000035289997,94
-}{5:{CHK:1143FB20924B}}{S:{COP:S}}${1:F21VZCRVECAAXXX5410610696}{4:{177:0404021720}{451:0}}{1:F01VZCRVECAAXXX5410610696}{2:09501717040402VZCRVECAAXXX40812675430404021720N}{3:{108:SCONNECT}}{4:
:20:MI090527
:25:1111111111
:28C:0628/361
:60M:D090527VEF000035289997,94
:61:090527D000000000410,80NTRF000090000272//180010
PAGO
:61:090527D000000000248,00NTRF000090000271//180010
PAGO
:61:090527D000000000634,40NTRF000090000270//180010
PAGO
:61:090527D000000000976,80NTRF000090000269//180010
PAGO
:61:090527D000000000848,90NTRF000090000268//180010
PAGO
:61:090527D000000000146,10NTRF000090000267//180010
PAGO
:61:090527D000000000209,30NTRF000090000266//180010
PAGO
:61:090527D000000000343,20NTRF000090000265//180010
PAGO
:61:090527D000000000335,80NTRF000090000126//180010
PAGO
:62M:D090527VEF000035294151,24
-}{5:{CHK:1143FB20924B}}{S:{COP:S}}${1:F21VZCRVECAAXXX5410610696}{4:{177:0404021720}{451:0}}{1:F01VZCRVECAAXXX5410610696}{2:09501717040402VZCRVECAAXXX40812675430404021720N}{3:{108:SCONNECT}}{4:
:20:MI090527
:25:1111111111
:28C:0628/362
:60M:D090527VEF000035294151,24
:61:090527D000000000075,10NTRF000090000125//180010
PAGO
:61:090527D000000000677,10NTRF000090000124//180010
PAGO
:61:090527D000000000707,20NTRF000090000123//180010
PAGO
:61:090527D000000000250,40NTRF000090000122//180010
PAGO
:61:090527D000000000277,30NTRF000090000121//180010
PAGO
:61:090527D000000000351,70NTRF000090000120//180010
PAGO
:61:090527D000000000094,50NTRF000090000119//180010
PAGO
:61:090527D000000000507,20NTRF000090000109//180010
PAGO
:61:090527D000000001764,18NTRF000041001523//180010
PAGO
:62M:D090527VEF000035298855,92
-}{5:{CHK:1143FB20924B}}{S:{COP:S}}${1:F21VZCRVECAAXXX5410610696}{4:{177:0404021720}{451:0}}{1:F01VZCRVECAAXXX5410610696}{2:09501717040402VZCRVECAAXXX40812675430404021720N}{3:{108:SCONNECT}}{4:
:20:MI090527
:25:1111111111
:28C:0628/363
:60M:D090527VEF000035298855,92
:61:090527D000000001915,80NTRF000041001522//180010
PAGO
:61:090527D000000002016,54NTRF000041001521//180010
PAGO
:61:090527D000000001327,74NTRF000041001520//180010
PAGO
:61:090527D000000000660,65NTRF000041001519//180010
PAGO
:61:090527D000000000489,30NTRF000041001517//180010
PAGO
:61:090527D000000001425,00NTRF000041001516//180010
PAGO
:61:090527D000000001161,30NTRF000041001515//180010
PAGO
:61:090527D000000002376,00NTRF000000002673//180010
PAGO
:61:090527D000000000040,00NTRF000000000004//180010
PAGO
:62M:D090527VEF000035310268,25
-}{5:{CHK:1143FB20924B}}{S:{COP:S}}${1:F21VZCRVECAAXXX5410610696}{4:{177:0404021720}{451:0}}{1:F01VZCRVECAAXXX5410610696}{2:09501717040402VZCRVECAAXXX40812675430404021720N}{3:{108:SCONNECT}}{4:
:20:MI090527
:25:1111111111
:28C:0628/364
:60M:D090527VEF000035310268,25
:61:090527D000000000085,00NTRF000000000003//180010
PAGO
:61:090527D000000000568,00NTRF000000000002//180010
PAGO
:61:090527D000000000085,00NTRF000000000001//180010
PAGO
:61:090527D000000000280,00NTRF000000000121//180010
PAGO
:61:090527D000000028444,22NTRF000000000662//180010
PAGO
:61:090527D000000000792,13NTRF000000000661//180010
PAGO
:61:090527D000000050995,00NTRF000000000659//180010
PAGO
:61:090527D000000002231,57NTRF000000000658//180010
PAGO
:61:090527D000000021506,46NTRF000000000658//180010
PAGO
:62M:D090527VEF000035415255,63
-}{5:{CHK:1143FB20924B}}{S:{COP:S}}${1:F21VZCRVECAAXXX5410610696}{4:{177:0404021720}{451:0}}{1:F01VZCRVECAAXXX5410610696}{2:09501717040402VZCRVECAAXXX40812675430404021720N}{3:{108:SCONNECT}}{4:
:20:MI090527
:25:1111111111
:28C:0628/365
:60M:D090527VEF000035415255,63
:61:090527D000000016461,84NTRF000000000657//180010
PAGO
:61:090527D000000024080,00NTRF000000000657//180010
PAGO
:61:090527D000000002240,00NTRF000000000656//180010
PAGO
:61:090527D000000003270,07NTRF000000000655//180010
PAGO
:61:090527D000000000200,00NTRF000047932484//180010
PAGO
:61:090527D000000015000,00NTRF000046889004//180010
PAGO
:61:090527D000000003840,00NTRF000043964711//180010
PAGO
:61:090527D000000002000,00NTRF000042629339//180010
PAGO
:61:090527D000000000850,00NTRF000042220671//180010
PAGO
:62M:D090527VEF000035483197,54
-}{5:{CHK:1143FB20924B}}{S:{COP:S}}${1:F21VZCRVECAAXXX5410610696}{4:{177:0404021720}{451:0}}{1:F01VZCRVECAAXXX5410610696}{2:09501717040402VZCRVECAAXXX40812675430404021720N}{3:{108:SCONNECT}}{4:
:20:MI090527
:25:1111111111
:28C:0628/366
:60M:D090527VEF000035483197,54
:61:090527D000000000734,70NTRF000041074595//180010
PAGO
:61:090527D000000000515,00NTRF000039694933//180010
PAGO
:61:090527D000000001310,00NTRF000038060346//180010
PAGO
:61:090527D000000003000,00NTRF000037676775//180010
PAGO
:61:090527D000000004000,00NTRF000081718599//180010
PAGO
:61:090527D000000000100,00NTRF000081706683//180010
PAGO
:61:090527D000000000360,00NTRF000081186977//180010
PAGO
:61:090527D000000000605,00NTRF000081019435//180010
PAGO
:61:090527D000000000255,12NTRF000080985595//180010
PAGO
:62M:D090527VEF000035494077,36
-}{5:{CHK:1143FB20924B}}{S:{COP:S}}${1:F21VZCRVECAAXXX5410610696}{4:{177:0404021720}{451:0}}{1:F01VZCRVECAAXXX5410610696}{2:09501717040402VZCRVECAAXXX40812675430404021720N}{3:{108:SCONNECT}}{4:
:20:MI090527
:25:1111111111
:28C:0628/367
:60M:D090527VEF000035494077,36
:61:090527D000000000050,00NTRF000080721788//180010
PAGO
:61:090527D000000002500,00NTRF000080385120//180010
PAGO
:61:090527D000000000390,00NTRF000080078779//180010
PAGO
:61:090527D000000000300,00NTRF000080032686//180010
PAGO
:61:090527D000000001250,00NTRF000055028270//180010
PAGO
:61:090527D000000000250,00NTRF000054829540//180010
PAGO
:61:090527D000000010000,00NTRF000054691641//180010
PAGO
:61:090527D000000001250,00NTRF000054536885//180010
PAGO
:61:090527D000000000500,00NTRF000054452394//180010
PAGO
:62M:D090527VEF000035510567,36
-}{5:{CHK:1143FB20924B}}{S:{COP:S}}${1:F21VZCRVECAAXXX5410610696}{4:{177:0404021720}{451:0}}{1:F01VZCRVECAAXXX5410610696}{2:09501717040402VZCRVECAAXXX40812675430404021720N}{3:{108:SCONNECT}}{4:
:20:MI090527
:25:1111111111
:28C:0628/368
:60M:D090527VEF000035510567,36
:61:090527D000000000200,00NTRF000054427797//180010
PAGO
:61:090527D000000000300,00NTRF000054019757//180010
PAGO
:61:090527D000000001500,00NTRF000053883994//180010
PAGO
:61:090527D000000000650,00NTRF000053857039//180010
PAGO
:61:090527D000000000080,00NTRF000030299012//180010
PAGO
:61:090527D000000000964,35NTRF000030238078//180010
PAGO
:61:090527D000000004900,00NTRF000030182089//180010
PAGO
:61:090527D000000000860,00NTRF000030046661//180010
PAGO
:61:090527D000000000500,00NTRF000029969400//180010
PAGO
:62M:D090527VEF000035520521,71
-}{5:{CHK:1143FB20924B}}{S:{COP:S}}${1:F21VZCRVECAAXXX5410610696}{4:{177:0404021720}{451:0}}{1:F01VZCRVECAAXXX5410610696}{2:09501717040402VZCRVECAAXXX40812675430404021720N}{3:{108:SCONNECT}}{4:
:20:MI090527
:25:1111111111
:28C:0628/369
:60M:D090527VEF000035520521,71
:61:090527D000000000602,00NTRF000029346591//180010
PAGO
:61:090527D000000005000,00NTRF000029295086//180010
PAGO
:61:090527D000000001000,00NTRF000029228248//180010
PAGO
:61:090527D000000000900,00NTRF000028914798//180010
PAGO
:61:090527D000000000479,24NTRF000002656732//180010
PAGO
:61:090527D000000014500,00NTRF000002282932//180010
PAGO
:61:090527D000000000330,13NTRF000002138418//180010
PAGO
:61:090527D000000001000,00NTRF000002121042//180010
PAGO
:61:090527D000000000095,00NTRF000001664945//180010
PAGO
:62M:D090527VEF000035544428,08
-}{5:{CHK:1143FB20924B}}{S:{COP:S}}${1:F21VZCRVECAAXXX5410610696}{4:{177:0404021720}{451:0}}{1:F01VZCRVECAAXXX5410610696}{2:09501717040402VZCRVECAAXXX40812675430404021720N}{3:{108:SCONNECT}}{4:
:20:MI090527
:25:1111111111
:28C:0628/370
:60M:D090527VEF000035544428,08
:61:090527D000000001437,70NTRF000001662307//180010
PAGO
:61:090527D000000000041,00NTRF000001636923//180010
PAGO
:61:090527D000000000200,00NTRF000001489211//180010
PAGO
:61:090527D000000000050,00NTRF000001340114//180010
PAGO
:61:090527D000000000860,00NTRF000068056480//180010
PAGO
:61:090527D000000001000,00NTRF000067405973//180010
PAGO
:61:090527D000000000100,00NTRF000067376346//180010
PAGO
:61:090527D000000000100,00NTRF000067261346//180010
PAGO
:61:090527D000000002056,84NTRF000067234002//180010
PAGO
:62M:D090527VEF000035550273,62
-}{5:{CHK:1143FB20924B}}{S:{COP:S}}${1:F21VZCRVECAAXXX5410610696}{4:{177:0404021720}{451:0}}{1:F01VZCRVECAAXXX5410610696}{2:09501717040402VZCRVECAAXXX40812675430404021720N}{3:{108:SCONNECT}}{4:
:20:MI090527
:25:1111111111
:28C:0628/371
:60M:D090527VEF000035550273,62
:61:090527D000000000502,00NTRF000067101080//180010
PAGO
:61:090527D000000000117,00NTRF000066724879//180010
PAGO
:61:090527D000000000500,00NTRF000066429541//180010
PAGO
:61:090527D000000000100,00NTRF000064880533//180010
PAGO
:61:090527D000000000500,00NTRF000034910964//180010
PAGO
:61:090527D000000000750,00NTRF000034788345//180010
PAGO
:61:090527D000000002100,00NTRF000034572020//180010
PAGO
:61:090527D000000000259,00NTRF000033993978//180010
PAGO
:61:090527D000000003708,00NTRF000033846121//180010
PAGO
:62M:D090527VEF000035558809,62
-}{5:{CHK:1143FB20924B}}{S:{COP:S}}${1:F21VZCRVECAAXXX5410610696}{4:{177:0404021720}{451:0}}{1:F01VZCRVECAAXXX5410610696}{2:09501717040402VZCRVECAAXXX40812675430404021720N}{3:{108:SCONNECT}}{4:
:20:MI090527
:25:1111111111
:28C:0628/372
:60M:D090527VEF000035558809,62
:61:090527D000000000019,00NTRF000033143670//180010
PAGO
:61:090527D000000006500,00NTRF000032917691//180010
PAGO
:61:090527D000000000760,00NTRF000032585391//180010
PAGO
:61:090527D000000000706,00NTRF000032266243//180010
PAGO
:61:090527D000000002008,84NTRF000000000004//180010
PAGO
:61:090527D000000000688,40NTRF000000000003//180010
PAGO
:61:090527D000000014713,44NTRF000000000002//180010
PAGO
:61:090527D000000003959,76NTRF000000000001//180010
PAGO
:61:090527D000000000300,00NTRF000099983812//180010
PAGO
:62M:D090527VEF000035588465,06
-}{5:{CHK:1143FB20924B}}{S:{COP:S}}${1:F21VZCRVECAAXXX5410610696}{4:{177:0404021720}{451:0}}{1:F01VZCRVECAAXXX5410610696}{2:09501717040402VZCRVECAAXXX40812675430404021720N}{3:{108:SCONNECT}}{4:
:20:MI090527
:25:1111111111
:28C:0628/373
:60M:D090527VEF000035588465,06
:61:090527D000000000200,00NTRF000099950891//180010
PAGO
:61:090527D000000000076,00NTRF000099925924//180010
PAGO
:61:090527D000000000240,00NTRF000099872345//180010
PAGO
:61:090527D000000000220,00NTRF000099760872//180010
PAGO
:61:090527D000000000700,00NTRF000082825679//180010
PAGO
:61:090527D000000000010,00NTRF000082809879//180010
PAGO
:61:090527D000000000167,00NTRF000082783703//180010
PAGO
:61:090527D000000001000,00NTRF000082739591//180010
PAGO
:61:090527D000000000500,00NTRF000082407290//180010
PAGO
:62M:D090527VEF000035591578,06
-}{5:{CHK:1143FB20924B}}{S:{COP:S}}${1:F21VZCRVECAAXXX5410610696}{4:{177:0404021720}{451:0}}{1:F01VZCRVECAAXXX5410610696}{2:09501717040402VZCRVECAAXXX40812675430404021720N}{3:{108:SCONNECT}}{4:
:20:MI090527
:25:1111111111
:28C:0628/374
:60M:D090527VEF000035591578,06
:61:090527D000000002000,00NTRF000082098568//180010
PAGO
:61:090527D000000001000,00NTRF000082065743//180010
PAGO
:61:090527D000000000300,00NTRF000082062068//180010
PAGO
:61:090527D000000001000,00NTRF000082053870//180010
PAGO
:61:090527D000000001000,00NTRF000068420775//180010
PAGO
:61:090527D000000000070,00NTRF000068346948//180010
PAGO
:61:090527D000000000050,00NTRF000067845413//180010
PAGO
:61:090527D000000000300,00NTRF000067771452//180010
PAGO
:61:090527D000000000372,00NTRF000067737949//180010
PAGO
:62M:D090527VEF000035597670,06
-}{5:{CHK:1143FB20924B}}{S:{COP:S}}${1:F21VZCRVECAAXXX5410610696}{4:{177:0404021720}{451:0}}{1:F01VZCRVECAAXXX5410610696}{2:09501717040402VZCRVECAAXXX40812675430404021720N}{3:{108:SCONNECT}}{4:
:20:MI090527
:25:1111111111
:28C:0628/375
:60M:D090527VEF000035597670,06
:61:090527D000000001048,00NTRF000067620804//180010
PAGO
:61:090527D000000003550,00NTRF000067473460//180010
PAGO
:61:090527D000000000200,00NTRF000067468949//180010
PAGO
:61:090527D000000001300,00NTRF000067354855//180010
PAGO
:61:090527D000000000800,00NTRF000048825150//180010
PAGO
:61:090527D000000002950,00NTRF000048780010//180010
PAGO
:61:090527D000000006502,50NTRF000048759569//180010
PAGO
:61:090527D000000000150,00NTRF000048719815//180010
PAGO
:61:090527D000000000457,00NTRF000048648317//180010
PAGO
:62M:D090527VEF000035614627,56
-}{5:{CHK:1143FB20924B}}{S:{COP:S}}${1:F21VZCRVECAAXXX5410610696}{4:{177:0404021720}{451:0}}{1:F01VZCRVECAAXXX5410610696}{2:09501717040402VZCRVECAAXXX40812675430404021720N}{3:{108:SCONNECT}}{4:
:20:MI090527
:25:1111111111
:28C:0628/376
:60M:D090527VEF000035614627,56
:61:090527D000000000500,00NTRF000048553450//180010
PAGO
:61:090527D000000001800,00NTRF000048435064//180010
PAGO
:61:090527D000000000200,00NTRF000048359657//180010
PAGO
:61:090527D000000001200,00NTRF000048253473//180010
PAGO
:61:090527D000000001120,00NTRF000032371330//180010
PAGO
:61:090527D000000000500,00NTRF000031983117//180010
PAGO
:61:090527D000000002220,00NTRF000031959796//180010
PAGO
:61:090527D000000002987,04NTRF000031832517//180010
PAGO
:61:090527D000000000384,58NTRF000031810949//180010
PAGO
:62M:D090527VEF000035625539,18
-}{5:{CHK:1143FB20924B}}{S:{COP:S}}${1:F21VZCRVECAAXXX5410610696}{4:{177:0404021720}{451:0}}{1:F01VZCRVECAAXXX5410610696}{2:09501717040402VZCRVECAAXXX40812675430404021720N}{3:{108:SCONNECT}}{4:
:20:MI090527
:25:1111111111
:28C:0628/377
:60M:D090527VEF000035625539,18
:61:090527D000000001800,00NTRF000031657365//180010
PAGO
:61:090527D000000000250,00NTRF000031570058//180010
PAGO
:61:090527D000000000600,00NTRF000031519882//180010
PAGO
:61:090527D000000002500,00NTRF000031509143//180010
PAGO
:61:090527D000000001890,00NTRF000012926221//180010
PAGO
:61:090527D000000010300,00NTRF000012608579//180010
PAGO
:61:090527D000000002000,00NTRF000012233038//180010
PAGO
:61:090527D000000001351,10NTRF000012174266//180010
PAGO
:61:090527D000000000350,00NTRF000012103095//180010
PAGO
:62M:D090527VEF000035646580,28
-}{5:{CHK:1143FB20924B}}{S:{COP:S}}${1:F21VZCRVECAAXXX5410610696}{4:{177:0404021720}{451:0}}{1:F01VZCRVECAAXXX5410610696}{2:09501717040402VZCRVECAAXXX40812675430404021720N}{3:{108:SCONNECT}}{4:
:20:MI090527
:25:1111111111
:28C:0628/378
:60M:D090527VEF000035646580,28
:61:090527D000000000090,00NTRF000012048122//180010
PAGO
:61:090527D000000000200,00NTRF000011901733//180010
PAGO
:61:090527D000000002000,00NTRF000011747754//180010
PAGO
:61:090527D000000003000,00NTRF000011690620//180010
PAGO
:61:090527D000000000295,00NTRF000089804728//180010
PAGO
:61:090527D000000000400,00NTRF000089551386//180010
PAGO
:61:090527D000000002110,00NTRF000089522566//180010
PAGO
:61:090527D000000000100,00NTRF000089230680//180010
PAGO
:61:090527D000000000070,00NTRF000089102502//180010
PAGO
:62M:D090527VEF000035654845,28
-}{5:{CHK:1143FB20924B}}{S:{COP:S}}${1:F21VZCRVECAAXXX5410610696}{4:{177:0404021720}{451:0}}{1:F01VZCRVECAAXXX5410610696}{2:09501717040402VZCRVECAAXXX40812675430404021720N}{3:{108:SCONNECT}}{4:
:20:MI090527
:25:1111111111
:28C:0628/379
:60M:D090527VEF000035654845,28
:61:090527D000000003435,00NTRF000089091380//180010
PAGO
:61:090527D000000000350,00NTRF000089023835//180010
PAGO
:61:090527D000000000210,00NTRF000089020004//180010
PAGO
:61:090527D000000000710,00NTRF000089009882//180010
PAGO
:61:090527D000000000500,00NTRF000060971512//180010
PAGO
:61:090527D000000000500,00NTRF000060803544//180010
PAGO
:61:090527D000000000600,00NTRF000060488689//180010
PAGO
:61:090527D000000001100,00NTRF000060273592//180010
PAGO
:61:090527D000000000700,00NTRF000060063423//180010
PAGO
:62M:D090527VEF000035662950,28
-}{5:{CHK:1143FB20924B}}{S:{COP:S}}${1:F21VZCRVECAAXXX5410610696}{4:{177:0404021720}{451:0}}{1:F01VZCRVECAAXXX5410610696}{2:09501717040402VZCRVECAAXXX40812675430404021720N}{3:{108:SCONNECT}}{4:
:20:MI090527
:25:1111111111
:28C:0628/380
:60M:D090527VEF000035662950,28
:61:090527D000000000200,00NTRF000060048433//180010
PAGO
:61:090527D000000001000,00NTRF000059884258//180010
PAGO
:61:090527D000000000191,17NTRF000059844129//180010
PAGO
:61:090527D000000000100,00NTRF000059622394//180010
PAGO
:61:090527D000000001500,00NTRF000031485886//180010
PAGO
:61:090527D000000000200,00NTRF000031423522//180010
PAGO
:61:090527D000000000200,00NTRF000031364522//180010
PAGO
:61:090527D000000000050,00NTRF000031342746//180010
PAGO
:61:090527D000000000050,00NTRF000031280140//180010
PAGO
:62M:D090527VEF000035666441,45
-}{5:{CHK:1143FB20924B}}{S:{COP:S}}${1:F21VZCRVECAAXXX5410610696}{4:{177:0404021720}{451:0}}{1:F01VZCRVECAAXXX5410610696}{2:09501717040402VZCRVECAAXXX40812675430404021720N}{3:{108:SCONNECT}}{4:
:20:MI090527
:25:1111111111
:28C:0628/381
:60M:D090527VEF000035666441,45
:61:090527D000000001000,00NTRF000030600391//180010
PAGO
:61:090527D000000000540,00NTRF000029570387//180010
PAGO
:61:090527D000000000200,00NTRF000029290934//180010
PAGO
:61:090527D000000000200,00NTRF000029246047//180010
PAGO
:61:090527D000000001324,18NTRF000004311726//180010
PAGO
:61:090527D000000003000,00NTRF000004229677//180010
PAGO
:61:090527D000000000212,24NTRF000004144279//180010
PAGO
:61:090527D000000000200,00NTRF000004092101//180010
PAGO
:61:090527D000000000200,00NTRF000004002101//180010
PAGO
:62M:D090527VEF000035673317,87
-}{5:{CHK:1143FB20924B}}{S:{COP:S}}${1:F21VZCRVECAAXXX5410610696}{4:{177:0404021720}{451:0}}{1:F01VZCRVECAAXXX5410610696}{2:09501717040402VZCRVECAAXXX40812675430404021720N}{3:{108:SCONNECT}}{4:
:20:MI090527
:25:1111111111
:28C:0628/382
:60M:D090527VEF000035673317,87
:61:090527D000000000050,00NTRF000003502523//180010
PAGO
:61:090527D000000000060,00NTRF000003412679//180010
PAGO
:61:090527D000000000300,00NTRF000003174604//180010
PAGO
:61:090527D000000001071,82NTRF000002971487//180010
PAGO
:61:090527D000000001648,00NTRF000000918107//180010
PAGO
:61:090527D000000012421,80NTRF000000918096//180010
PAGO
:61:090527D000000001854,00NTRF000000918094//180010
PAGO
:61:090527D000000001246,30NTRF000000918093//180010
PAGO
:61:090527D000000001442,00NTRF000000918092//180010
PAGO
:62M:D090527VEF000035693411,79
-}{5:{CHK:1143FB20924B}}{S:{COP:S}}${1:F21VZCRVECAAXXX5410610696}{4:{177:0404021720}{451:0}}{1:F01VZCRVECAAXXX5410610696}{2:09501717040402VZCRVECAAXXX40812675430404021720N}{3:{108:SCONNECT}}{4:
:20:MI090527
:25:1111111111
:28C:0628/383
:60M:D090527VEF000035693411,79
:61:090527D000000025523,40NTRF000000918091//180010
PAGO
:61:090527D000000009074,30NTRF000000918041//180010
PAGO
:61:090527D000000002436,61NTRF000000918027//180010
PAGO
:61:090527D000000005238,80NTRF000000918003//180010
PAGO
:61:090527D000000001382,30NTRF000090000552//180010
PAGO
:61:090527D000000000353,80NTRF000090000551//180010
PAGO
:61:090527D000000001141,30NTRF000090000550//180010
PAGO
:61:090527D000000000210,90NTRF000090000549//180010
PAGO
:61:090527D000000000053,90NTRF000090000548//180010
PAGO
:62M:D090527VEF000035738827,10
-}{5:{CHK:1143FB20924B}}{S:{COP:S}}${1:F21VZCRVECAAXXX5410610696}{4:{177:0404021720}{451:0}}{1:F01VZCRVECAAXXX5410610696}{2:09501717040402VZCRVECAAXXX40812675430404021720N}{3:{108:SCONNECT}}{4:
:20:MI090527
:25:1111111111
:28C:0628/384
:60M:D090527VEF000035738827,10
:61:090527D000000000343,00NTRF000090000547//180010
PAGO
:61:090527D000000000560,60NTRF000090000546//180010
PAGO
:61:090527D000000000240,90NTRF000090000545//180010
PAGO
:61:090527D000000000233,60NTRF000090000544//180010
PAGO
:61:090527D000000000287,30NTRF000090000408//180010
PAGO
:61:090527D000000000473,20NTRF000090000407//180010
PAGO
:61:090527D000000000067,00NTRF000090000406//180010
PAGO
:61:090527D000000000218,10NTRF000090000405//180010
PAGO
:61:090527D000000000328,20NTRF000090000404//180010
PAGO
:62M:D090527VEF000035741579,00
-}{5:{CHK:1143FB20924B}}{S:{COP:S}}${1:F21VZCRVECAAXXX5410610696}{4:{177:0404021720}{451:0}}{1:F01VZCRVECAAXXX5410610696}{2:09501717040402VZCRVECAAXXX40812675430404021720N}{3:{108:SCONNECT}}{4:
:20:MI090527
:25:1111111111
:28C:0628/385
:60M:D090527VEF000035741579,00
:61:090527D000000000207,50NTRF000090000403//180010
PAGO
:61:090527D000000000336,10NTRF000090000402//180010
PAGO
:61:090527D000000000119,40NTRF000090000401//180010
PAGO
:61:090527D000000000228,20NTRF000090000400//180010
PAGO
:61:090527D000000000169,00NTRF000090000264//180010
PAGO
:61:090527D000000000373,40NTRF000090000263//180010
PAGO
:61:090527D000000000391,80NTRF000090000262//180010
PAGO
:61:090527D000000000201,00NTRF000090000261//180010
PAGO
:61:090527D000000000229,30NTRF000090000260//180010
PAGO
:62M:D090527VEF000035743834,70
-}{5:{CHK:1143FB20924B}}{S:{COP:S}}${1:F21VZCRVECAAXXX5410610696}{4:{177:0404021720}{451:0}}{1:F01VZCRVECAAXXX5410610696}{2:09501717040402VZCRVECAAXXX40812675430404021720N}{3:{108:SCONNECT}}{4:
:20:MI090527
:25:1111111111
:28C:0628/386
:60M:D090527VEF000035743834,70
:61:090527D000000000759,60NTRF000090000259//180010
PAGO
:61:090527D000000000118,40NTRF000090000258//180010
PAGO
:61:090527D000000000222,60NTRF000090000257//180010
PAGO
:61:090527D000000000369,40NTRF000090000256//180010
PAGO
:61:090527D000000000165,80NTRF000090000118//180010
PAGO
:61:090527D000000000187,00NTRF000090000117//180010
PAGO
:61:090527D000000000167,20NTRF000090000116//180010
PAGO
:61:090527D000000000105,50NTRF000090000115//180010
PAGO
:61:090527D000000000057,40NTRF000090000114//180010
PAGO
:62M:D090527VEF000035745987,60
-}{5:{CHK:1143FB20924B}}{S:{COP:S}}${1:F21VZCRVECAAXXX5410610696}{4:{177:0404021720}{451:0}}{1:F01VZCRVECAAXXX5410610696}{2:09501717040402VZCRVECAAXXX40812675430404021720N}{3:{108:SCONNECT}}{4:
:20:MI090527
:25:1111111111
:28C:0628/387
:60M:D090527VEF000035745987,60
:61:090527D000000000272,80NTRF000090000113//180010
PAGO
:61:090527D000000000240,20NTRF000090000112//180010
PAGO
:61:090527D000000000078,10NTRF000090000111//180010
PAGO
:61:090527D000000000256,40NTRF000090000110//180010
PAGO
:61:090527D000000000416,50NTRF000041001514//180010
PAGO
:61:090527D000000000840,00NTRF000041001513//180010
PAGO
:61:090527D000000000510,00NTRF000041001512//180010
PAGO
:61:090527D000000002176,53NTRF000041001511//180010
PAGO
:61:090527D000000001760,00NTRF000041001508//180010
PAGO
:62M:D090527VEF000035752538,13
-}{5:{CHK:1143FB20924B}}{S:{COP:S}}${1:F21VZCRVECAAXXX5410610696}{4:{177:0404021720}{451:0}}{1:F01VZCRVECAAXXX5410610696}{2:09501717040402VZCRVECAAXXX40812675430404021720N}{3:{108:SCONNECT}}{4:
:20:MI090527
:25:1111111111
:28C:0628/388
:60M:D090527VEF000035752538,13
:61:090527D000000001382,52NTRF000041001507//180010
PAGO
:61:090527D000000001769,95NTRF000041001506//180010
PAGO
:61:090527D000000000728,96NTRF000041001505//180010
PAGO
:61:090527D000000001761,83NTRF000041001504//180010
PAGO
:61:090527D000000000642,00NTRF000000000654//180010
PAGO
:61:090527D000000000414,84NTRF000000000591//180010
PAGO
:61:090527D000000044701,98NTRF000000000003//180010
PAGO
:61:090527D000000000268,21NTRF000000000002//180010
PAGO
:61:090527D000000000017,88NTRF000000000001//180010
PAGO
:62M:D090527VEF000035804226,30
-}{5:{CHK:1143FB20924B}}{S:{COP:S}}${1:F21VZCRVECAAXXX5410610696}{4:{177:0404021720}{451:0}}{1:F01VZCRVECAAXXX5410610696}{2:09501717040402VZCRVECAAXXX40812675430404021720N}{3:{108:SCONNECT}}{4:
:20:MI090527
:25:1111111111
:28C:0628/389
:60M:D090527VEF000035804226,30
:61:090527D000000354799,93NTRF000000066921//180010
PAGO
:61:090527D000000105693,30NTRF000000066919//180010
PAGO
:61:090527D000000036500,00NTRF000000066904//180010
PAGO
:61:090527D000000240000,00NTRF000000066902//180010
PAGO
:61:090527D000000020000,00NTRF000037351088//180010
PAGO
:61:090527D000000000600,00NTRF000036220367//180010
PAGO
:61:090527D000000010000,00NTRF000032980244//180010
PAGO
:61:090527D000000002500,00NTRF000032970311//180010
PAGO
:61:090527D000000023300,00NTRF000031631037//180010
PAGO
:62M:D090527VEF000036597619,53
-}{5:{CHK:1143FB20924B}}{S:{COP:S}}${1:F21VZCRVECAAXXX5410610696}{4:{177:0404021720}{451:0}}{1:F01VZCRVECAAXXX5410610696}{2:09501717040402VZCRVECAAXXX40812675430404021720N}{3:{108:SCONNECT}}{4:
:20:MI090527
:25:1111111111
:28C:0628/390
:60M:D090527VEF000036597619,53
:61:090527D000000001800,00NTRF000030949348//180010
PAGO
:61:090527D000000003206,91NTRF000030826145//180010
PAGO
:61:090527D000000000405,00NTRF000026729342//180010
PAGO
:61:090527D000000000120,00NTRF000026665751//180010
PAGO
:61:090527D000000000600,00NTRF000079779509//180010
PAGO
:61:090527D000000000400,00NTRF000079717497//180010
PAGO
:61:090527D000000008654,50NTRF000079399240//180010
PAGO
:61:090527D000000000600,00NTRF000079341597//180010
PAGO
:61:090527D000000000200,00NTRF000079328254//180010
PAGO
:62M:D090527VEF000036613605,94
-}{5:{CHK:1143FB20924B}}{S:{COP:S}}${1:F21VZCRVECAAXXX5410610696}{4:{177:0404021720}{451:0}}{1:F01VZCRVECAAXXX5410610696}{2:09501717040402VZCRVECAAXXX40812675430404021720N}{3:{108:SCONNECT}}{4:
:20:MI090527
:25:1111111111
:28C:0628/391
:60M:D090527VEF000036613605,94
:61:090527D000000000200,00NTRF000079286943//180010
PAGO
:61:090527D000000000200,00NTRF000079135883//180010
PAGO
:61:090527D000000000350,00NTRF000079084558//180010
PAGO
:61:090527D000000001200,00NTRF000079058982//180010
PAGO
:61:090527D000000003500,00NTRF000053794752//180010
PAGO
:61:090527D000000000160,00NTRF000053699326//180010
PAGO
:61:090527D000000000132,00NTRF000053611715//180010
PAGO
:61:090527D000000001200,00NTRF000053395549//180010
PAGO
:61:090527D000000003070,00NTRF000053315405//180010
PAGO
:62M:D090527VEF000036623617,94
-}{5:{CHK:1143FB20924B}}{S:{COP:S}}${1:F21VZCRVECAAXXX5410610696}{4:{177:0404021720}{451:0}}{1:F01VZCRVECAAXXX5410610696}{2:09501717040402VZCRVECAAXXX40812675430404021720N}{3:{108:SCONNECT}}{4:
:20:MI090527
:25:1111111111
:28C:0628/392
:60M:D090527VEF000036623617,94
:61:090527D000000000900,00NTRF000053229929//180010
PAGO
:61:090527D000000000074,00NTRF000053147401//180010
PAGO
:61:090527D000000002500,00NTRF000053059548//180010
PAGO
:61:090527D000000000449,88NTRF000052927452//180010
PAGO
:61:090527D000000000430,00NTRF000028037142//180010
PAGO
:61:090527D000000004200,00NTRF000027642112//180010
PAGO
:61:090527D000000000600,00NTRF000027511933//180010
PAGO
:61:090527D000000002200,00NTRF000027407726//180010
PAGO
:61:090527D000000005000,00NTRF000026878900//180010
PAGO
:62M:D090527VEF000036639971,82
-}{5:{CHK:1143FB20924B}}{S:{COP:S}}${1:F21VZCRVECAAXXX5410610696}{4:{177:0404021720}{451:0}}{1:F01VZCRVECAAXXX5410610696}{2:09501717040402VZCRVECAAXXX40812675430404021720N}{3:{108:SCONNECT}}{4:
:20:MI090527
:25:1111111111
:28C:0628/393
:60M:D090527VEF000036639971,82
:61:090527D000000046200,00NTRF000026759102//180010
PAGO
:61:090527D000000000500,00NTRF000026593814//180010
PAGO
:61:090527D000000000300,00NTRF000025968870//180010
PAGO
:61:090527D000000002110,06NTRF000025827506//180010
PAGO
:61:090527D000000000466,43NTRF000001319362//180010
PAGO
:61:090527D000000002000,00NTRF000001053923//180010
PAGO
:61:090527D000000004200,00NTRF000000870006//180010
PAGO
:61:090527D000000002030,00NTRF000000796610//180010
PAGO
:61:090527D000000000223,91NTRF000000580680//180010
PAGO
:62M:D090527VEF000036698002,22
-}{5:{CHK:1143FB20924B}}{S:{COP:S}}${1:F21VZCRVECAAXXX5410610696}{4:{177:0404021720}{451:0}}{1:F01VZCRVECAAXXX5410610696}{2:09501717040402VZCRVECAAXXX40812675430404021720N}{3:{108:SCONNECT}}{4:
:20:MI090527
:25:1111111111
:28C:0628/394
:60M:D090527VEF000036698002,22
:61:090527D000000000650,00NTRF000000491918//180010
PAGO
:61:090527D000000000650,00NTRF000000462240//180010
PAGO
:61:090527D000000002000,00NTRF000000299322//180010
PAGO
:61:090527D000000000188,00NTRF000000209581//180010
PAGO
:61:090527D000000007500,00NTRF000064501912//180010
PAGO
:61:090527D000000000115,00NTRF000064460744//180010
PAGO
:61:090527D000000000500,00NTRF000064238298//180010
PAGO
:61:090527D000000000300,00NTRF000064105409//180010
PAGO
:61:090527D000000002028,57NTRF000064046918//180010
PAGO
:62M:D090527VEF000036711933,79
-}{5:{CHK:1143FB20924B}}{S:{COP:S}}${1:F21VZCRVECAAXXX5410610696}{4:{177:0404021720}{451:0}}{1:F01VZCRVECAAXXX5410610696}{2:09501717040402VZCRVECAAXXX40812675430404021720N}{3:{108:SCONNECT}}{4:
:20:MI090527
:25:1111111111
:28C:0628/395
:60M:D090527VEF000036711933,79
:61:090527D000000000250,00NTRF000063724825//180010
PAGO
:61:090527D000000000250,00NTRF000063722076//180010
PAGO
:61:090527D000000000500,00NTRF000063720682//180010
PAGO
:61:090527D000000000250,00NTRF000063717052//180010
PAGO
:61:090527D000000000030,00NTRF000031849938//180010
PAGO
:61:090527D000000000200,00NTRF000031739254//180010
PAGO
:61:090527D000000001300,00NTRF000031488232//180010
PAGO
:61:090527D000000000030,00NTRF000030949303//180010
PAGO
:61:090527D000000000400,00NTRF000030533104//180010
PAGO
:62M:D090527VEF000036715143,79
-}{5:{CHK:1143FB20924B}}{S:{COP:S}}${1:F21VZCRVECAAXXX5410610696}{4:{177:0404021720}{451:0}}{1:F01VZCRVECAAXXX5410610696}{2:09501717040402VZCRVECAAXXX40812675430404021720N}{3:{108:SCONNECT}}{4:
:20:MI090527
:25:1111111111
:28C:0628/396
:60M:D090527VEF000036715143,79
:61:090527D000000000530,02NTRF000029782454//180010
PAGO
:61:090527D000000008182,08NTRF000029389638//180010
PAGO
:61:090527D000000002434,11NTRF000028917820//180010
PAGO
:61:090527D000000007468,27NTRF000028769065//180010
PAGO
:61:090527D000000013735,05NTRF000001405370//180010
PAGO
:61:090527D000000002730,00NTRF000001405369//180010
PAGO
:61:090527D000000004587,16NTRF000001405368//180010
PAGO
:61:090527D000000028756,65NTRF000001405367//180010
PAGO
:61:090527D000000005120,00NTRF000001405365//180010
PAGO
:62M:D090527VEF000036788687,13
-}{5:{CHK:1143FB20924B}}{S:{COP:S}}${1:F21VZCRVECAAXXX5410610696}{4:{177:0404021720}{451:0}}{1:F01VZCRVECAAXXX5410610696}{2:09501717040402VZCRVECAAXXX40812675430404021720N}{3:{108:SCONNECT}}{4:
:20:MI090527
:25:1111111111
:28C:0628/397
:60M:D090527VEF000036788687,13
:61:090527D000000077737,50NTRF000001405364//180010
PAGO
:61:090527D000000005951,23NTRF000001405363//180010
PAGO
:61:090527D000000037397,94NTRF000001405361//180010
PAGO
:61:090527D000000025000,00NTRF000001405360//180010
PAGO
:61:090527D000000016934,40NTRF000001405359//180010
PAGO
:61:090527D000000006787,20NTRF000001405358//180010
PAGO
:61:090527D000001177488,40NTRF000001405352//180010
PAGO
:61:090527D000000395412,50NTRF000001405349//180010
PAGO
:61:090527D000000160951,57NTRF000001405347//180010
PAGO
:62M:D090527VEF000038692347,87
-}{5:{CHK:1143FB20924B}}{S:{COP:S}}${1:F21VZCRVECAAXXX5410610696}{4:{177:0404021720}{451:0}}{1:F01VZCRVECAAXXX5410610696}{2:09501717040402VZCRVECAAXXX40812675430404021720N}{3:{108:SCONNECT}}{4:
:20:MI090527
:25:1111111111
:28C:0628/398
:60M:D090527VEF000038692347,87
:61:090527D000000102900,00NTRF000001405342//180010
PAGO
:61:090527D000000022026,75NTRF000001405334//180010
PAGO
:61:090527D000000043699,82NTRF000000086919//180010
PAGO
:61:090527D000001289431,11NTRF000000086917//180010
PAGO
:61:090527D000000050455,77NTRF000000086912//180010
PAGO
:61:090527D000000045323,72NTRF000000086911//180010
PAGO
:61:090527D000000041071,01NTRF000000086910//180010
PAGO
:61:090527D000000212333,34NTRF000000086909//180010
PAGO
:61:090527D000000001060,50NTRF000000086908//180010
PAGO
:62M:D090527VEF000040500649,89
-}{5:{CHK:1143FB20924B}}{S:{COP:S}}${1:F21VZCRVECAAXXX5410610696}{4:{177:0404021720}{451:0}}{1:F01VZCRVECAAXXX5410610696}{2:09501717040402VZCRVECAAXXX40812675430404021720N}{3:{108:SCONNECT}}{4:
:20:MI090527
:25:1111111111
:28C:0628/399
:60M:D090527VEF000040500649,89
:61:090527D000000000963,20NTRF000000086907//180010
PAGO
:61:090527D000000008000,00NTRF000000086906//180010
PAGO
:61:090527D000000008910,00NTRF000000086903//180010
PAGO
:61:090527C000040518523,09NTRF000020090527//180010
N/C
:62F:C090527VEF000000000000,00
-}{5:{CHK:1143FB20924B}}{S:{COP:S}}