{1:F21VZCRVECAAXXX5410610696}{4:{177:0404021720}{451:0}}{1:F01VZCRVECAAXXX5410610696}{2:09501717040402VZCRVECAAXXX40812675430404021720N}{3:{108:SCONNECT}}{4:
:20:MI081209
:25:2222222222
:28C:0515/001
:60F:C081209VEF000000000000,00
:61:081209C000000158170,21NTRF000000000017//180008
PAGO
:61:081209C000000044600,01NTRF000000000018//180008
PAGO
:61:081209C000000000209,61NTRF000000000001//180008
PAGO
:62M:C081209VEF000000202979,83
-}{5:{CHK:1143FB20924B}}{S:{COP:S}}${1:F21VZCRVECAAXXX5410610696}{4:{177:0404021720}{451:0}}{1:F01VZCRVECAAXXX5410610696}{2:09501717040402VZCRVECAAXXX40812675430404021720N}{3:{108:SCONNECT}}{4:
:20:MI081209
:25:2222222222
:28C:0515/002
:60M:C081209VEF000000202979,83
:61:081209C000000045850,25NTRF000000003587//180008
PAGO
:61:081209C000000052211,50NTRF000000003584//180008
PAGO
:61:081209C000000026386,72NTRF000000003580//180008
PAGO
:61:081209C000000046003,67NTRF000000003593//180008
PAGO
:61:081209C000000050000,00NTRF000000001579//180008
PAGO
:61:081209C000000003325,00NTRF000000001662//180008
PAGO
:61:081209C000000000900,00NTRF000000001664//180008
PAGO
:61:081209C000000010213,14NTRF000000000047//180008
PAGO
:61:081209C000000017986,84NTRF000000000034//180008
PAGO
:62M:C081209VEF000000455856,95
-}{5:{CHK:1143FB20924B}}{S:{COP:S}}${1:F21VZCRVECAAXXX5410610696}{4:{177:0404021720}{451:0}}{1:F01VZCRVECAAXXX5410610696}{2:09501717040402VZCRVECAAXXX40812675430404021720N}{3:{108:SCONNECT}}{4:
:20:MI081209
:25:2222222222
:28C:0515/003
:60M:C081209VEF000000455856,95
:61:081209C000000004862,12NTRF000000000035//180008
PAGO
:61:081209C000000004900,38NTRF000000000036//180008
PAGO
:61:081209C000000017055,30NTRF000000000038//180008
PAGO
:61:081209C000000008792,59NTRF000000000041//180008
PAGO
:61:081209C000000015710,51NTRF000000000042//180008
PAGO
:61:081209C000000007076,52NTRF000000000043//180008
PAGO
:61:081209C000000022033,60NTRF000000000044//180008
PAGO
:61:081209C000000003887,69NTRF000000000045//180008
PAGO
:61:081209C000000014764,54NTRF000000000046//180008
PAGO
:62M:C081209VEF000000554940,20
-}{5:{CHK:1143FB20924B}}{S:{COP:S}}${1:F21VZCRVECAAXXX5410610696}{4:{177:0404021720}{451:0}}{1:F01VZCRVECAAXXX5410610696}{2:09501717040402VZCRVECAAXXX40812675430404021720N}{3:{108:SCONNECT}}{4:
:20:MI081209
:25:2222222222
:28C:0515/004
:60M:C081209VEF000000554940,20
:61:081209C000000023796,66NTRF000000000024//180008
PAGO
:61:081209C000000003916,19NTRF000000000033//180008
PAGO
:61:081209C000000000165,50NTRF000000000015//180008
PAGO
:61:081209C000000004000,00NTRF000000131571//180008
PAGO
:61:081209C000000000503,00NTRF000000131658//180008
PAGO
:61:081209C000000005487,12NTRF000000131720//180008
PAGO
:61:081209C000000000180,00NTRF000000131756//180008
PAGO
:61:081209C000000000400,00NTRF000000131758//180008
PAGO
:61:081209C000000005000,00NTRF000000131845//180008
PAGO
:62M:C081209VEF000000598388,67
-}{5:{CHK:1143FB20924B}}{S:{COP:S}}${1:F21VZCRVECAAXXX5410610696}{4:{177:0404021720}{451:0}}{1:F01VZCRVECAAXXX5410610696}{2:09501717040402VZCRVECAAXXX40812675430404021720N}{3:{108:SCONNECT}}{4:
:20:MI081209
:25:2222222222
:28C:0515/005
:60M:C081209VEF000000598388,67
:61:081209C000000000200,00NTRF000000130897//180008
PAGO
:61:081209C000000002210,57NTRF000000130933//180008
PAGO
:61:081209C000000001500,00NTRF000000130979//180008
PAGO
:61:081209C000000001450,00NTRF000000131114//180008
PAGO
:61:081209C000000001500,00NTRF000000131123//180008
PAGO
:61:081209C000000001500,00NTRF000000131126//180008
PAGO
:61:081209C000000001500,00NTRF000000131132//180008
PAGO
:61:081209C000000001500,00NTRF000000131138//180008
PAGO
:61:081209C000000001500,00NTRF000000131146//180008
PAGO
:62M:C081209VEF000000611249,24
-}{5:{CHK:1143FB20924B}}{S:{COP:S}}${1:F21VZCRVECAAXXX5410610696}{4:{177:0404021720}{451:0}}{1:F01VZCRVECAAXXX5410610696}{2:09501717040402VZCRVECAAXXX40812675430404021720N}{3:{108:SCONNECT}}{4:
:20:MI081209
:25:2222222222
:28C:0515/006
:60M:C081209VEF000000611249,24
:61:081209C000000003000,00NTRF000000131288//180008
PAGO
:61:081209C000000001000,00NTRF000000131289//180008
PAGO
:61:081209C000000000400,00NTRF000000131329//180008
PAGO
:61:081209C000000001400,00NTRF000000131330//180008
PAGO
:61:081209C000000002000,00NTRF000000130287//180008
PAGO
:61:081209C000000000344,00NTRF000000130315//180008
PAGO
:61:081209C000000000158,00NTRF000000130390//180008
PAGO
:61:081209C000000000126,00NTRF000000130392//180008
PAGO
:61:081209C000000005886,39NTRF000000130421//180008
PAGO
:62M:C081209VEF000000625563,63
-}{5:{CHK:1143FB20924B}}{S:{COP:S}}${1:F21VZCRVECAAXXX5410610696}{4:{177:0404021720}{451:0}}{1:F01VZCRVECAAXXX5410610696}{2:09501717040402VZCRVECAAXXX40812675430404021720N}{3:{108:SCONNECT}}{4:
:20:MI081209
:25:2222222222
:28C:0515/007
:60M:C081209VEF000000625563,63
:61:081209C000000010000,00NTRF000000130434//180008
PAGO
:61:081209C000000000703,25NTRF000000130491//180008
PAGO
:61:081209C000000000100,00NTRF000000130499//180008
PAGO
:61:081209C000000000325,00NTRF000000130526//180008
PAGO
:61:081209C000000000400,00NTRF000000130676//180008
PAGO
:61:081209C000000000682,00NTRF000000130799//180008
PAGO
:61:081209C000000005000,00NTRF000000130803//180008
PAGO
:61:081209C000000000569,53NTRF000000130836//180008
PAGO
:61:081209C000000003650,00NTRF000000129847//180008
PAGO
:62M:C081209VEF000000646993,41
-}{5:{CHK:1143FB20924B}}{S:{COP:S}}${1:F21VZCRVECAAXXX5410610696}{4:{177:0404021720}{451:0}}{1:F01VZCRVECAAXXX5410610696}{2:09501717040402VZCRVECAAXXX40812675430404021720N}{3:{108:SCONNECT}}{4:
:20:MI081209
:25:2222222222
:28C:0515/008
:60M:C081209VEF000000646993,41
:61:081209C000000015000,00NTRF000000129877//180008
PAGO
:61:081209C000000000210,00NTRF000000129931//180008
PAGO
:61:081209C000000001000,00NTRF000000129951//180008
PAGO
:61:081209C000000000850,00NTRF000000129995//180008
PAGO
:61:081209C000000000500,00NTRF000000130001//180008
PAGO
:61:081209C000000000900,00NTRF000000130017//180008
PAGO
:61:081209C000000002075,00NTRF000000130067//180008
PAGO
:61:081209C000000002000,00NTRF000000130073//180008
PAGO
:61:081209C000000007000,00NTRF000000130104//180008
PAGO
:62M:C081209VEF000000676528,41
-}{5:{CHK:1143FB20924B}}{S:{COP:S}}${1:F21VZCRVECAAXXX5410610696}{4:{177:0404021720}{451:0}}{1:F01VZCRVECAAXXX5410610696}{2:09501717040402VZCRVECAAXXX40812675430404021720N}{3:{108:SCONNECT}}{4:
:20:MI081209
:25:2222222222
:28C:0515/009
:60M:C081209VEF000000676528,41
:61:081209C000000000900,00NTRF000000130118//180008
PAGO
:61:081209C000000000250,00NTRF000000130128//180008
PAGO
:61:081209C000000001600,00NTRF000000130234//180008
PAGO
:61:081209C000000005000,00NTRF000000129373//180008
PAGO
:61:081209C000000000820,00NTRF000000129417//180008
PAGO
:61:081209C000000001000,00NTRF000000129429//180008
PAGO
:61:081209C000000002000,00NTRF000000129434//180008
PAGO
:61:081209C000000000800,00NTRF000000133200//180008
PAGO
:61:081209C000000000420,00NTRF000000133207//180008
PAGO
:62M:C081209VEF000000689318,41
-}{5:{CHK:1143FB20924B}}{S:{COP:S}}${1:F21VZCRVECAAXXX5410610696}{4:{177:0404021720}{451:0}}{1:F01VZCRVECAAXXX5410610696}{2:09501717040402VZCRVECAAXXX40812675430404021720N}{3:{108:SCONNECT}}{4:
:20:MI081209
:25:2222222222
:28C:0515/010
:60M:C081209VEF000000689318,41
:61:081209C000000000200,00NTRF000000133282//180008
PAGO
:61:081209C000000000600,00NTRF000000133346//180008
PAGO
:61:081209C000000002000,00NTRF000000133382//180008
PAGO
:61:081209C000000007306,97NTRF000002447344//180008
PAGO
:61:081209C000000003038,00NTRF000002447345//180008
PAGO
:61:081209C000000000215,26NTRF000002447427//180008
PAGO
:61:081209C000000000150,00NTRF000000132336//180008
PAGO
:61:081209C000000000343,15NTRF000002447463//180008
PAGO
:61:081209C000000000035,00NTRF000000133617//180008
PAGO
:62M:C081209VEF000000703206,79
-}{5:{CHK:1143FB20924B}}{S:{COP:S}}${1:F21VZCRVECAAXXX5410610696}{4:{177:0404021720}{451:0}}{1:F01VZCRVECAAXXX5410610696}{2:09501717040402VZCRVECAAXXX40812675430404021720N}{3:{108:SCONNECT}}{4:
:20:MI081209
:25:2222222222
:28C:0515/011
:60M:C081209VEF000000703206,79
:61:081209C000000005000,00NTRF000000133636//180008
PAGO
:61:081209C000000000350,00NTRF000000133661//180008
PAGO
:61:081209C000000000324,44NTRF000003231095//180008
PAGO
:61:081209C000000056217,04NTRF000003231138//180008
PAGO
:61:081209C000000002709,58NTRF000003231197//180008
PAGO
:61:081209C000000002709,58NTRF000003231239//180008
PAGO
:61:081209C000000006931,52NTRF000003231272//180008
PAGO
:61:081209C000000001782,20NTRF000000134937//180008
PAGO
:61:081209C000000002000,00NTRF000000134987//180008
PAGO
:62M:C081209VEF000000781231,15
-}{5:{CHK:1143FB20924B}}{S:{COP:S}}${1:F21VZCRVECAAXXX5410610696}{4:{177:0404021720}{451:0}}{1:F01VZCRVECAAXXX5410610696}{2:09501717040402VZCRVECAAXXX40812675430404021720N}{3:{108:SCONNECT}}{4:
:20:MI081209
:25:2222222222
:28C:0515/012
:60M:C081209VEF000000781231,15
:61:081209C000000000306,00NTRF000000135042//180008
PAGO
:61:081209C000000004300,00NTRF000000134061//180008
PAGO
:61:081209C000000001088,58NTRF000000134119//180008
PAGO
:61:081209C000000001600,00NTRF000000134122//180008
PAGO
:61:081209C000000001321,16NTRF000000134130//180008
PAGO
:61:081209C000000002000,00NTRF000000134149//180008
PAGO
:61:081209C000000000200,00NTRF000000134161//180008
PAGO
:61:081209C000000042388,43NTRF000002447638//180008
PAGO
:61:081209C000000000224,03NTRF000002447639//180008
PAGO
:62M:C081209VEF000000834659,35
-}{5:{CHK:1143FB20924B}}{S:{COP:S}}${1:F21VZCRVECAAXXX5410610696}{4:{177:0404021720}{451:0}}{1:F01VZCRVECAAXXX5410610696}{2:09501717040402VZCRVECAAXXX40812675430404021720N}{3:{108:SCONNECT}}{4:
:20:MI081209
:25:2222222222
:28C:0515/013
:60M:C081209VEF000000834659,35
:61:081209C000000000200,00NTRF000000135335//180008
PAGO
:61:081209C000000287188,56NTRF000003231286//180008
PAGO
:61:081209C000000029179,38NTRF000003231298//180008
PAGO
:61:081209C000000000150,00NTRF000003231804//180008
PAGO
:61:081209C000000001602,45NTRF000003232034//180008
PAGO
:61:081209C000000002000,00NTRF000000134331//180008
PAGO
:61:081209C000000000300,00NTRF000000134375//180008
PAGO
:61:081209C000000000555,00NTRF000003232326//180008
PAGO
:61:081209C000000000100,00NTRF000003232334//180008
PAGO
:62M:C081209VEF000001155934,74
-}{5:{CHK:1143FB20924B}}{S:{COP:S}}${1:F21VZCRVECAAXXX5410610696}{4:{177:0404021720}{451:0}}{1:F01VZCRVECAAXXX5410610696}{2:09501717040402VZCRVECAAXXX40812675430404021720N}{3:{108:SCONNECT}}{4:
:20:MI081209
:25:2222222222
:28C:0515/014
:60M:C081209VEF000001155934,74
:61:081209C000000000100,00NTRF000003232375//180008
PAGO
:61:081209C000000000050,00NTRF000003232381//180008
PAGO
:61:081209C000000000490,80NTRF000003232559//180008
PAGO
:61:081209C000000014707,72NTRF000003232561//180008
PAGO
:61:081209C000000001646,33NTRF000003232592//180008
PAGO
:61:081209C000000001245,95NTRF000003232593//180008
PAGO
:61:081209C000000003211,76NTRF000003232594//180008
PAGO
:61:081209C000000016220,45NTRF000003233450//180008
PAGO
:61:081209C000000001000,00NTRF000000137614//180008
PAGO
:62M:C081209VEF000001194607,75
-}{5:{CHK:1143FB20924B}}{S:{COP:S}}${1:F21VZCRVECAAXXX5410610696}{4:{177:0404021720}{451:0}}{1:F01VZCRVECAAXXX5410610696}{2:09501717040402VZCRVECAAXXX40812675430404021720N}{3:{108:SCONNECT}}{4:
:20:MI081209
:25:2222222222
:28C:0515/015
:60M:C081209VEF000001194607,75
:61:081209C000000001671,66NTRF000003232656//180008
PAGO
:61:081209C000000001794,42NTRF000003232657//180008
PAGO
:61:081209C000000002332,43NTRF000003232658//180008
PAGO
:61:081209C000000002042,50NTRF000003232659//180008
PAGO
:61:081209C000000002263,26NTRF000003232696//180008
PAGO
:61:081209C000000000537,31NTRF000003232750//180008
PAGO
:61:081209C000000002454,92NTRF000003232812//180008
PAGO
:61:081209C000000002710,60NTRF000003232971//180008
PAGO
:61:081209C000000003908,87NTRF000003232972//180008
PAGO
:62M:C081209VEF000001214323,72
-}{5:{CHK:1143FB20924B}}{S:{COP:S}}${1:F21VZCRVECAAXXX5410610696}{4:{177:0404021720}{451:0}}{1:F01VZCRVECAAXXX5410610696}{2:09501717040402VZCRVECAAXXX40812675430404021720N}{3:{108:SCONNECT}}{4:
:20:MI081209
:25:2222222222
:28C:0515/016
:60M:C081209VEF000001214323,72
:61:081209C000000003535,27NTRF000003232974//180008
PAGO
:61:081209C000000002470,27NTRF000003233066//180008
PAGO
:61:081209C000000002065,24NTRF000003233215//180008
PAGO
:61:081209C000000003814,49NTRF000003233237//180008
PAGO
:61:081209C000000001094,99NTRF000003233238//180008
PAGO
:61:081209C000000002167,92NTRF000003233393//180008
PAGO
:61:081209C000000001782,04NTRF000003233411//180008
PAGO
:61:081209C000000001313,63NTRF000003232965//180008
PAGO
:61:081209C000000006000,00NTRF000000137847//180008
PAGO
:62M:C081209VEF000001238567,57
-}{5:{CHK:1143FB20924B}}{S:{COP:S}}${1:F21VZCRVECAAXXX5410610696}{4:{177:0404021720}{451:0}}{1:F01VZCRVECAAXXX5410610696}{2:09501717040402VZCRVECAAXXX40812675430404021720N}{3:{108:SCONNECT}}{4:
:20:MI081209
:25:2222222222
:28C:0515/017
:60M:C081209VEF000001238567,57
:61:081209C000000000200,00NTRF000000137858//180008
PAGO
:61:081209C000000001300,00NTRF000000137842//180008
PAGO
:61:081209C000000002150,00NTRF000003232819//180008
PAGO
:61:081209C000000000350,00NTRF000000137794//180008
PAGO
:61:081209C000000000299,00NTRF000000137824//180008
PAGO
:61:081209C000000000480,00NTRF000000137792//180008
PAGO
:61:081209C000000000125,71NTRF000000137615//180008
PAGO
:61:081209C000000003517,64NTRF000003232813//180008
PAGO
:61:081209C000000001055,06NTRF000003232814//180008
PAGO
:62M:C081209VEF000001248044,98
-}{5:{CHK:1143FB20924B}}{S:{COP:S}}${1:F21VZCRVECAAXXX5410610696}{4:{177:0404021720}{451:0}}{1:F01VZCRVECAAXXX5410610696}{2:09501717040402VZCRVECAAXXX40812675430404021720N}{3:{108:SCONNECT}}{4:
:20:MI081209
:25:2222222222
:28C:0515/018
:60M:C081209VEF000001248044,98
:61:081209C000000004393,89NTRF000003232815//180008
PAGO
:61:081209C000000001715,39NTRF000003232816//180008
PAGO
:61:081209C000000001616,78NTRF000003232817//180008
PAGO
:61:081209C000000002716,03NTRF000003232818//180008
PAGO
:61:081209C000000000750,00NTRF000003232313//180008
PAGO
:61:081209C000000001250,00NTRF000003232325//180008
PAGO
:61:081209C000000004784,32NTRF000003232654//180008
PAGO
:61:081209C000000002042,50NTRF000003232655//180008
PAGO
:61:081209C000000002000,00NTRF000000135072//180008
PAGO
:62M:C081209VEF000001269313,89
-}{5:{CHK:1143FB20924B}}{S:{COP:S}}${1:F21VZCRVECAAXXX5410610696}{4:{177:0404021720}{451:0}}{1:F01VZCRVECAAXXX5410610696}{2:09501717040402VZCRVECAAXXX40812675430404021720N}{3:{108:SCONNECT}}{4:
:20:MI081209
:25:2222222222
:28C:0515/019
:60M:C081209VEF000001269313,89
:61:081209C000000001000,00NTRF000000135085//180008
PAGO
:61:081209C000000001000,00NTRF000000135091//180008
PAGO
:61:081209C000000000500,00NTRF000000135131//180008
PAGO
:61:081209C000000005084,40NTRF000002447522//180008
PAGO
:61:081209C000000006344,50NTRF000002447548//180008
PAGO
:61:081209C000000025000,00NTRF000000134389//180008
PAGO
:61:081209C000000000500,00NTRF000000134428//180008
PAGO
:61:081209C000000002900,00NTRF000000134433//180008
PAGO
:61:081209C000000003000,00NTRF000000134462//180008
PAGO
:62M:C081209VEF000001314642,79
-}{5:{CHK:1143FB20924B}}{S:{COP:S}}${1:F21VZCRVECAAXXX5410610696}{4:{177:0404021720}{451:0}}{1:F01VZCRVECAAXXX5410610696}{2:09501717040402VZCRVECAAXXX40812675430404021720N}{3:{108:SCONNECT}}{4:
:20:MI081209
:25:2222222222
:28C:0515/020
:60M:C081209VEF000001314642,79
:61:081209C000000002000,00NTRF000000134537//180008
PAGO
:61:081209C000000000500,00NTRF000000134738//180008
PAGO
:61:081209C000000001500,00NTRF000000134807//180008
PAGO
:61:081209C000000001000,00NTRF000000134906//180008
PAGO
:61:081209C000000000500,00NTRF000000134164//180008
PAGO
:61:081209C000000023500,00NTRF000000134215//180008
PAGO
:61:081209C000000001920,00NTRF000000134254//180008
PAGO
:61:081209C000000001133,00NTRF000000134259//180008
PAGO
:61:081209C000000001000,00NTRF000000134272//180008
PAGO
:62M:C081209VEF000001347695,79
-}{5:{CHK:1143FB20924B}}{S:{COP:S}}${1:F21VZCRVECAAXXX5410610696}{4:{177:0404021720}{451:0}}{1:F01VZCRVECAAXXX5410610696}{2:09501717040402VZCRVECAAXXX40812675430404021720N}{3:{108:SCONNECT}}{4:
:20:MI081209
:25:2222222222
:28C:0515/021
:60M:C081209VEF000001347695,79
:61:081209C000000001000,00NTRF000000134305//180008
PAGO
:61:081209C000000001000,00NTRF000000134326//180008
PAGO
:61:081209C000000003327,69NTRF000002447428//180008
PAGO
:61:081209C000000003296,96NTRF000003231273//180008
PAGO
:61:081209C000000000440,00NTRF000000133968//180008
PAGO
:61:081209C000000000300,00NTRF000000134019//180008
PAGO
:61:081209C000000005900,00NTRF000000132961//180008
PAGO
:61:081209C000000024000,00NTRF000000133041//180008
PAGO
:61:081209C000000003200,00NTRF000000133088//180008
PAGO
:62M:C081209VEF000001390160,44
-}{5:{CHK:1143FB20924B}}{S:{COP:S}}${1:F21VZCRVECAAXXX5410610696}{4:{177:0404021720}{451:0}}{1:F01VZCRVECAAXXX5410610696}{2:09501717040402VZCRVECAAXXX40812675430404021720N}{3:{108:SCONNECT}}{4:
:20:MI081209
:25:2222222222
:28C:0515/022
:60M:C081209VEF000001390160,44
:61:081209C000000000263,00NTRF000000133090//180008
PAGO
:61:081209C000000002200,00NTRF000000133186//180008
PAGO
:61:081209C000000000120,00NTRF000000132408//180008
PAGO
:61:081209C000000000200,00NTRF000000132414//180008
PAGO
:61:081209C000000025300,83NTRF000003230957//180008
PAGO
:61:081209C000000002610,00NTRF000003231081//180008
PAGO
:61:081209C000000003000,00NTRF000000132638//180008
PAGO
:61:081209C000000001000,00NTRF000000132654//180008
PAGO
:61:081209C000000002000,00NTRF000000132789//180008
PAGO
:62M:C081209VEF000001426854,27
-}{5:{CHK:1143FB20924B}}{S:{COP:S}}${1:F21VZCRVECAAXXX5410610696}{4:{177:0404021720}{451:0}}{1:F01VZCRVECAAXXX5410610696}{2:09501717040402VZCRVECAAXXX40812675430404021720N}{3:{108:SCONNECT}}{4:
:20:MI081209
:25:2222222222
:28C:0515/023
:60M:C081209VEF000001426854,27
:61:081209C000000001500,00NTRF000000132823//180008
PAGO
:61:081209C000000010000,00NTRF000000129497//180008
PAGO
:61:081209C000000000731,00NTRF000000129526//180008
PAGO
:61:081209C000000001500,00NTRF000000129666//180008
PAGO
:61:081209C000000000500,00NTRF000000129669//180008
PAGO
:61:081209C000000025000,00NTRF000000129675//180008
PAGO
:61:081209C000000000200,00NTRF000000129680//180008
PAGO
:61:081209C000000001100,00NTRF000000129683//180008
PAGO
:61:081209C000000000400,00NTRF000000129715//180008
PAGO
:62M:C081209VEF000001467785,27
-}{5:{CHK:1143FB20924B}}{S:{COP:S}}${1:F21VZCRVECAAXXX5410610696}{4:{177:0404021720}{451:0}}{1:F01VZCRVECAAXXX5410610696}{2:09501717040402VZCRVECAAXXX40812675430404021720N}{3:{108:SCONNECT}}{4:
:20:MI081209
:25:2222222222
:28C:0515/024
:60M:C081209VEF000001467785,27
:61:081209C000000000295,53NTRF000000129734//180008
PAGO
:61:081209C000000022011,50NTRF000002447087//180008
PAGO
:61:081209C000000006000,00NTRF000000129042//180008
PAGO
:61:081209C000000000475,00NTRF000000129044//180008
PAGO
:61:081209C000000019457,00NTRF000000129063//180008
PAGO
:61:081209C000000000611,00NTRF000000129077//180008
PAGO
:61:081209C000000004000,00NTRF000000129119//180008
PAGO
:61:081209C000000000150,00NTRF000000129140//180008
PAGO
:61:081209C000000000200,00NTRF000000129180//180008
PAGO
:62M:C081209VEF000001520985,30
-}{5:{CHK:1143FB20924B}}{S:{COP:S}}${1:F21VZCRVECAAXXX5410610696}{4:{177:0404021720}{451:0}}{1:F01VZCRVECAAXXX5410610696}{2:09501717040402VZCRVECAAXXX40812675430404021720N}{3:{108:SCONNECT}}{4:
:20:MI081209
:25:2222222222
:28C:0515/025
:60M:C081209VEF000001520985,30
:61:081209C000000000361,00NTRF000000129188//180008
PAGO
:61:081209C000000000361,00NTRF000000129226//180008
PAGO
:61:081209C000000000230,00NTRF000000129234//180008
PAGO
:61:081209C000000001000,00NTRF000000129258//180008
PAGO
:61:081209C000000000090,00NTRF000000129327//180008
PAGO
:61:081209C000000000300,00NTRF000000128455//180008
PAGO
:61:081209C000000000350,00NTRF000000128471//180008
PAGO
:61:081209C000000002000,00NTRF000000128495//180008
PAGO
:61:081209C000000000250,00NTRF000000128504//180008
PAGO
:62M:C081209VEF000001525927,30
-}{5:{CHK:1143FB20924B}}{S:{COP:S}}${1:F21VZCRVECAAXXX5410610696}{4:{177:0404021720}{451:0}}{1:F01VZCRVECAAXXX5410610696}{2:09501717040402VZCRVECAAXXX40812675430404021720N}{3:{108:SCONNECT}}{4:
:20:MI081209
:25:2222222222
:28C:0515/026
:60M:C081209VEF000001525927,30
:61:081209C000000001050,00NTRF000000128553//180008
PAGO
:61:081209C000000015000,00NTRF000000128583//180008
PAGO
:61:081209C000000000400,00NTRF000000128647//180008
PAGO
:61:081209C000000000800,00NTRF000000128690//180008
PAGO
:61:081209C000000001845,00NTRF000000128749//180008
PAGO
:61:081209C000000002500,00NTRF000000128859//180008
PAGO
:61:081209C000000003000,00NTRF000000128863//180008
PAGO
:61:081209C000000000122,30NTRF000000128867//180008
PAGO
:61:081209C000000092814,69NTRF000000003591//180008
PAGO
:62M:C081209VEF000001643459,29
-}{5:{CHK:1143FB20924B}}{S:{COP:S}}${1:F21VZCRVECAAXXX5410610696}{4:{177:0404021720}{451:0}}{1:F01VZCRVECAAXXX5410610696}{2:09501717040402VZCRVECAAXXX40812675430404021720N}{3:{108:SCONNECT}}{4:
:20:MI081209
:25:2222222222
:28C:0515/027
:60M:C081209VEF000001643459,29
:61:081209C000000053142,72NTRF000000003578//180008
PAGO
:61:081209C000000093530,61NTRF000000003582//180008
PAGO
:61:081209C000000010938,08NTRF000000003585//180008
PAGO
:61:081209C000000068321,67NTRF000000003589//180008
PAGO
:61:081209C000000002324,70NTRF000000003207//180008
PAGO
:61:081209C000000303000,00NTRF000000003158//180008
PAGO
:61:081209C000000006527,15NTRF000000003136//180008
PAGO
:61:081209C000000001750,00NTRF000000003111//180008
PAGO
:61:081209C000000003500,00NTRF000000003112//180008
PAGO
:62M:C081209VEF000002186494,22
-}{5:{CHK:1143FB20924B}}{S:{COP:S}}${1:F21VZCRVECAAXXX5410610696}{4:{177:0404021720}{451:0}}{1:F01VZCRVECAAXXX5410610696}{2:09501717040402VZCRVECAAXXX40812675430404021720N}{3:{108:SCONNECT}}{4:
:20:MI081209
:25:2222222222
:28C:0515/028
:60M:C081209VEF000002186494,22
:61:081209C000000007759,61NTRF000000003564//180008
PAGO
:61:081209C000000004159,90NTRF000000003343//180008
PAGO
:61:081209C000000002450,00NTRF000000003344//180008
PAGO
:61:081209C000000000510,00NTRF000000003345//180008
PAGO
:61:081209C000000000950,00NTRF000000003346//180008
PAGO
:61:081209C000000000850,00NTRF000000003347//180008
PAGO
:61:081209C000000034503,41NTRF000000003289//180008
PAGO
:61:081209C000000000720,00NTRF000000003226//180008
PAGO
:61:081209C000000000250,00NTRF000000003225//180008
PAGO
:62M:C081209VEF000002238647,14
-}{5:{CHK:1143FB20924B}}{S:{COP:S}}${1:F21VZCRVECAAXXX5410610696}{4:{177:0404021720}{451:0}}{1:F01VZCRVECAAXXX5410610696}{2:09501717040402VZCRVECAAXXX40812675430404021720N}{3:{108:SCONNECT}}{4:
:20:MI081209
:25:2222222222
:28C:0515/029
:60M:C081209VEF000002238647,14
:61:081209C000000001750,00NTRF000000003108//180008
PAGO
:61:081209C000000001798,35NTRF000000003035//180008
PAGO
:61:081209C000000047252,20NTRF000000003006//180008
PAGO
:61:081209C000000123263,53NTRF000000003007//180008
PAGO
:61:081209C000000051697,44NTRF000000003008//180008
PAGO
:61:081209C000000016671,54NTRF000000003003//180008
PAGO
:61:081209C000000003414,00NTRF000000002975//180008
PAGO
:61:081209C000000002793,42NTRF000000002800//180008
PAGO
:61:081209C000000004221,03NTRF000000002802//180008
PAGO
:62M:C081209VEF000002491508,65
-}{5:{CHK:1143FB20924B}}{S:{COP:S}}${1:F21VZCRVECAAXXX5410610696}{4:{177:0404021720}{451:0}}{1:F01VZCRVECAAXXX5410610696}{2:09501717040402VZCRVECAAXXX40812675430404021720N}{3:{108:SCONNECT}}{4:
:20:MI081209
:25:2222222222
:28C:0515/030
:60M:C081209VEF000002491508,65
:61:081209C000000000352,80NTRF000000002707//180008
PAGO
:61:081209C000000007692,00NTRF000000002684//180008
PAGO
:61:081209C000000133790,81NTRF000000002651//180008
PAGO
:61:081209C000000016753,88NTRF000000002652//180008
PAGO
:61:081209C000000000300,00NTRF000000002623//180008
PAGO
:61:081209C000000000319,70NTRF000000002582//180008
PAGO
:61:081209C000000000639,40NTRF000000002583//180008
PAGO
:61:081209C000000000319,70NTRF000000002584//180008
PAGO
:61:081209C000000000319,70NTRF000000002585//180008
PAGO
:62M:C081209VEF000002651996,64
-}{5:{CHK:1143FB20924B}}{S:{COP:S}}${1:F21VZCRVECAAXXX5410610696}{4:{177:0404021720}{451:0}}{1:F01VZCRVECAAXXX5410610696}{2:09501717040402VZCRVECAAXXX40812675430404021720N}{3:{108:SCONNECT}}{4:
:20:MI081209
:25:2222222222
:28C:0515/031
:60M:C081209VEF000002651996,64
:61:081209C000000000639,40NTRF000000002586//180008
PAGO
:61:081209C000000015574,72NTRF000000002524//180008
PAGO
:61:081209C000000000283,37NTRF000000002506//180008
PAGO
:61:081209C000000000246,62NTRF000000002520//180008
PAGO
:61:081209C000000006146,07NTRF000000002516//180008
PAGO
:61:081209C000000004225,52NTRF000000002460//180008
PAGO
:61:081209C000000000800,00NTRF000000002458//180008
PAGO
:61:081209C000000021510,26NTRF000000002345//180008
PAGO
:61:081209C000000001843,79NTRF000000002230//180008
PAGO
:62M:C081209VEF000002703266,39
-}{5:{CHK:1143FB20924B}}{S:{COP:S}}${1:F21VZCRVECAAXXX5410610696}{4:{177:0404021720}{451:0}}{1:F01VZCRVECAAXXX5410610696}{2:09501717040402VZCRVECAAXXX40812675430404021720N}{3:{108:SCONNECT}}{4:
:20:MI081209
:25:2222222222
:28C:0515/032
:60M:C081209VEF000002703266,39
:61:081209C000000001168,20NTRF000000002115//180008
PAGO
:61:081209C000000000585,41NTRF000000002120//180008
PAGO
:61:081209C000000031955,65NTRF000000001862//180008
PAGO
:61:081209C000000059025,69NTRF000000001828//180008
PAGO
:61:081209C000000000555,00NTRF000000001763//180008
PAGO
:61:081209C000000007184,01NTRF000000001764//180008
PAGO
:61:081209C000000009257,25NTRF000000001660//180008
PAGO
:61:081209C000000000380,00NTRF000081753814//180008
PAGO
:61:081209C000000002545,00NTRF000081754374//180008
PAGO
:62M:C081209VEF000002815922,60
-}{5:{CHK:1143FB20924B}}{S:{COP:S}}${1:F21VZCRVECAAXXX5410610696}{4:{177:0404021720}{451:0}}{1:F01VZCRVECAAXXX5410610696}{2:09501717040402VZCRVECAAXXX40812675430404021720N}{3:{108:SCONNECT}}{4:
:20:MI081209
:25:2222222222
:28C:0515/033
:60M:C081209VEF000002815922,60
:61:081209C000000001000,00NTRF000081754400//180008
PAGO
:61:081209C000000001040,61NTRF000081748645//180008
PAGO
:61:081209C000000001000,00NTRF000081748671//180008
PAGO
:61:081209C000000001078,28NTRF000081748763//180008
PAGO
:61:081209C000000000100,00NTRF000081749054//180008
PAGO
:61:081209C000000005000,00NTRF000081749544//180008
PAGO
:61:081209C000000001000,00NTRF000081735824//180008
PAGO
:61:081209C000000005000,00NTRF000081736605//180008
PAGO
:61:081209C000000001890,00NTRF000081736620//180008
PAGO
:62M:C081209VEF000002833031,49
-}{5:{CHK:1143FB20924B}}{S:{COP:S}}${1:F21VZCRVECAAXXX5410610696}{4:{177:0404021720}{451:0}}{1:F01VZCRVECAAXXX5410610696}{2:09501717040402VZCRVECAAXXX40812675430404021720N}{3:{108:SCONNECT}}{4:
:20:MI081209
:25:2222222222
:28C:0515/034
:60M:C081209VEF000002833031,49
:61:081209C000000003700,00NTRF000081701303//180008
PAGO
:61:081209C000000000568,00NTRF000081701841//180008
PAGO
:61:081209C000000002340,00NTRF000081681051//180008
PAGO
:61:081209C000000003000,00NTRF000081683291//180008
PAGO
:61:081209C000000001000,00NTRF000081684256//180008
PAGO
:61:081209C000000000080,00NTRF000081685752//180008
PAGO
:61:081209C000000001125,00NTRF000081686054//180008
PAGO
:61:081209C000000002000,00NTRF000081686275//180008
PAGO
:61:081209C000000001200,00NTRF000081687082//180008
PAGO
:62M:C081209VEF000002848044,49
-}{5:{CHK:1143FB20924B}}{S:{COP:S}}${1:F21VZCRVECAAXXX5410610696}{4:{177:0404021720}{451:0}}{1:F01VZCRVECAAXXX5410610696}{2:09501717040402VZCRVECAAXXX40812675430404021720N}{3:{108:SCONNECT}}{4:
:20:MI081209
:25:2222222222
:28C:0515/035
:60M:C081209VEF000002848044,49
:61:081209C000000001000,00NTRF000081687992//180008
PAGO
:61:081209C000000000290,21NTRF000081691820//180008
PAGO
:61:081209C000000004000,00NTRF000081692682//180008
PAGO
:61:081209C000000002000,00NTRF000081692693//180008
PAGO
:61:081209C000000000420,00NTRF000081693065//180008
PAGO
:61:081209C000000000575,00NTRF000081693301//180008
PAGO
:61:081209C000000001300,00NTRF000081668742//180008
PAGO
:61:081209C000000005000,00NTRF000081670175//180008
PAGO
:61:081209C000000001185,43NTRF000081670536//180008
PAGO
:62M:C081209VEF000002863815,13
-}{5:{CHK:1143FB20924B}}{S:{COP:S}}${1:F21VZCRVECAAXXX5410610696}{4:{177:0404021720}{451:0}}{1:F01VZCRVECAAXXX5410610696}{2:09501717040402VZCRVECAAXXX40812675430404021720N}{3:{108:SCONNECT}}{4:
:20:MI081209
:25:2222222222
:28C:0515/036
:60M:C081209VEF000002863815,13
:61:081209C000000000750,00NTRF000081670772//180008
PAGO
:61:081209C000000002500,00NTRF000081671704//180008
PAGO
:61:081209C000000000200,00NTRF000081672592//180008
PAGO
:61:081209C000000000700,00NTRF000081674806//180008
PAGO
:61:081209C000000000456,93NTRF000081676044//180008
PAGO
:61:081209C000000002000,00NTRF000081677164//180008
PAGO
:61:081209C000000000700,00NTRF000081678682//180008
PAGO
:61:081209C000000000140,00NTRF000081679990//180008
PAGO
:61:081209C000000000254,34NTRF000081680653//180008
PAGO
:62M:C081209VEF000002871516,40
-}{5:{CHK:1143FB20924B}}{S:{COP:S}}${1:F21VZCRVECAAXXX5410610696}{4:{177:0404021720}{451:0}}{1:F01VZCRVECAAXXX5410610696}{2:09501717040402VZCRVECAAXXX40812675430404021720N}{3:{108:SCONNECT}}{4:
:20:MI081209
:25:2222222222
:28C:0515/037
:60M:C081209VEF000002871516,40
:61:081209C000000000256,33NTRF000081680745//180008
PAGO
:61:081209C000000001000,00NTRF000081659723//180008
PAGO
:61:081209C000000002470,00NTRF000081659852//180008
PAGO
:61:081209C000000000600,00NTRF000081660401//180008
PAGO
:61:081209C000000000100,00NTRF000081660865//180008
PAGO
:61:081209C000000000819,00NTRF000081662910//180008
PAGO
:61:081209C000000000500,00NTRF000081663120//180008
PAGO
:61:081209C000000001500,00NTRF000081663245//180008
PAGO
:61:081209C000000001500,00NTRF000081663470//180008
PAGO
:62M:C081209VEF000002880261,73
-}{5:{CHK:1143FB20924B}}{S:{COP:S}}${1:F21VZCRVECAAXXX5410610696}{4:{177:0404021720}{451:0}}{1:F01VZCRVECAAXXX5410610696}{2:09501717040402VZCRVECAAXXX40812675430404021720N}{3:{108:SCONNECT}}{4:
:20:MI081209
:25:2222222222
:28C:0515/038
:60M:C081209VEF000002880261,73
:61:081209C000000000500,00NTRF000081663691//180008
PAGO
:61:081209C000000000250,00NTRF000081664225//180008
PAGO
:61:081209C000000002500,00NTRF000081665522//180008
PAGO
:61:081209C000000005000,00NTRF000081665544//180008
PAGO
:61:081209C000000001500,00NTRF000081666745//180008
PAGO
:61:081209C000000000500,00NTRF000081648151//180008
PAGO
:61:081209C000000004000,00NTRF000081648206//180008
PAGO
:61:081209C000000001600,00NTRF000081648442//180008
PAGO
:61:081209C000000004000,00NTRF000081649315//180008
PAGO
:62M:C081209VEF000002900111,73
-}{5:{CHK:1143FB20924B}}{S:{COP:S}}${1:F21VZCRVECAAXXX5410610696}{4:{177:0404021720}{451:0}}{1:F01VZCRVECAAXXX5410610696}{2:09501717040402VZCRVECAAXXX40812675430404021720N}{3:{108:SCONNECT}}{4:
:20:MI081209
:25:2222222222
:28C:0515/039
:60M:C081209VEF000002900111,73
:61:081209C000000000070,00NTRF000081650575//180008
PAGO
:61:081209C000000004000,00NTRF000081651393//180008
PAGO
:61:081209C000000000750,00NTRF000081651765//180008
PAGO
:61:081209C000000000300,00NTRF000081651780//180008
PAGO
:61:081209C000000003000,00NTRF000081651835//180008
PAGO
:61:081209C000000003300,00NTRF000081657096//180008
PAGO
:61:081209C000000002000,00NTRF000081657402//180008
PAGO
:61:081209C000000006000,00NTRF000081657671//180008
PAGO
:61:081209C000000000350,00NTRF000081658651//180008
PAGO
:62M:C081209VEF000002919881,73
-}{5:{CHK:1143FB20924B}}{S:{COP:S}}${1:F21VZCRVECAAXXX5410610696}{4:{177:0404021720}{451:0}}{1:F01VZCRVECAAXXX5410610696}{2:09501717040402VZCRVECAAXXX40812675430404021720N}{3:{108:SCONNECT}}{4:
:20:MI081209
:25:2222222222
:28C:0515/040
:60M:C081209VEF000002919881,73
:61:081209C000000000500,00NTRF000081659185//180008
PAGO
:61:081209C000000000304,00NTRF000081645340//180008
PAGO
:61:081209C000000002500,00NTRF000081645351//180008
PAGO
:61:081209C000000001500,00NTRF000081645970//180008
PAGO
:61:081209C000000000500,00NTRF000081647344//180008
PAGO
:61:081209C000000000100,00NTRF000081647462//180008
PAGO
:61:081209C000000005501,00NTRF000081737880//180008
PAGO
:61:081209C000000001425,00NTRF000081738230//180008
PAGO
:61:081209C000000001250,00NTRF000081738694//180008
PAGO
:62M:C081209VEF000002933461,73
-}{5:{CHK:1143FB20924B}}{S:{COP:S}}${1:F21VZCRVECAAXXX5410610696}{4:{177:0404021720}{451:0}}{1:F01VZCRVECAAXXX5410610696}{2:09501717040402VZCRVECAAXXX40812675430404021720N}{3:{108:SCONNECT}}{4:
:20:MI081209
:25:2222222222
:28C:0515/041
:60M:C081209VEF000002933461,73
:61:081209C000000000420,00NTRF000081739195//180008
PAGO
:61:081209C000000003500,00NTRF000081739512//180008
PAGO
:61:081209C000000004000,00NTRF000081741693//180008
PAGO
:61:081209C000000000500,00NTRF000081742441//180008
PAGO
:61:081209C000000000100,00NTRF000081742791//180008
PAGO
:61:081209C000000001000,00NTRF000081743001//180008
PAGO
:61:081209C000000005771,55NTRF000081743583//180008
PAGO
:61:081209C000000003000,00NTRF000081724086//180008
PAGO
:61:081209C000000002000,00NTRF000081724215//180008
PAGO
:62M:C081209VEF000002953753,28
-}{5:{CHK:1143FB20924B}}{S:{COP:S}}${1:F21VZCRVECAAXXX5410610696}{4:{177:0404021720}{451:0}}{1:F01VZCRVECAAXXX5410610696}{2:09501717040402VZCRVECAAXXX40812675430404021720N}{3:{108:SCONNECT}}{4:
:20:MI081209
:25:2222222222
:28C:0515/042
:60M:C081209VEF000002953753,28
:61:081209C000000003000,00NTRF000081724742//180008
PAGO
:61:081209C000000003000,00NTRF000081732475//180008
PAGO
:61:081209C000000005000,00NTRF000081734240//180008
PAGO
:61:081209C000000000245,00NTRF000081734671//180008
PAGO
:61:081209C000000010911,59NTRF000081734796//180008
PAGO
:61:081209C000000007951,81NTRF000081734844//180008
PAGO
:61:081209C000000000100,00NTRF000081735010//180008
PAGO
:61:081209C000000003420,56NTRF000081735290//180008
PAGO
:61:081209C000000000996,01NTRF000081735334//180008
PAGO
:62M:C081209VEF000002988378,25
-}{5:{CHK:1143FB20924B}}{S:{COP:S}}${1:F21VZCRVECAAXXX5410610696}{4:{177:0404021720}{451:0}}{1:F01VZCRVECAAXXX5410610696}{2:09501717040402VZCRVECAAXXX40812675430404021720N}{3:{108:SCONNECT}}{4:
:20:MI081209
:25:2222222222
:28C:0515/043
:60M:C081209VEF000002988378,25
:61:081209C000000003000,00NTRF000081735614//180008
PAGO
:61:081209C000000000200,00NTRF000081735636//180008
PAGO
:61:081209C000000000024,50NTRF000081714916//180008
PAGO
:61:081209C000000000060,00NTRF000081715826//180008
PAGO
:61:081209C000000000250,00NTRF000081715830//180008
PAGO
:61:081209C000000001000,00NTRF000081715966//180008
PAGO
:61:081209C000000003000,00NTRF000081716445//180008
PAGO
:61:081209C000000000180,00NTRF000081717016//180008
PAGO
:61:081209C000000011387,27NTRF000081717672//180008
PAGO
:62M:C081209VEF000003007480,02
-}{5:{CHK:1143FB20924B}}{S:{COP:S}}${1:F21VZCRVECAAXXX5410610696}{4:{177:0404021720}{451:0}}{1:F01VZCRVECAAXXX5410610696}{2:09501717040402VZCRVECAAXXX40812675430404021720N}{3:{108:SCONNECT}}{4:
:20:MI081209
:25:2222222222
:28C:0515/044
:60M:C081209VEF000003007480,02
:61:081209C000000009700,00NTRF000081717834//180008
PAGO
:61:081209C000000004000,00NTRF000081718081//180008
PAGO
:61:081209C000000002050,00NTRF000081719772//180008
PAGO
:61:081209C000000003500,00NTRF000081719783//180008
PAGO
:61:081209C000000005000,00NTRF000081720656//180008
PAGO
:61:081209C000000004000,00NTRF000081723283//180008
PAGO
:61:081209C000000000232,00NTRF000081711593//180008
PAGO
:61:081209C000000000250,00NTRF000081711991//180008
PAGO
:61:081209C000000000426,00NTRF000081712120//180008
PAGO
:62M:C081209VEF000003036638,02
-}{5:{CHK:1143FB20924B}}{S:{COP:S}}${1:F21VZCRVECAAXXX5410610696}{4:{177:0404021720}{451:0}}{1:F01VZCRVECAAXXX5410610696}{2:09501717040402VZCRVECAAXXX40812675430404021720N}{3:{108:SCONNECT}}{4:
:20:MI081209
:25:2222222222
:28C:0515/045
:60M:C081209VEF000003036638,02
:61:081209C000000000407,50NTRF000081712304//180008
PAGO
:61:081209C000000001000,00NTRF000081712551//180008
PAGO
:61:081209C000000000750,00NTRF000081713332//180008
PAGO
:61:081209C000000001500,00NTRF000081713590//180008
PAGO
:61:081209C000000000390,00NTRF000081713531//180008
PAGO
:61:081209C000000000628,00NTRF000081713612//180008
PAGO
:61:081209C000000000300,00NTRF000081713693//180008
PAGO
:61:081209C000000000090,00NTRF000081714065//180008
PAGO
:61:081209C000000000706,33NTRF000081714640//180008
PAGO
:62M:C081209VEF000003042409,85
-}{5:{CHK:1143FB20924B}}{S:{COP:S}}${1:F21VZCRVECAAXXX5410610696}{4:{177:0404021720}{451:0}}{1:F01VZCRVECAAXXX5410610696}{2:09501717040402VZCRVECAAXXX40812675430404021720N}{3:{108:SCONNECT}}{4:
:20:MI081209
:25:2222222222
:28C:0515/046
:60M:C081209VEF000003042409,85
:61:081209C000000000600,00NTRF000081714905//180008
PAGO
:61:081209C000000000544,00NTRF000081701944//180008
PAGO
:61:081209C000000000005,00NTRF000081702482//180008
PAGO
:61:081209C000000002000,00NTRF000081702972//180008
PAGO
:61:081209C000000000616,43NTRF000081703090//180008
PAGO
:61:081209C000000000964,00NTRF000081703576//180008
PAGO
:61:081209C000000000840,00NTRF000081703834//180008
PAGO
:61:081209C000000005000,00NTRF000081703941//180008
PAGO
:61:081209C000000001000,00NTRF000081704173//180008
PAGO
:62M:C081209VEF000003053979,28
-}{5:{CHK:1143FB20924B}}{S:{COP:S}}${1:F21VZCRVECAAXXX5410610696}{4:{177:0404021720}{451:0}}{1:F01VZCRVECAAXXX5410610696}{2:09501717040402VZCRVECAAXXX40812675430404021720N}{3:{108:SCONNECT}}{4:
:20:MI081209
:25:2222222222
:28C:0515/047
:60M:C081209VEF000003053979,28
:61:081209C000000002000,00NTRF000081704195//180008
PAGO
:61:081209C000000002000,00NTRF000081704210//180008
PAGO
:61:081209C000000000250,00NTRF000081706542//180008
PAGO
:61:081209C000000003000,00NTRF000081708163//180008
PAGO
:61:081209C000000005000,00NTRF000081708863//180008
PAGO
:61:081209C000000000370,00NTRF000081693430//180008
PAGO
:61:081209C000000002500,00NTRF000081694955//180008
PAGO
:61:081209C000000002000,00NTRF000081695062//180008
PAGO
:61:081209C000000000990,00NTRF000081695224//180008
PAGO
:62M:C081209VEF000003072089,28
-}{5:{CHK:1143FB20924B}}{S:{COP:S}}${1:F21VZCRVECAAXXX5410610696}{4:{177:0404021720}{451:0}}{1:F01VZCRVECAAXXX5410610696}{2:09501717040402VZCRVECAAXXX40812675430404021720N}{3:{108:SCONNECT}}{4:
:20:MI081209
:25:2222222222
:28C:0515/048
:60M:C081209VEF000003072089,28
:61:081209C000000002000,00NTRF000081695585//180008
PAGO
:61:081209C000000000400,00NTRF000081696005//180008
PAGO
:61:081209C000000000277,00NTRF000081696193//180008
PAGO
:61:081209C000000000250,00NTRF000081696602//180008
PAGO
:61:081209C000000005000,00NTRF000081697792//180008
PAGO
:61:081209C000000003460,00NTRF000081698783//180008
PAGO
:61:081209C000000001482,00NTRF000081699844//180008
PAGO
:61:081209C000000005000,00NTRF000081754713//180008
PAGO
:61:081209C000000001000,00NTRF000081744670//180008
PAGO
:62M:C081209VEF000003090958,28
-}{5:{CHK:1143FB20924B}}{S:{COP:S}}${1:F21VZCRVECAAXXX5410610696}{4:{177:0404021720}{451:0}}{1:F01VZCRVECAAXXX5410610696}{2:09501717040402VZCRVECAAXXX40812675430404021720N}{3:{108:SCONNECT}}{4:
:20:MI081209
:25:2222222222
:28C:0515/049
:60M:C081209VEF000003090958,28
:61:081209C000000000450,00NTRF000081746851//180008
PAGO
:61:081209C000000002000,00NTRF000081747330//180008
PAGO
:61:081209C000000001100,00NTRF000081747444//180008
PAGO
:61:081209C000000005000,00NTRF000081747525//180008
PAGO
:61:081209C000000000703,34NTRF000081747691//180008
PAGO
:61:081209C000000000250,00NTRF000081747820//180008
PAGO
:61:081209C000000000052,32NTRF000081747831//180008
PAGO
:61:081209C000000001000,00NTRF000081760851//180008
PAGO
:61:081209C000000000010,00NTRF000081761761//180008
PAGO
:62M:C081209VEF000003101523,94
-}{5:{CHK:1143FB20924B}}{S:{COP:S}}${1:F21VZCRVECAAXXX5410610696}{4:{177:0404021720}{451:0}}{1:F01VZCRVECAAXXX5410610696}{2:09501717040402VZCRVECAAXXX40812675430404021720N}{3:{108:SCONNECT}}{4:
:20:MI081209
:25:2222222222
:28C:0515/050
:60M:C081209VEF000003101523,94
:61:081209C000000000241,00NTRF000081762096//180008
PAGO
:61:081209C000000003200,00NTRF000081761993//180008
PAGO
:61:081209C000000003000,00NTRF000081762225//180008
PAGO
:61:081209C000000002500,00NTRF000081750056//180008
PAGO
:61:081209C000000000400,00NTRF000081750491//180008
PAGO
:61:081209C000000001200,00NTRF000081751040//180008
PAGO
:61:081209C000000000770,00NTRF000081751681//180008
PAGO
:61:081209C000000000164,00NTRF000081769332//180008
PAGO
:61:081209C000000000380,00NTRF000081769995//180008
PAGO
:62M:C081209VEF000003113378,94
-}{5:{CHK:1143FB20924B}}{S:{COP:S}}${1:F21VZCRVECAAXXX5410610696}{4:{177:0404021720}{451:0}}{1:F01VZCRVECAAXXX5410610696}{2:09501717040402VZCRVECAAXXX40812675430404021720N}{3:{108:SCONNECT}}{4:
:20:MI081209
:25:2222222222
:28C:0515/051
:60M:C081209VEF000003113378,94
:61:081209C000000005000,00NTRF000081770404//180008
PAGO
:61:081209C000000000350,00NTRF000081770500//180008
PAGO
:61:081209C000000004000,00NTRF000081771303//180008
PAGO
:61:081209C000000005000,00NTRF000081771686//180008
PAGO
:61:081209C000000005000,00NTRF000081773064//180008
PAGO
:61:081209C000000000649,21NTRF000081773672//180008
PAGO
:61:081209C000000001401,00NTRF000081774582//180008
PAGO
:61:081209C000000001509,30NTRF000081775223//180008
PAGO
:61:081209C000000000168,00NTRF000081775573//180008
PAGO
:62M:C081209VEF000003136456,45
-}{5:{CHK:1143FB20924B}}{S:{COP:S}}${1:F21VZCRVECAAXXX5410610696}{4:{177:0404021720}{451:0}}{1:F01VZCRVECAAXXX5410610696}{2:09501717040402VZCRVECAAXXX40812675430404021720N}{3:{108:SCONNECT}}{4:
:20:MI081209
:25:2222222222
:28C:0515/052
:60M:C081209VEF000003136456,45
:61:081209C000000001000,00NTRF000081775886//180008
PAGO
:61:081209C000000001000,00NTRF000081777231//180008
PAGO
:61:081209C000000000200,00NTRF000081777312//180008
PAGO
:61:081209C000000000005,14NTRF000081777485//180008
PAGO
:61:081209C000000000450,00NTRF000081778686//180008
PAGO
:61:081209C000000004000,00NTRF000081779003//180008
PAGO
:61:081209C000000005000,00NTRF000081779810//180008
PAGO
:61:081209C000000004200,00NTRF000081807320//180008
PAGO
:61:081209C000000000090,00NTRF000081807364//180008
PAGO
:62M:C081209VEF000003152401,59
-}{5:{CHK:1143FB20924B}}{S:{COP:S}}${1:F21VZCRVECAAXXX5410610696}{4:{177:0404021720}{451:0}}{1:F01VZCRVECAAXXX5410610696}{2:09501717040402VZCRVECAAXXX40812675430404021720N}{3:{108:SCONNECT}}{4:
:20:MI081209
:25:2222222222
:28C:0515/053
:60M:C081209VEF000003152401,59
:61:081209C000000049831,93NTRF000081807810//180008
PAGO
:61:081209C000000000200,00NTRF000081808193//180008
PAGO
:61:081209C000000000130,00NTRF000081808532//180008
PAGO
:61:081209C000000000403,00NTRF000081808650//180008
PAGO
:61:081209C000000003000,00NTRF000081809420//180008
PAGO
:61:081209C000000005000,00NTRF000081799001//180008
PAGO
:61:081209C000000003500,00NTRF000081799620//180008
PAGO
:61:081209C000000000420,00NTRF000081801016//180008
PAGO
:61:081209C000000000150,00NTRF000081801801//180008
PAGO
:62M:C081209VEF000003215036,52
-}{5:{CHK:1143FB20924B}}{S:{COP:S}}${1:F21VZCRVECAAXXX5410610696}{4:{177:0404021720}{451:0}}{1:F01VZCRVECAAXXX5410610696}{2:09501717040402VZCRVECAAXXX40812675430404021720N}{3:{108:SCONNECT}}{4:
:20:MI081209
:25:2222222222
:28C:0515/054
:60M:C081209VEF000003215036,52
:61:081209C000000025300,00NTRF000081802081//180008
PAGO
:61:081209C000000000840,00NTRF000081802151//180008
PAGO
:61:081209C000000002750,00NTRF000081802571//180008
PAGO
:61:081209C000000002750,00NTRF000081802630//180008
PAGO
:61:081209C000000010000,00NTRF000081802766//180008
PAGO
:61:081209C000000000426,00NTRF000081803875//180008
PAGO
:61:081209C000000000200,00NTRF000081726934//180008
PAGO
:61:081209C000000000700,00NTRF000081727100//180008
PAGO
:61:081209C000000005000,00NTRF000081728275//180008
PAGO
:62M:C081209VEF000003263002,52
-}{5:{CHK:1143FB20924B}}{S:{COP:S}}${1:F21VZCRVECAAXXX5410610696}{4:{177:0404021720}{451:0}}{1:F01VZCRVECAAXXX5410610696}{2:09501717040402VZCRVECAAXXX40812675430404021720N}{3:{108:SCONNECT}}{4:
:20:MI081209
:25:2222222222
:28C:0515/055
:60M:C081209VEF000003263002,52
:61:081209C000000000300,00NTRF000081805706//180008
PAGO
:61:081209C000000000535,71NTRF000081805813//180008
PAGO
:61:081209C000000007981,20NTRF000081806001//180008
PAGO
:61:081209C000000002075,00NTRF000081806012//180008
PAGO
:61:081209C000000003000,00NTRF000081806303//180008
PAGO
:61:081209C000000000014,49NTRF000081806922//180008
PAGO
:61:081209C000000000900,00NTRF000081726606//180008
PAGO
:61:081209C000000000468,70NTRF000081691503//180008
PAGO
:61:081209C000000000273,00NTRF000081653600//180008
PAGO
:62M:C081209VEF000003278550,62
-}{5:{CHK:1143FB20924B}}{S:{COP:S}}${1:F21VZCRVECAAXXX5410610696}{4:{177:0404021720}{451:0}}{1:F01VZCRVECAAXXX5410610696}{2:09501717040402VZCRVECAAXXX40812675430404021720N}{3:{108:SCONNECT}}{4:
:20:MI081209
:25:2222222222
:28C:0515/056
:60M:C081209VEF000003278550,62
:61:081209C000000003500,00NTRF000081653434//180008
PAGO
:61:081209C000000001762,75NTRF000081812732//180008
PAGO
:61:081209C000000000400,00NTRF000081730132//180008
PAGO
:61:081209C000000000200,00NTRF000081729782//180008
PAGO
:61:081209C000000000550,00NTRF000081729362//180008
PAGO
:61:081209C000000003700,00NTRF000081728603//180008
PAGO
:61:081209C000000000510,00NTRF000081731086//180008
PAGO
:61:081209C000000004850,00NTRF000081731263//180008
PAGO
:61:081209C000000004200,00NTRF000081810094//180008
PAGO
:62M:C081209VEF000003298223,37
-}{5:{CHK:1143FB20924B}}{S:{COP:S}}${1:F21VZCRVECAAXXX5410610696}{4:{177:0404021720}{451:0}}{1:F01VZCRVECAAXXX5410610696}{2:09501717040402VZCRVECAAXXX40812675430404021720N}{3:{108:SCONNECT}}{4:
:20:MI081209
:25:2222222222
:28C:0515/057
:60M:C081209VEF000003298223,37
:61:081209C000000000050,00NTRF000081652944//180008
PAGO
:61:081209C000000000500,00NTRF000081653574//180008
PAGO
:61:081209C000000001000,00NTRF000081689123//180008
PAGO
:61:081209C000000000150,00NTRF000081691643//180008
PAGO
:61:081209C000000000407,50NTRF000081804413//180008
PAGO
:61:081209C000000003650,00NTRF000081805080//180008
PAGO
:61:081209C000000000942,00NTRF000081805102//180008
PAGO
:61:081209C000000000480,00NTRF000081782982//180008
PAGO
:61:081209C000000004000,00NTRF000081783741//180008
PAGO
:62M:C081209VEF000003309402,87
-}{5:{CHK:1143FB20924B}}{S:{COP:S}}${1:F21VZCRVECAAXXX5410610696}{4:{177:0404021720}{451:0}}{1:F01VZCRVECAAXXX5410610696}{2:09501717040402VZCRVECAAXXX40812675430404021720N}{3:{108:SCONNECT}}{4:
:20:MI081209
:25:2222222222
:28C:0515/058
:60M:C081209VEF000003309402,87
:61:081209C000000005000,00NTRF000081784426//180008
PAGO
:61:081209C000000001700,00NTRF000081784732//180008
PAGO
:61:081209C000000001000,00NTRF000081784894//180008
PAGO
:61:081209C000000001600,00NTRF000081787215//180008
PAGO
:61:081209C000000005000,00NTRF000081788372//180008
PAGO
:61:081209C000000001200,00NTRF000081789691//180008
PAGO
:61:081209C000000001224,00NTRF000081790214//180008
PAGO
:61:081209C000000001000,00NTRF000081790494//180008
PAGO
:61:081209C000000000120,00NTRF000081790693//180008
PAGO
:62M:C081209VEF000003327246,87
-}{5:{CHK:1143FB20924B}}{S:{COP:S}}${1:F21VZCRVECAAXXX5410610696}{4:{177:0404021720}{451:0}}{1:F01VZCRVECAAXXX5410610696}{2:09501717040402VZCRVECAAXXX40812675430404021720N}{3:{108:SCONNECT}}{4:
:20:MI081209
:25:2222222222
:28C:0515/059
:60M:C081209VEF000003327246,87
:61:081209C000000001000,00NTRF000081794963//180008
PAGO
:61:081209C000000000500,00NTRF000081797240//180008
PAGO
:61:081209C000000000400,00NTRF000081780215//180008
PAGO
:61:081209C000000001000,00NTRF000081780366//180008
PAGO
:61:081209C000000003613,00NTRF000081780580//180008
PAGO
:61:081209C000000002000,00NTRF000081782120//180008
PAGO
:61:081209C000000000210,00NTRF000081762634//180008
PAGO
:61:081209C000000000300,00NTRF000081762903//180008
PAGO
:61:081209C000000001000,00NTRF000081765180//180008
PAGO
:62M:C081209VEF000003337269,87
-}{5:{CHK:1143FB20924B}}{S:{COP:S}}${1:F21VZCRVECAAXXX5410610696}{4:{177:0404021720}{451:0}}{1:F01VZCRVECAAXXX5410610696}{2:09501717040402VZCRVECAAXXX40812675430404021720N}{3:{108:SCONNECT}}{4:
:20:MI081209
:25:2222222222
:28C:0515/060
:60M:C081209VEF000003337269,87
:61:081209C000000000280,00NTRF000081768116//180008
PAGO
:61:081209C000000001500,00NTRF000081756264//180008
PAGO
:61:081209C000000005000,00NTRF000081757292//180008
PAGO
:61:081209C000000002000,00NTRF000081757863//180008
PAGO
:61:081209C000000000140,00NTRF000081758423//180008
PAGO
:61:081209C000000002500,00NTRF000081759160//180008
PAGO
:61:081209C000000003300,00NTRF000081759204//180008
PAGO
:61:081209C000000000270,00NTRF000081760022//180008
PAGO
:61:081209C000000001500,00NTRF000081760652//180008
PAGO
:62M:C081209VEF000003353759,87
-}{5:{CHK:1143FB20924B}}{S:{COP:S}}${1:F21VZCRVECAAXXX5410610696}{4:{177:0404021720}{451:0}}{1:F01VZCRVECAAXXX5410610696}{2:09501717040402VZCRVECAAXXX40812675430404021720N}{3:{108:SCONNECT}}{4:
:20:MI081209
:25:2222222222
:28C:0515/061
:60M:C081209VEF000003353759,87
:61:081209C000000000660,00NTRF000081752650//180008
PAGO
:61:081209C000000000700,00NTRF000023956854//180008
PAGO
:61:081209C000000001000,00NTRF000000000023//180008
PAGO
:61:081209C000000001200,00NTRF000000076943//180008
PAGO
:61:081209C000000000900,00NTRF000000076527//180008
PAGO
:61:081209C000000001000,00NTRF000000000000//180008
PAGO
:61:081209C000000001000,00NTRF000000115592//180008
PAGO
:61:081209C000000000200,00NTRF000000115353//180008
PAGO
:61:081209C000000000779,00NTRF000000115328//180008
PAGO
:62M:C081209VEF000003361198,87
-}{5:{CHK:1143FB20924B}}{S:{COP:S}}${1:F21VZCRVECAAXXX5410610696}{4:{177:0404021720}{451:0}}{1:F01VZCRVECAAXXX5410610696}{2:09501717040402VZCRVECAAXXX40812675430404021720N}{3:{108:SCONNECT}}{4:
:20:MI081209
:25:2222222222
:28C:0515/062
:60M:C081209VEF000003361198,87
:61:081209C000000000200,00NTRF000000087062//180008
PAGO
:61:081209C000000001000,00NTRF000000115078//180008
PAGO
:61:081209C000000000384,00NTRF000000114892//180008
PAGO
:61:081209C000000001100,00NTRF000000114808//180008
PAGO
:61:081209C000000000259,00NTRF000000114447//180008
PAGO
:61:081209C000000003059,76NTRF000000087708//180008
PAGO
:61:081209C000000001000,00NTRF000000087236//180008
PAGO
:61:081209C000000001000,00NTRF000000087237//180008
PAGO
:61:081209C000000000700,00NTRF000000087238//180008
PAGO
:62M:C081209VEF000003369901,63
-}{5:{CHK:1143FB20924B}}{S:{COP:S}}${1:F21VZCRVECAAXXX5410610696}{4:{177:0404021720}{451:0}}{1:F01VZCRVECAAXXX5410610696}{2:09501717040402VZCRVECAAXXX40812675430404021720N}{3:{108:SCONNECT}}{4:
:20:MI081209
:25:2222222222
:28C:0515/063
:60M:C081209VEF000003369901,63
:61:081209C000000000300,00NTRF000000087104//180008
PAGO
:61:081209C000000000100,00NTRF000000115273//180008
PAGO
:61:081209C000000001000,00NTRF000000115355//180008
PAGO
:61:081209C000000004203,00NTRF000000115397//180008
PAGO
:61:081209C000000000300,00NTRF000000115667//180008
PAGO
:61:081209C000000000358,76NTRF000000170907//180008
PAGO
:61:081209C000000000390,42NTRF000000170739//180008
PAGO
:61:081209C000000000906,18NTRF000000170654//180008
PAGO
:61:081209C000000006926,40NTRF000000170574//180008
PAGO
:62M:C081209VEF000003384386,39
-}{5:{CHK:1143FB20924B}}{S:{COP:S}}${1:F21VZCRVECAAXXX5410610696}{4:{177:0404021720}{451:0}}{1:F01VZCRVECAAXXX5410610696}{2:09501717040402VZCRVECAAXXX40812675430404021720N}{3:{108:SCONNECT}}{4:
:20:MI081209
:25:2222222222
:28C:0515/064
:60M:C081209VEF000003384386,39
:61:081209C000000001294,40NTRF000000170573//180008
PAGO
:61:081209C000000004910,00NTRF000000170602//180008
PAGO
:61:081209C000000000998,50NTRF000000170705//180008
PAGO
:61:081209C000000000150,00NTRF000000170855//180008
PAGO
:61:081209C000000000250,00NTRF000000171037//180008
PAGO
:61:081209C000000000630,00NTRF000000171097//180008
PAGO
:61:081209C000000002800,00NTRF000000526002//180008
PAGO
:61:081209C000000000342,00NTRF000000525825//180008
PAGO
:61:081209C000000004666,71NTRF000000524468//180008
PAGO
:62M:C081209VEF000003400428,00
-}{5:{CHK:1143FB20924B}}{S:{COP:S}}${1:F21VZCRVECAAXXX5410610696}{4:{177:0404021720}{451:0}}{1:F01VZCRVECAAXXX5410610696}{2:09501717040402VZCRVECAAXXX40812675430404021720N}{3:{108:SCONNECT}}{4:
:20:MI081209
:25:2222222222
:28C:0515/065
:60M:C081209VEF000003400428,00
:61:081209C000000005114,00NTRF000000526776//180008
PAGO
:61:081209C000000001000,00NTRF000000525693//180008
PAGO
:61:081209C000000000650,00NTRF000000525692//180008
PAGO
:61:081209C000000000263,00NTRF000000525764//180008
PAGO
:61:081209C000000000300,00NTRF000000526974//180008
PAGO
:61:081209C000000000200,00NTRF000000527017//180008
PAGO
:61:081209C000000000200,00NTRF000000527018//180008
PAGO
:61:081209C000000000040,00NTRF000000527030//180008
PAGO
:61:081209C000000000400,00NTRF000000527109//180008
PAGO
:62M:C081209VEF000003408595,00
-}{5:{CHK:1143FB20924B}}{S:{COP:S}}${1:F21VZCRVECAAXXX5410610696}{4:{177:0404021720}{451:0}}{1:F01VZCRVECAAXXX5410610696}{2:09501717040402VZCRVECAAXXX40812675430404021720N}{3:{108:SCONNECT}}{4:
:20:MI081209
:25:2222222222
:28C:0515/066
:60M:C081209VEF000003408595,00
:61:081209C000000005055,00NTRF000000527140//180008
PAGO
:61:081209C000000000300,00NTRF000000526194//180008
PAGO
:61:081209C000000000790,00NTRF000000527618//180008
PAGO
:61:081209C000000015150,00NTRF000000160875//180008
PAGO
:61:081209C000000007000,00NTRF000000160835//180008
PAGO
:61:081209C000000001665,00NTRF000000160772//180008
PAGO
:61:081209C000000000770,00NTRF000000160647//180008
PAGO
:61:081209C000000000240,00NTRF000000159308//180008
PAGO
:61:081209C000000001200,00NTRF000000159280//180008
PAGO
:62M:C081209VEF000003440765,00
-}{5:{CHK:1143FB20924B}}{S:{COP:S}}${1:F21VZCRVECAAXXX5410610696}{4:{177:0404021720}{451:0}}{1:F01VZCRVECAAXXX5410610696}{2:09501717040402VZCRVECAAXXX40812675430404021720N}{3:{108:SCONNECT}}{4:
:20:MI081209
:25:2222222222
:28C:0515/067
:60M:C081209VEF000003440765,00
:61:081209C000000000998,50NTRF000000159286//180008
PAGO
:61:081209C000000001000,00NTRF000000160559//180008
PAGO
:61:081209C000000001075,00NTRF000000160465//180008
PAGO
:61:081209C000000000300,00NTRF000000160215//180008
PAGO
:61:081209C000000001190,00NTRF000000160177//180008
PAGO
:61:081209C000000005000,00NTRF000000160180//180008
PAGO
:61:081209C000000000200,00NTRF000000160104//180008
PAGO
:61:081209C000000000200,00NTRF000000160009//180008
PAGO
:61:081209C000000000100,00NTRF000000159919//180008
PAGO
:62M:C081209VEF000003450828,50
-}{5:{CHK:1143FB20924B}}{S:{COP:S}}${1:F21VZCRVECAAXXX5410610696}{4:{177:0404021720}{451:0}}{1:F01VZCRVECAAXXX5410610696}{2:09501717040402VZCRVECAAXXX40812675430404021720N}{3:{108:SCONNECT}}{4:
:20:MI081209
:25:2222222222
:28C:0515/068
:60M:C081209VEF000003450828,50
:61:081209C000000000640,00NTRF000000159877//180008
PAGO
:61:081209C000000004000,00NTRF000000159744//180008
PAGO
:61:081209C000000000150,00NTRF000000159616//180008
PAGO
:61:081209C000000003452,00NTRF000000159567//180008
PAGO
:61:081209C000000000300,00NTRF000000160578//180008
PAGO
:61:081209C000000015500,00NTRF000000160706//180008
PAGO
:61:081209C000000003000,00NTRF000000160787//180008
PAGO
:61:081209C000000001000,00NTRF000000160979//180008
PAGO
:61:081209C000000001900,00NTRF000002976611//180008
PAGO
:62M:C081209VEF000003480770,50
-}{5:{CHK:1143FB20924B}}{S:{COP:S}}${1:F21VZCRVECAAXXX5410610696}{4:{177:0404021720}{451:0}}{1:F01VZCRVECAAXXX5410610696}{2:09501717040402VZCRVECAAXXX40812675430404021720N}{3:{108:SCONNECT}}{4:
:20:MI081209
:25:2222222222
:28C:0515/069
:60M:C081209VEF000003480770,50
:61:081209C000000000150,00NTRF000002987742//180008
PAGO
:61:081209C000000003011,08NTRF000002987838//180008
PAGO
:61:081209C000000000969,69NTRF000083581279//180008
PAGO
:61:081209C000000002334,00NTRF000003438072//180008
PAGO
:61:081209C000000000100,00NTRF000089135010//180008
PAGO
:61:081209C000000001021,13NTRF000003438071//180008
PAGO
:61:081209C000000000230,73NTRF000000049422//180008
PAGO
:61:081209C000000001002,50NTRF000000049449//180008
PAGO
:61:081209C000000080166,42NTRF000000049381//180008
PAGO
:62M:C081209VEF000003569756,05
-}{5:{CHK:1143FB20924B}}{S:{COP:S}}${1:F21VZCRVECAAXXX5410610696}{4:{177:0404021720}{451:0}}{1:F01VZCRVECAAXXX5410610696}{2:09501717040402VZCRVECAAXXX40812675430404021720N}{3:{108:SCONNECT}}{4:
:20:MI081209
:25:2222222222
:28C:0515/070
:60M:C081209VEF000003569756,05
:61:081209C000000003730,08NTRF000003438072//180008
PAGO
:61:081209C000000000700,00NTRF000076504894//180008
PAGO
:61:081209C000000000500,00NTRF000066838798//180008
PAGO
:61:081209C000000001604,00NTRF000000049446//180008
PAGO
:61:081209C000000000100,00NTRF000027150869//180008
PAGO
:61:081209C000000004400,00NTRF000050066007//180008
PAGO
:61:081209C000000003350,00NTRF000050066006//180008
PAGO
:61:081209C000000000635,00NTRF000050066005//180008
PAGO
:61:081209C000000001840,00NTRF000000158478//180008
PAGO
:62M:C081209VEF000003586615,13
-}{5:{CHK:1143FB20924B}}{S:{COP:S}}${1:F21VZCRVECAAXXX5410610696}{4:{177:0404021720}{451:0}}{1:F01VZCRVECAAXXX5410610696}{2:09501717040402VZCRVECAAXXX40812675430404021720N}{3:{108:SCONNECT}}{4:
:20:MI081209
:25:2222222222
:28C:0515/071
:60M:C081209VEF000003586615,13
:61:081209C000032250000,00NTRF000000000000//180008
PAGO
:61:081209C000000001270,43NTRF000000157392//180008
PAGO
:61:081209C000000001365,00NTRF000000157391//180008
PAGO
:61:081209C000000003849,33NTRF000000157308//180008
PAGO
:61:081209C000000004060,08NTRF000000157390//180008
PAGO
:61:081209C000000001510,00NTRF000000157394//180008
PAGO
:61:081209C000000007717,66NTRF000000157393//180008
PAGO
:61:081209C000000003494,70NTRF000000157307//180008
PAGO
:61:081209C000000019600,00NTRF000000158268//180008
PAGO
:62M:C081209VEF000035879482,33
-}{5:{CHK:1143FB20924B}}{S:{COP:S}}${1:F21VZCRVECAAXXX5410610696}{4:{177:0404021720}{451:0}}{1:F01VZCRVECAAXXX5410610696}{2:09501717040402VZCRVECAAXXX40812675430404021720N}{3:{108:SCONNECT}}{4:
:20:MI081209
:25:2222222222
:28C:0515/072
:60M:C081209VEF000035879482,33
:61:081209C000000010000,00NTRF000000158264//180008
PAGO
:61:081209C000000003000,00NTRF000027149109//180008
PAGO
:61:081209C000000050000,00NTRF000027149244//180008
PAGO
:61:081209C000000000847,00NTRF000027149306//180008
PAGO
:61:081209C000000001000,00NTRF000027150159//180008
PAGO
:61:081209C000000000150,00NTRF000027150648//180008
PAGO
:61:081209C000000004500,00NTRF000027148364//180008
PAGO
:61:081209C000000001000,00NTRF000027147786//180008
PAGO
:61:081209C000000001831,50NTRF000027147713//180008
PAGO
:62M:C081209VEF000035951810,83
-}{5:{CHK:1143FB20924B}}{S:{COP:S}}${1:F21VZCRVECAAXXX5410610696}{4:{177:0404021720}{451:0}}{1:F01VZCRVECAAXXX5410610696}{2:09501717040402VZCRVECAAXXX40812675430404021720N}{3:{108:SCONNECT}}{4:
:20:MI081209
:25:2222222222
:28C:0515/073
:60M:C081209VEF000035951810,83
:61:081209C000000001000,00NTRF000000159787//180008
PAGO
:61:081209C000000000500,00NTRF000000159795//180008
PAGO
:61:081209C000000002000,00NTRF000000159364//180008
PAGO
:61:081209C000000000150,00NTRF000000159418//180008
PAGO
:61:081209C000000000050,00NTRF000000159432//180008
PAGO
:61:081209C000000000930,00NTRF000000159249//180008
PAGO
:61:081209C000000002500,00NTRF000000159275//180008
PAGO
:61:081209C000000007900,00NTRF000000158288//180008
PAGO
:61:081209C000000000200,00NTRF000000158293//180008
PAGO
:62M:C081209VEF000035967040,83
-}{5:{CHK:1143FB20924B}}{S:{COP:S}}${1:F21VZCRVECAAXXX5410610696}{4:{177:0404021720}{451:0}}{1:F01VZCRVECAAXXX5410610696}{2:09501717040402VZCRVECAAXXX40812675430404021720N}{3:{108:SCONNECT}}{4:
:20:MI081209
:25:2222222222
:28C:0515/074
:60M:C081209VEF000035967040,83
:61:081209C000000000450,00NTRF000000158300//180008
PAGO
:61:081209C000000001000,00NTRF000000158363//180008
PAGO
:61:081209C000000000500,00NTRF000000158366//180008
PAGO
:61:081209C000000000700,00NTRF000000158389//180008
PAGO
:61:081209C000000090000,00NTRF000000150445//180008
PAGO
:61:081209C000000012817,68NTRF000000150586//180008
PAGO
:61:081209C000000002000,00NTRF000000152391//180008
PAGO
:61:081209C000000008055,85NTRF000000153700//180008
PAGO
:61:081209C000000000500,00NTRF000000158025//180008
PAGO
:62M:C081209VEF000036083064,36
-}{5:{CHK:1143FB20924B}}{S:{COP:S}}${1:F21VZCRVECAAXXX5410610696}{4:{177:0404021720}{451:0}}{1:F01VZCRVECAAXXX5410610696}{2:09501717040402VZCRVECAAXXX40812675430404021720N}{3:{108:SCONNECT}}{4:
:20:MI081209
:25:2222222222
:28C:0515/075
:60M:C081209VEF000036083064,36
:61:081209C000000000200,00NTRF000000158030//180008
PAGO
:61:081209C000000002000,00NTRF000000158040//180008
PAGO
:61:081209C000000002800,00NTRF000000158150//180008
PAGO
:61:081209C000000075554,40NTRF000000131703//180008
PAGO
:61:081209C000000004520,00NTRF000000137732//180008
PAGO
:61:081209C000000005000,00NTRF000000137742//180008
PAGO
:61:081209C000000008148,80NTRF000000138203//180008
PAGO
:61:081209C000000001250,00NTRF000000139973//180008
PAGO
:61:081209C000000000100,00NTRF000000145647//180008
PAGO
:62M:C081209VEF000036182637,56
-}{5:{CHK:1143FB20924B}}{S:{COP:S}}${1:F21VZCRVECAAXXX5410610696}{4:{177:0404021720}{451:0}}{1:F01VZCRVECAAXXX5410610696}{2:09501717040402VZCRVECAAXXX40812675430404021720N}{3:{108:SCONNECT}}{4:
:20:MI081209
:25:2222222222
:28C:0515/076
:60M:C081209VEF000036182637,56
:61:081209C000000005000,00NTRF000000158186//180008
PAGO
:61:081209C000000025000,00NTRF000000158213//180008
PAGO
:61:081209C000000000681,00NTRF000000158217//180008
PAGO
:61:081209C000000000630,95NTRF000000129696//180008
PAGO
:61:081209C000000000031,88NTRF000000129729//180008
PAGO
:61:081209C000000002600,00NTRF000000129999//180008
PAGO
:61:081209C000010750000,00NTRF000000130906//180008
PAGO
:61:081209C000000400000,00NTRF000000131074//180008
PAGO
:61:081209C000000140000,00NTRF000000131387//180008
PAGO
:62M:C081209VEF000047506581,39
-}{5:{CHK:1143FB20924B}}{S:{COP:S}}${1:F21VZCRVECAAXXX5410610696}{4:{177:0404021720}{451:0}}{1:F01VZCRVECAAXXX5410610696}{2:09501717040402VZCRVECAAXXX40812675430404021720N}{3:{108:SCONNECT}}{4:
:20:MI081209
:25:2222222222
:28C:0515/077
:60M:C081209VEF000047506581,39
:61:081209C000000000450,00NTRF000000158425//180008
PAGO
:61:081209C000000005000,00NTRF000000158488//180008
PAGO
:61:081209C000000005000,00NTRF000000158501//180008
PAGO
:61:081209C000000002000,00NTRF000000158525//180008
PAGO
:61:081209C000000007280,00NTRF000000158534//180008
PAGO
:61:081209C000000000600,00NTRF000000158542//180008
PAGO
:61:081209C000000018000,00NTRF000000158568//180008
PAGO
:61:081209C000000000250,00NTRF000000145672//180008
PAGO
:61:081209C000000036473,63NTRF000000147746//180008
PAGO
:62M:C081209VEF000047581635,02
-}{5:{CHK:1143FB20924B}}{S:{COP:S}}${1:F21VZCRVECAAXXX5410610696}{4:{177:0404021720}{451:0}}{1:F01VZCRVECAAXXX5410610696}{2:09501717040402VZCRVECAAXXX40812675430404021720N}{3:{108:SCONNECT}}{4:
:20:MI081209
:25:2222222222
:28C:0515/078
:60M:C081209VEF000047581635,02
:61:081209C000000001500,00NTRF000000158768//180008
PAGO
:61:081209C000000000275,00NTRF000000158832//180008
PAGO
:61:081209C000000000800,00NTRF000000158838//180008
PAGO
:61:081209C000000000400,93NTRF000000158927//180008
PAGO
:61:081209C000000002920,00NTRF000000158988//180008
PAGO
:61:081209C000000000200,00NTRF000000159028//180008
PAGO
:61:081209C000000000500,00NTRF000000159093//180008
PAGO
:61:081209C000000000300,00NTRF000000159180//180008
PAGO
:61:081209C000000001500,00NTRF000000159196//180008
PAGO
:62M:C081209VEF000047590030,95
-}{5:{CHK:1143FB20924B}}{S:{COP:S}}${1:F21VZCRVECAAXXX5410610696}{4:{177:0404021720}{451:0}}{1:F01VZCRVECAAXXX5410610696}{2:09501717040402VZCRVECAAXXX40812675430404021720N}{3:{108:SCONNECT}}{4:
:20:MI081209
:25:2222222222
:28C:0515/079
:60M:C081209VEF000047590030,95
:61:081209C000000000800,00NTRF000000159495//180008
PAGO
:61:081209C000000000830,00NTRF000000159515//180008
PAGO
:61:081209C000000000840,00NTRF000000159517//180008
PAGO
:61:081209C000000004000,00NTRF000000159587//180008
PAGO
:61:081209C000000000300,00NTRF000000159619//180008
PAGO
:61:081209C000000000732,00NTRF000000159634//180008
PAGO
:61:081209C000000000200,00NTRF000000159663//180008
PAGO
:61:081209C000000001000,00NTRF000000158597//180008
PAGO
:61:081209C000000004450,00NTRF000000158736//180008
PAGO
:62M:C081209VEF000047603182,95
-}{5:{CHK:1143FB20924B}}{S:{COP:S}}${1:F21VZCRVECAAXXX5410610696}{4:{177:0404021720}{451:0}}{1:F01VZCRVECAAXXX5410610696}{2:09501717040402VZCRVECAAXXX40812675430404021720N}{3:{108:SCONNECT}}{4:
:20:MI081209
:25:2222222222
:28C:0515/080
:60M:C081209VEF000047603182,95
:61:081209C000000010000,00NTRF000000159444//180008
PAGO
:61:081209C000000015566,67NTRF000000159422//180008
PAGO
:61:081209C000000001835,00NTRF000000159378//180008
PAGO
:61:081209C000000017295,00NTRF000000159863//180008
PAGO
:61:081209C000000001000,00NTRF000000159841//180008
PAGO
:61:081209C000000002021,70NTRF000000159772//180008
PAGO
:61:081209C000000300000,00NTRF000000159781//180008
PAGO
:61:081209C000000000105,00NTRF000000159730//180008
PAGO
:61:081209C000000001280,00NTRF000000159687//180008
PAGO
:62M:C081209VEF000047952286,32
-}{5:{CHK:1143FB20924B}}{S:{COP:S}}${1:F21VZCRVECAAXXX5410610696}{4:{177:0404021720}{451:0}}{1:F01VZCRVECAAXXX5410610696}{2:09501717040402VZCRVECAAXXX40812675430404021720N}{3:{108:SCONNECT}}{4:
:20:MI081209
:25:2222222222
:28C:0515/081
:60M:C081209VEF000047952286,32
:61:081209C000000112750,29NTRF000000352885//180008
PAGO
:61:081209C000000025800,00NTRF000000352724//180008
PAGO
:61:081209C000000009437,24NTRF000000352841//180008
PAGO
:61:081209C000000003000,00NTRF000000352822//180008
PAGO
:61:081209C000000005000,00NTRF000000029587//180008
PAGO
:61:081209C000000000340,00NTRF000000357607//180008
PAGO
:61:081209C000000005000,00NTRF000000157274//180008
PAGO
:61:081209C000000000100,00NTRF000000163321//180008
PAGO
:61:081209C000000000140,00NTRF000000000000//180008
PAGO
:62M:C081209VEF000048113853,85
-}{5:{CHK:1143FB20924B}}{S:{COP:S}}${1:F21VZCRVECAAXXX5410610696}{4:{177:0404021720}{451:0}}{1:F01VZCRVECAAXXX5410610696}{2:09501717040402VZCRVECAAXXX40812675430404021720N}{3:{108:SCONNECT}}{4:
:20:MI081209
:25:2222222222
:28C:0515/082
:60M:C081209VEF000048113853,85
:61:081209C000000006965,00NTRF000009122008//180008
PAGO
:61:081209C000000000400,00NTRF000009122008//180008
PAGO
:61:081209C000000000100,00NTRF000009122008//180008
PAGO
:61:081209C000000000200,00NTRF000009122008//180008
PAGO
:61:081209C000000000250,00NTRF000009122008//180008
PAGO
:61:081209C000000003000,00NTRF000009122008//180008
PAGO
:61:081209C000000001500,00NTRF000009122008//180008
PAGO
:61:081209C000000016203,87NTRF000081209015//180008
PAGO
:61:081209C000000000431,58NTRF000034480738//180008
PAGO
:62M:C081209VEF000048142904,30
-}{5:{CHK:1143FB20924B}}{S:{COP:S}}${1:F21VZCRVECAAXXX5410610696}{4:{177:0404021720}{451:0}}{1:F01VZCRVECAAXXX5410610696}{2:09501717040402VZCRVECAAXXX40812675430404021720N}{3:{108:SCONNECT}}{4:
:20:MI081209
:25:2222222222
:28C:0515/083
:60M:C081209VEF000048142904,30
:61:081209C000000068485,58NTRF000034480755//180008
PAGO
:61:081209C000000058245,87NTRF000000344807//180008
PAGO
:61:081209C000000002157,90NTRF000003448075//180008
PAGO
:61:081209C000000005000,00NTRF000000000000//180008
PAGO
:61:081209C000000005000,00NTRF000000000000//180008
PAGO
:61:081209C000000000500,00NTRF000000000000//180008
PAGO
:61:081209C000000000860,00NTRF000027143471//180008
PAGO
:61:081209C000000000355,69NTRF000027143444//180008
PAGO
:61:081209C000000004000,00NTRF000027144498//180008
PAGO
:62M:C081209VEF000048287509,34
-}{5:{CHK:1143FB20924B}}{S:{COP:S}}${1:F21VZCRVECAAXXX5410610696}{4:{177:0404021720}{451:0}}{1:F01VZCRVECAAXXX5410610696}{2:09501717040402VZCRVECAAXXX40812675430404021720N}{3:{108:SCONNECT}}{4:
:20:MI081209
:25:2222222222
:28C:0515/084
:60M:C081209VEF000048287509,34
:61:081209C000000001000,00NTRF000027144602//180008
PAGO
:61:081209C000000000440,00NTRF000027144447//180008
PAGO
:61:081209C000000000833,50NTRF000027144303//180008
PAGO
:61:081209C000000000627,00NTRF000027143227//180008
PAGO
:61:081209C000000024250,00NTRF000027144643//180008
PAGO
:61:081209C000000000900,00NTRF000027145787//180008
PAGO
:61:081209C000000000481,00NTRF000027145840//180008
PAGO
:61:081209C000000001000,00NTRF000027146357//180008
PAGO
:61:081209C000000002000,00NTRF000027146407//180008
PAGO
:62M:C081209VEF000048319040,84
-}{5:{CHK:1143FB20924B}}{S:{COP:S}}${1:F21VZCRVECAAXXX5410610696}{4:{177:0404021720}{451:0}}{1:F01VZCRVECAAXXX5410610696}{2:09501717040402VZCRVECAAXXX40812675430404021720N}{3:{108:SCONNECT}}{4:
:20:MI081209
:25:2222222222
:28C:0515/085
:60M:C081209VEF000048319040,84
:61:081209C000000000500,00NTRF000027147026//180008
PAGO
:61:081209C000000000760,00NTRF000027147419//180008
PAGO
:61:081209C000000001015,00NTRF000027143202//180008
PAGO
:61:081209C000000000300,00NTRF000000064724//180008
PAGO
:61:081209C000000001742,85NTRF000000012268//180008
PAGO
:61:081209C000000000150,00NTRF000000065192//180008
PAGO
:61:081209C000000000500,00NTRF000000065264//180008
PAGO
:61:081209C000000002070,00NTRF000000024274//180008
PAGO
:61:081209C000000005000,00NTRF000000984472//180008
PAGO
:62M:C081209VEF000048331078,69
-}{5:{CHK:1143FB20924B}}{S:{COP:S}}${1:F21VZCRVECAAXXX5410610696}{4:{177:0404021720}{451:0}}{1:F01VZCRVECAAXXX5410610696}{2:09501717040402VZCRVECAAXXX40812675430404021720N}{3:{108:SCONNECT}}{4:
:20:MI081209
:25:2222222222
:28C:0515/086
:60M:C081209VEF000048331078,69
:61:081209C000000000900,00NTRF000000920075//180008
PAGO
:61:081209C000000000100,00NTRF000000286811//180008
PAGO
:61:081209C000000016500,00NTRF000000978222//180008
PAGO
:61:081209C000000000790,00NTRF000000285691//180008
PAGO
:61:081209C000000005000,00NTRF000000196787//180008
PAGO
:61:081209C000000005541,85NTRF000000273436//180008
PAGO
:61:081209C000000003600,00NTRF000000335274//180008
PAGO
:61:081209C000000001500,00NTRF000000260272//180008
PAGO
:61:081209C000000002433,00NTRF000000020335//180008
PAGO
:62M:C081209VEF000048367443,54
-}{5:{CHK:1143FB20924B}}{S:{COP:S}}${1:F21VZCRVECAAXXX5410610696}{4:{177:0404021720}{451:0}}{1:F01VZCRVECAAXXX5410610696}{2:09501717040402VZCRVECAAXXX40812675430404021720N}{3:{108:SCONNECT}}{4:
:20:MI081209
:25:2222222222
:28C:0515/087
:60M:C081209VEF000048367443,54
:61:081209C000000000100,00NTRF000000170011//180008
PAGO
:61:081209C000000003338,00NTRF000000196871//180008
PAGO
:61:081209C000000004000,00NTRF000000052833//180008
PAGO
:61:081209C000000000059,00NTRF000000311817//180008
PAGO
:61:081209C000000001350,00NTRF000000208804//180008
PAGO
:61:081209C000000000170,00NTRF000000258711//180008
PAGO
:61:081209C000000000475,00NTRF000000929648//180008
PAGO
:61:081209C000000000150,00NTRF000000094538//180008
PAGO
:61:081209C000000024000,00NTRF000027094966//180008
PAGO
:62M:C081209VEF000048401085,54
-}{5:{CHK:1143FB20924B}}{S:{COP:S}}${1:F21VZCRVECAAXXX5410610696}{4:{177:0404021720}{451:0}}{1:F01VZCRVECAAXXX5410610696}{2:09501717040402VZCRVECAAXXX40812675430404021720N}{3:{108:SCONNECT}}{4:
:20:MI081209
:25:2222222222
:28C:0515/088
:60M:C081209VEF000048401085,54
:61:081209C000000000270,00NTRF000027095662//180008
PAGO
:61:081209C000000000300,00NTRF000027086085//180008
PAGO
:61:081209C000000001583,30NTRF000027096858//180008
PAGO
:61:081209C000000000100,00NTRF000027100064//180008
PAGO
:61:081209C000000002340,00NTRF000027095780//180008
PAGO
:61:081209C000000000568,00NTRF000027093373//180008
PAGO
:61:081209C000000000250,00NTRF000027101564//180008
PAGO
:61:081209C000000016880,00NTRF000027106446//180008
PAGO
:61:081209C000000006800,00NTRF000027103599//180008
PAGO
:62M:C081209VEF000048430176,84
-}{5:{CHK:1143FB20924B}}{S:{COP:S}}${1:F21VZCRVECAAXXX5410610696}{4:{177:0404021720}{451:0}}{1:F01VZCRVECAAXXX5410610696}{2:09501717040402VZCRVECAAXXX40812675430404021720N}{3:{108:SCONNECT}}{4:
:20:MI081209
:25:2222222222
:28C:0515/089
:60M:C081209VEF000048430176,84
:61:081209C000000001200,00NTRF000027106583//180008
PAGO
:61:081209C000000000200,00NTRF000027107566//180008
PAGO
:61:081209C000000000193,00NTRF000027107914//180008
PAGO
:61:081209C000000000200,00NTRF000027108826//180008
PAGO
:61:081209C000000000306,00NTRF000027114937//180008
PAGO
:61:081209C000000000600,00NTRF000027114757//180008
PAGO
:61:081209C000000002000,00NTRF000027116341//180008
PAGO
:61:081209C000000004000,00NTRF000027128264//180008
PAGO
:61:081209C000000002400,00NTRF000027127857//180008
PAGO
:62M:C081209VEF000048441275,84
-}{5:{CHK:1143FB20924B}}{S:{COP:S}}${1:F21VZCRVECAAXXX5410610696}{4:{177:0404021720}{451:0}}{1:F01VZCRVECAAXXX5410610696}{2:09501717040402VZCRVECAAXXX40812675430404021720N}{3:{108:SCONNECT}}{4:
:20:MI081209
:25:2222222222
:28C:0515/090
:60M:C081209VEF000048441275,84
:61:081209C000000001400,00NTRF000027127581//180008
PAGO
:61:081209C000000007000,00NTRF000027127090//180008
PAGO
:61:081209C000000000800,00NTRF000027126189//180008
PAGO
:61:081209C000000001000,00NTRF000027124378//180008
PAGO
:61:081209C000000000200,00NTRF000027124316//180008
PAGO
:61:081209C000000004500,00NTRF000027123853//180008
PAGO
:61:081209C000000000500,00NTRF000027123284//180008
PAGO
:61:081209C000000000150,00NTRF000027122023//180008
PAGO
:61:081209C000000000150,00NTRF000027121537//180008
PAGO
:62M:C081209VEF000048456975,84
-}{5:{CHK:1143FB20924B}}{S:{COP:S}}${1:F21VZCRVECAAXXX5410610696}{4:{177:0404021720}{451:0}}{1:F01VZCRVECAAXXX5410610696}{2:09501717040402VZCRVECAAXXX40812675430404021720N}{3:{108:SCONNECT}}{4:
:20:MI081209
:25:2222222222
:28C:0515/091
:60M:C081209VEF000048456975,84
:61:081209C000000000500,00NTRF000027119868//180008
PAGO
:61:081209C000000007951,60NTRF000027119357//180008
PAGO
:61:081209C000000001000,00NTRF000027137940//180008
PAGO
:61:081209C000000001400,00NTRF000027137734//180008
PAGO
:61:081209C000000000185,44NTRF000027082595//180008
PAGO
:61:081209C000000001000,00NTRF000027081585//180008
PAGO
:61:081209C000000000600,00NTRF000027081826//180008
PAGO
:61:081209C000000000400,00NTRF000027078180//180008
PAGO
:61:081209C000000000500,00NTRF000027074695//180008
PAGO
:62M:C081209VEF000048470512,88
-}{5:{CHK:1143FB20924B}}{S:{COP:S}}${1:F21VZCRVECAAXXX5410610696}{4:{177:0404021720}{451:0}}{1:F01VZCRVECAAXXX5410610696}{2:09501717040402VZCRVECAAXXX40812675430404021720N}{3:{108:SCONNECT}}{4:
:20:MI081209
:25:2222222222
:28C:0515/092
:60M:C081209VEF000048470512,88
:61:081209C000000003185,06NTRF000027077858//180008
PAGO
:61:081209C000000000490,00NTRF000027075147//180008
PAGO
:61:081209C000000001300,00NTRF000027082807//180008
PAGO
:61:081209C000000002700,00NTRF000027140951//180008
PAGO
:61:081209C000000000150,00NTRF000027141654//180008
PAGO
:61:081209C000000006350,00NTRF000027141877//180008
PAGO
:61:081209C000000004000,00NTRF000027141500//180008
PAGO
:61:081209C000000023000,00NTRF000027140662//180008
PAGO
:61:081209C000000010569,03NTRF000099340363//180008
PAGO
:62M:C081209VEF000048522256,97
-}{5:{CHK:1143FB20924B}}{S:{COP:S}}${1:F21VZCRVECAAXXX5410610696}{4:{177:0404021720}{451:0}}{1:F01VZCRVECAAXXX5410610696}{2:09501717040402VZCRVECAAXXX40812675430404021720N}{3:{108:SCONNECT}}{4:
:20:MI081209
:25:2222222222
:28C:0515/093
:60M:C081209VEF000048522256,97
:61:081209C000000034506,85NTRF000000000021//180008
PAGO
:61:081209C000000000305,60NTRF000031923460//180008
PAGO
:61:081209C000000064666,14NTRF000099340789//180008
PAGO
:61:081209C000000010974,70NTRF000099340674//180008
PAGO
:61:081209C000000010305,70NTRF000099340759//180008
PAGO
:61:081209C000000000128,92NTRF000031922414//180008
PAGO
:61:081209C000000003500,00NTRF000000002763//180008
PAGO
:61:081209C000000008729,08NTRF000000000033//180008
PAGO
:61:081209C000000000224,24NTRF000031895517//180008
PAGO
:62M:C081209VEF000048655598,20
-}{5:{CHK:1143FB20924B}}{S:{COP:S}}${1:F21VZCRVECAAXXX5410610696}{4:{177:0404021720}{451:0}}{1:F01VZCRVECAAXXX5410610696}{2:09501717040402VZCRVECAAXXX40812675430404021720N}{3:{108:SCONNECT}}{4:
:20:MI081209
:25:2222222222
:28C:0515/094
:60M:C081209VEF000048655598,20
:61:081209C000000018008,31NTRF000099340695//180008
PAGO
:61:081209C000000000700,00NTRF000027119177//180008
PAGO
:61:081209C000000040000,00NTRF000027121892//180008
PAGO
:61:081209C000000005000,00NTRF000000063412//180008
PAGO
:61:081209C000000007500,00NTRF000027064951//180008
PAGO
:61:081209C000000010000,00NTRF000027064778//180008
PAGO
:61:081209C000000026024,45NTRF000000449273//180008
PAGO
:61:081209C000000003578,75NTRF000000448959//180008
PAGO
:61:081209C000000001000,00NTRF000027110440//180008
PAGO
:62M:C081209VEF000048767409,71
-}{5:{CHK:1143FB20924B}}{S:{COP:S}}${1:F21VZCRVECAAXXX5410610696}{4:{177:0404021720}{451:0}}{1:F01VZCRVECAAXXX5410610696}{2:09501717040402VZCRVECAAXXX40812675430404021720N}{3:{108:SCONNECT}}{4:
:20:MI081209
:25:2222222222
:28C:0515/095
:60M:C081209VEF000048767409,71
:61:081209C000000001500,00NTRF000027110363//180008
PAGO
:61:081209C000000000851,76NTRF000027109683//180008
PAGO
:61:081209C000000000700,00NTRF000027108784//180008
PAGO
:61:081209C000000000113,80NTRF000027107676//180008
PAGO
:61:081209C000000001200,00NTRF000027106750//180008
PAGO
:61:081209C000000000160,00NTRF000027139517//180008
PAGO
:61:081209C000000003000,00NTRF000027140033//180008
PAGO
:61:081209C000000000150,00NTRF000027140269//180008
PAGO
:61:081209C000000000540,00NTRF000027084718//180008
PAGO
:62M:C081209VEF000048775625,27
-}{5:{CHK:1143FB20924B}}{S:{COP:S}}${1:F21VZCRVECAAXXX5410610696}{4:{177:0404021720}{451:0}}{1:F01VZCRVECAAXXX5410610696}{2:09501717040402VZCRVECAAXXX40812675430404021720N}{3:{108:SCONNECT}}{4:
:20:MI081209
:25:2222222222
:28C:0515/096
:60M:C081209VEF000048775625,27
:61:081209C000000000015,00NTRF000027083205//180008
PAGO
:61:081209C000000005000,00NTRF000027114728//180008
PAGO
:61:081209C000000000700,00NTRF000027113714//180008
PAGO
:61:081209C000000001000,00NTRF000027113132//180008
PAGO
:61:081209C000000001320,00NTRF000027112965//180008
PAGO
:61:081209C000000009000,00NTRF000027112211//180008
PAGO
:61:081209C000000001760,00NTRF000027111981//180008
PAGO
:61:081209C000000000100,00NTRF000027110654//180008
PAGO
:61:081209C000000001000,00NTRF000027137357//180008
PAGO
:62M:C081209VEF000048795520,27
-}{5:{CHK:1143FB20924B}}{S:{COP:S}}${1:F21VZCRVECAAXXX5410610696}{4:{177:0404021720}{451:0}}{1:F01VZCRVECAAXXX5410610696}{2:09501717040402VZCRVECAAXXX40812675430404021720N}{3:{108:SCONNECT}}{4:
:20:MI081209
:25:2222222222
:28C:0515/097
:60M:C081209VEF000048795520,27
:61:081209C000000002000,00NTRF000027137155//180008
PAGO
:61:081209C000000000150,00NTRF000027134113//180008
PAGO
:61:081209C000000000400,00NTRF000027134064//180008
PAGO
:61:081209C000000002500,00NTRF000027133939//180008
PAGO
:61:081209C000000003000,00NTRF000027133558//180008
PAGO
:61:081209C000000000330,00NTRF000027133123//180008
PAGO
:61:081209C000000001200,00NTRF000027133111//180008
PAGO
:61:081209C000000000224,00NTRF000027132819//180008
PAGO
:61:081209C000000001570,00NTRF000027132814//180008
PAGO
:62M:C081209VEF000048806894,27
-}{5:{CHK:1143FB20924B}}{S:{COP:S}}${1:F21VZCRVECAAXXX5410610696}{4:{177:0404021720}{451:0}}{1:F01VZCRVECAAXXX5410610696}{2:09501717040402VZCRVECAAXXX40812675430404021720N}{3:{108:SCONNECT}}{4:
:20:MI081209
:25:2222222222
:28C:0515/098
:60M:C081209VEF000048806894,27
:61:081209C000000001000,00NTRF000027132474//180008
PAGO
:61:081209C000000003041,20NTRF000027131191//180008
PAGO
:61:081209C000000002000,00NTRF000027130679//180008
PAGO
:61:081209C000000000402,22NTRF000027118658//180008
PAGO
:61:081209C000000024000,00NTRF000027098259//180008
PAGO
:61:081209C000000002000,00NTRF000027099446//180008
PAGO
:61:081209C000000000281,33NTRF000027086964//180008
PAGO
:61:081209C000000000389,49NTRF000000152670//180008
PAGO
:61:081209C000000004000,00NTRF000000043394//180008
PAGO
:62M:C081209VEF000048844008,51
-}{5:{CHK:1143FB20924B}}{S:{COP:S}}${1:F21VZCRVECAAXXX5410610696}{4:{177:0404021720}{451:0}}{1:F01VZCRVECAAXXX5410610696}{2:09501717040402VZCRVECAAXXX40812675430404021720N}{3:{108:SCONNECT}}{4:
:20:MI081209
:25:2222222222
:28C:0515/099
:60M:C081209VEF000048844008,51
:61:081209C000000000041,24NTRF000000150533//180008
PAGO
:61:081209C000000000700,00NTRF000000150534//180008
PAGO
:61:081209C000000005000,00NTRF000000150546//180008
PAGO
:61:081209C000000001100,00NTRF000000150471//180008
PAGO
:61:081209C000000001000,00NTRF000000150424//180008
PAGO
:61:081209C000000000300,00NTRF000000150421//180008
PAGO
:61:081209C000000003000,00NTRF000000150310//180008
PAGO
:61:081209C000000000460,00NTRF000000150199//180008
PAGO
:61:081209C000000000700,00NTRF000000150180//180008
PAGO
:62M:C081209VEF000048856309,75
-}{5:{CHK:1143FB20924B}}{S:{COP:S}}${1:F21VZCRVECAAXXX5410610696}{4:{177:0404021720}{451:0}}{1:F01VZCRVECAAXXX5410610696}{2:09501717040402VZCRVECAAXXX40812675430404021720N}{3:{108:SCONNECT}}{4:
:20:MI081209
:25:2222222222
:28C:0515/100
:60M:C081209VEF000048856309,75
:61:081209C000000001600,00NTRF000000150139//180008
PAGO
:61:081209C000000002000,00NTRF000000150109//180008
PAGO
:61:081209C000000000550,00NTRF000000150016//180008
PAGO
:61:081209C000000000031,00NTRF000000142292//180008
PAGO
:61:081209C000000005170,00NTRF000000142187//180008
PAGO
:61:081209C000000004816,00NTRF000000142150//180008
PAGO
:61:081209C000000008500,00NTRF000000142124//180008
PAGO
:61:081209C000000001500,00NTRF000000141903//180008
PAGO
:61:081209C000000001000,00NTRF000000141834//180008
PAGO
:62M:C081209VEF000048881476,75
-}{5:{CHK:1143FB20924B}}{S:{COP:S}}${1:F21VZCRVECAAXXX5410610696}{4:{177:0404021720}{451:0}}{1:F01VZCRVECAAXXX5410610696}{2:09501717040402VZCRVECAAXXX40812675430404021720N}{3:{108:SCONNECT}}{4:
:20:MI081209
:25:2222222222
:28C:0515/101
:60M:C081209VEF000048881476,75
:61:081209C000000000320,00NTRF000000141812//180008
PAGO
:61:081209C000000001000,00NTRF000000141787//180008
PAGO
:61:081209C000000000250,00NTRF000000141703//180008
PAGO
:61:081209C000000001200,00NTRF000000141651//180008
PAGO
:61:081209C000000000300,00NTRF000000141530//180008
PAGO
:61:081209C000000004400,00NTRF000000141498//180008
PAGO
:61:081209C000000000136,25NTRF000000141475//180008
PAGO
:61:081209C000000000329,55NTRF000000141424//180008
PAGO
:61:081209C000000012000,00NTRF000000141284//180008
PAGO
:62M:C081209VEF000048901412,55
-}{5:{CHK:1143FB20924B}}{S:{COP:S}}${1:F21VZCRVECAAXXX5410610696}{4:{177:0404021720}{451:0}}{1:F01VZCRVECAAXXX5410610696}{2:09501717040402VZCRVECAAXXX40812675430404021720N}{3:{108:SCONNECT}}{4:
:20:MI081209
:25:2222222222
:28C:0515/102
:60M:C081209VEF000048901412,55
:61:081209C000000001000,00NTRF000000140891//180008
PAGO
:61:081209C000000001500,00NTRF000000140880//180008
PAGO
:61:081209C000000007000,00NTRF000000140772//180008
PAGO
:61:081209C000000000800,00NTRF000000140613//180008
PAGO
:61:081209C000000001300,00NTRF000000140589//180008
PAGO
:61:081209C000000000660,35NTRF000000140547//180008
PAGO
:61:081209C000000002730,00NTRF000000140519//180008
PAGO
:61:081209C000000000530,00NTRF000000140487//180008
PAGO
:61:081209C000000000010,00NTRF000000140494//180008
PAGO
:62M:C081209VEF000048916942,90
-}{5:{CHK:1143FB20924B}}{S:{COP:S}}${1:F21VZCRVECAAXXX5410610696}{4:{177:0404021720}{451:0}}{1:F01VZCRVECAAXXX5410610696}{2:09501717040402VZCRVECAAXXX40812675430404021720N}{3:{108:SCONNECT}}{4:
:20:MI081209
:25:2222222222
:28C:0515/103
:60M:C081209VEF000048916942,90
:61:081209C000000007500,00NTRF000000140452//180008
PAGO
:61:081209C000000000500,00NTRF000000140453//180008
PAGO
:61:081209C000000001000,00NTRF000000140437//180008
PAGO
:61:081209C000000000080,00NTRF000000140417//180008
PAGO
:61:081209C000000000150,00NTRF000000150654//180008
PAGO
:61:081209C000000002107,00NTRF000000123810//180008
PAGO
:61:081209C000000008500,00NTRF000000139785//180008
PAGO
:61:081209C000000001000,00NTRF000000139674//180008
PAGO
:61:081209C000000000300,00NTRF000000139590//180008
PAGO
:62M:C081209VEF000048938079,90
-}{5:{CHK:1143FB20924B}}{S:{COP:S}}${1:F21VZCRVECAAXXX5410610696}{4:{177:0404021720}{451:0}}{1:F01VZCRVECAAXXX5410610696}{2:09501717040402VZCRVECAAXXX40812675430404021720N}{3:{108:SCONNECT}}{4:
:20:MI081209
:25:2222222222
:28C:0515/104
:60M:C081209VEF000048938079,90
:61:081209C000000001200,00NTRF000000139510//180008
PAGO
:61:081209C000000005000,00NTRF000000139427//180008
PAGO
:61:081209C000000000628,03NTRF000000139084//180008
PAGO
:61:081209C000000001100,00NTRF000000139019//180008
PAGO
:61:081209C000000000878,00NTRF000000138897//180008
PAGO
:61:081209C000000003700,00NTRF000000138882//180008
PAGO
:61:081209C000000000430,00NTRF000000138883//180008
PAGO
:61:081209C000000003982,00NTRF000000136272//180008
PAGO
:61:081209C000000000720,00NTRF000000136249//180008
PAGO
:62M:C081209VEF000048955717,93
-}{5:{CHK:1143FB20924B}}{S:{COP:S}}${1:F21VZCRVECAAXXX5410610696}{4:{177:0404021720}{451:0}}{1:F01VZCRVECAAXXX5410610696}{2:09501717040402VZCRVECAAXXX40812675430404021720N}{3:{108:SCONNECT}}{4:
:20:MI081209
:25:2222222222
:28C:0515/105
:60M:C081209VEF000048955717,93
:61:081209C000000000500,00NTRF000000136174//180008
PAGO
:61:081209C000000000350,00NTRF000000136175//180008
PAGO
:61:081209C000000000200,00NTRF000000136182//180008
PAGO
:61:081209C000000002268,00NTRF000000136088//180008
PAGO
:61:081209C000000001000,00NTRF000000136039//180008
PAGO
:61:081209C000000005250,00NTRF000000135974//180008
PAGO
:61:081209C000000006000,00NTRF000000135890//180008
PAGO
:61:081209C000000000462,00NTRF000000138803//180008
PAGO
:61:081209C000000000590,00NTRF000000138805//180008
PAGO
:62M:C081209VEF000048972337,93
-}{5:{CHK:1143FB20924B}}{S:{COP:S}}${1:F21VZCRVECAAXXX5410610696}{4:{177:0404021720}{451:0}}{1:F01VZCRVECAAXXX5410610696}{2:09501717040402VZCRVECAAXXX40812675430404021720N}{3:{108:SCONNECT}}{4:
:20:MI081209
:25:2222222222
:28C:0515/106
:60M:C081209VEF000048972337,93
:61:081209C000000001800,00NTRF000000138789//180008
PAGO
:61:081209C000000001200,00NTRF000000138785//180008
PAGO
:61:081209C000000000500,00NTRF000000138735//180008
PAGO
:61:081209C000000000200,00NTRF000000138567//180008
PAGO
:61:081209C000000000064,00NTRF000000138548//180008
PAGO
:61:081209C000000002000,00NTRF000000138515//180008
PAGO
:61:081209C000000002000,00NTRF000000138516//180008
PAGO
:61:081209C000000001000,00NTRF000000136472//180008
PAGO
:61:081209C000000000100,00NTRF000000135879//180008
PAGO
:62M:C081209VEF000048981201,93
-}{5:{CHK:1143FB20924B}}{S:{COP:S}}${1:F21VZCRVECAAXXX5410610696}{4:{177:0404021720}{451:0}}{1:F01VZCRVECAAXXX5410610696}{2:09501717040402VZCRVECAAXXX40812675430404021720N}{3:{108:SCONNECT}}{4:
:20:MI081209
:25:2222222222
:28C:0515/107
:60M:C081209VEF000048981201,93
:61:081209C000000001000,00NTRF000000135833//180008
PAGO
:61:081209C000000003335,00NTRF000000135808//180008
PAGO
:61:081209C000000001600,00NTRF000000135730//180008
PAGO
:61:081209C000000000685,00NTRF000000135717//180008
PAGO
:61:081209C000000003300,00NTRF000000135685//180008
PAGO
:61:081209C000000000500,00NTRF000000134911//180008
PAGO
:61:081209C000000001500,00NTRF000000134903//180008
PAGO
:61:081209C000000001205,01NTRF000000134834//180008
PAGO
:61:081209C000000000560,00NTRF000000134820//180008
PAGO
:62M:C081209VEF000048994886,94
-}{5:{CHK:1143FB20924B}}{S:{COP:S}}${1:F21VZCRVECAAXXX5410610696}{4:{177:0404021720}{451:0}}{1:F01VZCRVECAAXXX5410610696}{2:09501717040402VZCRVECAAXXX40812675430404021720N}{3:{108:SCONNECT}}{4:
:20:MI081209
:25:2222222222
:28C:0515/108
:60M:C081209VEF000048994886,94
:61:081209C000000001800,00NTRF000000134784//180008
PAGO
:61:081209C000000002200,00NTRF000000134747//180008
PAGO
:61:081209C000000000300,00NTRF000000134711//180008
PAGO
:61:081209C000000004500,00NTRF000000125141//180008
PAGO
:61:081209C000000012500,00NTRF000000124705//180008
PAGO
:61:081209C000000000100,00NTRF000000124653//180008
PAGO
:61:081209C000000000450,00NTRF000000125142//180008
PAGO
:61:081209C000000000800,00NTRF000000125119//180008
PAGO
:61:081209C000000001000,00NTRF000000125086//180008
PAGO
:62M:C081209VEF000049018536,94
-}{5:{CHK:1143FB20924B}}{S:{COP:S}}${1:F21VZCRVECAAXXX5410610696}{4:{177:0404021720}{451:0}}{1:F01VZCRVECAAXXX5410610696}{2:09501717040402VZCRVECAAXXX40812675430404021720N}{3:{108:SCONNECT}}{4:
:20:MI081209
:25:2222222222
:28C:0515/109
:60M:C081209VEF000049018536,94
:61:081209C000000001000,00NTRF000000125048//180008
PAGO
:61:081209C000000000150,00NTRF000000124820//180008
PAGO
:61:081209C000000000750,00NTRF000000124789//180008
PAGO
:61:081209C000000000800,00NTRF000000124797//180008
PAGO
:61:081209C000000000100,00NTRF000000124766//180008
PAGO
:61:081209C000000005688,62NTRF000000124736//180008
PAGO
:61:081209C000000000500,00NTRF000000135508//180008
PAGO
:61:081209C000000002000,00NTRF000000135509//180008
PAGO
:61:081209C000000000460,00NTRF000000135351//180008
PAGO
:62M:C081209VEF000049029985,56
-}{5:{CHK:1143FB20924B}}{S:{COP:S}}${1:F21VZCRVECAAXXX5410610696}{4:{177:0404021720}{451:0}}{1:F01VZCRVECAAXXX5410610696}{2:09501717040402VZCRVECAAXXX40812675430404021720N}{3:{108:SCONNECT}}{4:
:20:MI081209
:25:2222222222
:28C:0515/110
:60M:C081209VEF000049029985,56
:61:081209C000000000500,00NTRF000000135300//180008
PAGO
:61:081209C000000003000,00NTRF000000135269//180008
PAGO
:61:081209C000000010052,34NTRF000000135247//180008
PAGO
:61:081209C000000000700,00NTRF000000135180//180008
PAGO
:61:081209C000000002000,00NTRF000000135025//180008
PAGO
:61:081209C000000000150,00NTRF000000135010//180008
PAGO
:61:081209C000000006902,00NTRF000000139655//180008
PAGO
:61:081209C000000001800,00NTRF000000139757//180008
PAGO
:61:081209C000000001300,00NTRF000000139949//180008
PAGO
:62M:C081209VEF000049056389,90
-}{5:{CHK:1143FB20924B}}{S:{COP:S}}${1:F21VZCRVECAAXXX5410610696}{4:{177:0404021720}{451:0}}{1:F01VZCRVECAAXXX5410610696}{2:09501717040402VZCRVECAAXXX40812675430404021720N}{3:{108:SCONNECT}}{4:
:20:MI081209
:25:2222222222
:28C:0515/111
:60M:C081209VEF000049056389,90
:61:081209C000000001000,00NTRF000000139991//180008
PAGO
:61:081209C000000001000,00NTRF000000140191//180008
PAGO
:61:081209C000000001000,00NTRF000000140207//180008
PAGO
:61:081209C000000000400,00NTRF000000124269//180008
PAGO
:61:081209C000000000200,00NTRF000000123970//180008
PAGO
:61:081209C000000000718,00NTRF000000123934//180008
PAGO
:61:081209C000000007000,00NTRF000000123981//180008
PAGO
:61:081209C000000002000,00NTRF000000124268//180008
PAGO
:61:081209C000000001274,44NTRF000000124398//180008
PAGO
:62M:C081209VEF000049070982,34
-}{5:{CHK:1143FB20924B}}{S:{COP:S}}${1:F21VZCRVECAAXXX5410610696}{4:{177:0404021720}{451:0}}{1:F01VZCRVECAAXXX5410610696}{2:09501717040402VZCRVECAAXXX40812675430404021720N}{3:{108:SCONNECT}}{4:
:20:MI081209
:25:2222222222
:28C:0515/112
:60M:C081209VEF000049070982,34
:61:081209C000000000200,00NTRF000000124345//180008
PAGO
:61:081209C000000000180,00NTRF000000124531//180008
PAGO
:61:081209C000000000150,00NTRF000000123656//180008
PAGO
:61:081209C000000003300,00NTRF000000123563//180008
PAGO
:61:081209C000000001500,00NTRF000000123399//180008
PAGO
:61:081209C000000000300,00NTRF000000123363//180008
PAGO
:61:081209C000000002000,00NTRF000000123400//180008
PAGO
:61:081209C000000002000,00NTRF000000123398//180008
PAGO
:61:081209C000000000400,00NTRF000000123620//180008
PAGO
:62M:C081209VEF000049081012,34
-}{5:{CHK:1143FB20924B}}{S:{COP:S}}${1:F21VZCRVECAAXXX5410610696}{4:{177:0404021720}{451:0}}{1:F01VZCRVECAAXXX5410610696}{2:09501717040402VZCRVECAAXXX40812675430404021720N}{3:{108:SCONNECT}}{4:
:20:MI081209
:25:2222222222
:28C:0515/113
:60M:C081209VEF000049081012,34
:61:081209C000000000587,00NTRF000000123682//180008
PAGO
:61:081209C000000097250,00NTRF000000000000//180008
PAGO
:61:081209C000000097250,00NTRF000000000000//180008
PAGO
:61:081209C000000000555,50NTRF000023863838//180008
PAGO
:61:081209C000000000400,00NTRF000000121198//180008
PAGO
:61:081209C000000002400,00NTRF000000121332//180008
PAGO
:61:081209C000000004706,71NTRF000000121300//180008
PAGO
:61:081209C000000000500,00NTRF000000121285//180008
PAGO
:61:081209C000000001000,00NTRF000000120501//180008
PAGO
:62M:C081209VEF000049285661,55
-}{5:{CHK:1143FB20924B}}{S:{COP:S}}${1:F21VZCRVECAAXXX5410610696}{4:{177:0404021720}{451:0}}{1:F01VZCRVECAAXXX5410610696}{2:09501717040402VZCRVECAAXXX40812675430404021720N}{3:{108:SCONNECT}}{4:
:20:MI081209
:25:2222222222
:28C:0515/114
:60M:C081209VEF000049285661,55
:61:081209C000000002000,00NTRF000000121144//180008
PAGO
:61:081209C000000010000,00NTRF000000121151//180008
PAGO
:61:081209C000000010000,00NTRF000000121103//180008
PAGO
:61:081209C000000002500,00NTRF000000121011//180008
PAGO
:61:081209C000000000800,00NTRF000000120991//180008
PAGO
:61:081209C000000001509,30NTRF000000120731//180008
PAGO
:61:081209C000000003000,00NTRF000000120711//180008
PAGO
:61:081209C000000003000,00NTRF000000120710//180008
PAGO
:61:081209C000000004800,00NTRF000000120298//180008
PAGO
:62M:C081209VEF000049323270,85
-}{5:{CHK:1143FB20924B}}{S:{COP:S}}${1:F21VZCRVECAAXXX5410610696}{4:{177:0404021720}{451:0}}{1:F01VZCRVECAAXXX5410610696}{2:09501717040402VZCRVECAAXXX40812675430404021720N}{3:{108:SCONNECT}}{4:
:20:MI081209
:25:2222222222
:28C:0515/115
:60M:C081209VEF000049323270,85
:61:081209C000000000600,00NTRF000000120226//180008
PAGO
:61:081209C000000000120,00NTRF000000119997//180008
PAGO
:61:081209C000000001000,00NTRF000000119980//180008
PAGO
:61:081209C000000000267,00NTRF000000119897//180008
PAGO
:61:081209C000000003000,00NTRF000000119885//180008
PAGO
:61:081209C000000000400,00NTRF000000119873//180008
PAGO
:61:081209C000000001727,30NTRF000000119828//180008
PAGO
:61:081209C000000000181,00NTRF000000119836//180008
PAGO
:61:081209C000000002000,00NTRF000000120647//180008
PAGO
:62M:C081209VEF000049332566,15
-}{5:{CHK:1143FB20924B}}{S:{COP:S}}${1:F21VZCRVECAAXXX5410610696}{4:{177:0404021720}{451:0}}{1:F01VZCRVECAAXXX5410610696}{2:09501717040402VZCRVECAAXXX40812675430404021720N}{3:{108:SCONNECT}}{4:
:20:MI081209
:25:2222222222
:28C:0515/116
:60M:C081209VEF000049332566,15
:61:081209C000000002500,00NTRF000000120640//180008
PAGO
:61:081209C000000005000,00NTRF000000120641//180008
PAGO
:61:081209C000000005000,00NTRF000000120642//180008
PAGO
:61:081209C000000000034,07NTRF000000120624//180008
PAGO
:61:081209C000000001458,99NTRF000000120625//180008
PAGO
:61:081209C000000002658,75NTRF000000120626//180008
PAGO
:61:081209C000000000100,00NTRF000000120603//180008
PAGO
:61:081209C000000000750,00NTRF000000120342//180008
PAGO
:61:081209C000000000190,00NTRF000000120135//180008
PAGO
:62M:C081209VEF000049350257,96
-}{5:{CHK:1143FB20924B}}{S:{COP:S}}${1:F21VZCRVECAAXXX5410610696}{4:{177:0404021720}{451:0}}{1:F01VZCRVECAAXXX5410610696}{2:09501717040402VZCRVECAAXXX40812675430404021720N}{3:{108:SCONNECT}}{4:
:20:MI081209
:25:2222222222
:28C:0515/117
:60M:C081209VEF000049350257,96
:61:081209C000000000120,00NTRF000000120072//180008
PAGO
:61:081209C000000001365,00NTRF000000120047//180008
PAGO
:61:081209C000000005400,98NTRF000000119752//180008
PAGO
:61:081209C000000000735,00NTRF000000119735//180008
PAGO
:61:081209C000000000275,00NTRF000000119635//180008
PAGO
:61:081209C000000005900,00NTRF000000119563//180008
PAGO
:61:081209C000000000300,00NTRF000000119510//180008
PAGO
:61:081209C000000010057,50NTRF000000121375//180008
PAGO
:61:081209C000000000582,00NTRF000000117142//180008
PAGO
:62M:C081209VEF000049374993,44
-}{5:{CHK:1143FB20924B}}{S:{COP:S}}${1:F21VZCRVECAAXXX5410610696}{4:{177:0404021720}{451:0}}{1:F01VZCRVECAAXXX5410610696}{2:09501717040402VZCRVECAAXXX40812675430404021720N}{3:{108:SCONNECT}}{4:
:20:MI081209
:25:2222222222
:28C:0515/118
:60M:C081209VEF000049374993,44
:61:081209C000000000090,00NTRF000000116954//180008
PAGO
:61:081209C000000002000,00NTRF000000116226//180008
PAGO
:61:081209C000000008676,00NTRF000000116852//180008
PAGO
:61:081209C000000003000,00NTRF000000116706//180008
PAGO
:61:081209C000000001504,00NTRF000000116645//180008
PAGO
:61:081209C000000004459,70NTRF000000116619//180008
PAGO
:61:081209C000000000500,00NTRF000000116607//180008
PAGO
:61:081209C000000000850,00NTRF000000116467//180008
PAGO
:61:081209C000000000090,00NTRF000000116292//180008
PAGO
:62M:C081209VEF000049396163,14
-}{5:{CHK:1143FB20924B}}{S:{COP:S}}${1:F21VZCRVECAAXXX5410610696}{4:{177:0404021720}{451:0}}{1:F01VZCRVECAAXXX5410610696}{2:09501717040402VZCRVECAAXXX40812675430404021720N}{3:{108:SCONNECT}}{4:
:20:MI081209
:25:2222222222
:28C:0515/119
:60M:C081209VEF000049396163,14
:61:081209C000000001800,00NTRF000000116279//180008
PAGO
:61:081209C000000008000,00NTRF000000081419//180008
PAGO
:61:081209C000000000232,00NTRF000000081404//180008
PAGO
:61:081209C000000001000,00NTRF000000080903//180008
PAGO
:61:081209C000000001820,23NTRF000000080905//180008
PAGO
:61:081209C000000004000,00NTRF000000080614//180008
PAGO
:61:081209C000000009000,00NTRF000000080457//180008
PAGO
:61:081209C000000000315,00NTRF000000080393//180008
PAGO
:61:081209C000000000235,00NTRF000000080373//180008
PAGO
:62M:C081209VEF000049422565,37
-}{5:{CHK:1143FB20924B}}{S:{COP:S}}${1:F21VZCRVECAAXXX5410610696}{4:{177:0404021720}{451:0}}{1:F01VZCRVECAAXXX5410610696}{2:09501717040402VZCRVECAAXXX40812675430404021720N}{3:{108:SCONNECT}}{4:
:20:MI081209
:25:2222222222
:28C:0515/120
:60M:C081209VEF000049422565,37
:61:081209C000000005000,00NTRF000000080383//180008
PAGO
:61:081209C000000000300,00NTRF000000116242//180008
PAGO
:61:081209C000000000300,00NTRF000000116140//180008
PAGO
:61:081209C000000000378,00NTRF000000116062//180008
PAGO
:61:081209C000000003000,00NTRF000000116039//180008
PAGO
:61:081209C000000000150,00NTRF000000115948//180008
PAGO
:61:081209C000000000070,00NTRF000000115741//180008
PAGO
:61:081209C000000003000,00NTRF000000115681//180008
PAGO
:61:081209C000000006000,00NTRF000000081470//180008
PAGO
:62M:C081209VEF000049440763,37
-}{5:{CHK:1143FB20924B}}{S:{COP:S}}${1:F21VZCRVECAAXXX5410610696}{4:{177:0404021720}{451:0}}{1:F01VZCRVECAAXXX5410610696}{2:09501717040402VZCRVECAAXXX40812675430404021720N}{3:{108:SCONNECT}}{4:
:20:MI081209
:25:2222222222
:28C:0515/121
:60M:C081209VEF000049440763,37
:61:081209C000000000130,00NTRF000000081418//180008
PAGO
:61:081209C000000004500,00NTRF000000081382//180008
PAGO
:61:081209C000000000900,00NTRF000000081342//180008
PAGO
:61:081209C000000003900,00NTRF000000081303//180008
PAGO
:61:081209C000000000183,50NTRF000000081272//180008
PAGO
:61:081209C000000000770,33NTRF000000081273//180008
PAGO
:61:081209C000000000300,00NTRF000000080365//180008
PAGO
:61:081209C000000000460,00NTRF000000080352//180008
PAGO
:61:081209C000000001000,00NTRF000000079890//180008
PAGO
:62M:C081209VEF000049452907,20
-}{5:{CHK:1143FB20924B}}{S:{COP:S}}${1:F21VZCRVECAAXXX5410610696}{4:{177:0404021720}{451:0}}{1:F01VZCRVECAAXXX5410610696}{2:09501717040402VZCRVECAAXXX40812675430404021720N}{3:{108:SCONNECT}}{4:
:20:MI081209
:25:2222222222
:28C:0515/122
:60M:C081209VEF000049452907,20
:61:081209C000000000140,00NTRF000000079733//180008
PAGO
:61:081209C000000000400,00NTRF000000079675//180008
PAGO
:61:081209C000000000750,00NTRF000000079612//180008
PAGO
:61:081209C000000000360,00NTRF000000079588//180008
PAGO
:61:081209C000000007350,00NTRF000000080357//180008
PAGO
:61:081209C000000001900,00NTRF000000080336//180008
PAGO
:61:081209C000000003195,00NTRF000000080325//180008
PAGO
:61:081209C000000000200,00NTRF000000080230//180008
PAGO
:61:081209C000000002120,00NTRF000000080211//180008
PAGO
:62M:C081209VEF000049469322,20
-}{5:{CHK:1143FB20924B}}{S:{COP:S}}${1:F21VZCRVECAAXXX5410610696}{4:{177:0404021720}{451:0}}{1:F01VZCRVECAAXXX5410610696}{2:09501717040402VZCRVECAAXXX40812675430404021720N}{3:{108:SCONNECT}}{4:
:20:MI081209
:25:2222222222
:28C:0515/123
:60M:C081209VEF000049469322,20
:61:081209C000000000400,00NTRF000000080035//180008
PAGO
:61:081209C000000001000,00NTRF000000079976//180008
PAGO
:61:081209C000000004100,00NTRF000000079980//180008
PAGO
:61:081209C000000004900,00NTRF000000079981//180008
PAGO
:61:081209C000000000200,00NTRF000000116916//180008
PAGO
:61:081209C000000000582,00NTRF000000117143//180008
PAGO
:61:081209C000000003600,00NTRF000000117254//180008
PAGO
:61:081209C000000000150,00NTRF000000117270//180008
PAGO
:61:081209C000000008000,00NTRF000000117358//180008
PAGO
:62M:C081209VEF000049492254,20
-}{5:{CHK:1143FB20924B}}{S:{COP:S}}${1:F21VZCRVECAAXXX5410610696}{4:{177:0404021720}{451:0}}{1:F01VZCRVECAAXXX5410610696}{2:09501717040402VZCRVECAAXXX40812675430404021720N}{3:{108:SCONNECT}}{4:
:20:MI081209
:25:2222222222
:28C:0515/124
:60M:C081209VEF000049492254,20
:61:081209C000000010000,00NTRF000000117452//180008
PAGO
:61:081209C000000000393,92NTRF000000107941//180008
PAGO
:61:081209C000000000150,00NTRF000000107870//180008
PAGO
:61:081209C000000000180,00NTRF000000107863//180008
PAGO
:61:081209C000000000660,00NTRF000000107838//180008
PAGO
:61:081209C000000007761,00NTRF000000107060//180008
PAGO
:61:081209C000000001500,00NTRF000000107042//180008
PAGO
:61:081209C000000001087,13NTRF000000107829//180008
PAGO
:61:081209C000000001000,00NTRF000000107809//180008
PAGO
:62M:C081209VEF000049514986,25
-}{5:{CHK:1143FB20924B}}{S:{COP:S}}${1:F21VZCRVECAAXXX5410610696}{4:{177:0404021720}{451:0}}{1:F01VZCRVECAAXXX5410610696}{2:09501717040402VZCRVECAAXXX40812675430404021720N}{3:{108:SCONNECT}}{4:
:20:MI081209
:25:2222222222
:28C:0515/125
:60M:C081209VEF000049514986,25
:61:081209C000000003272,50NTRF000000107729//180008
PAGO
:61:081209C000000000500,00NTRF000000107592//180008
PAGO
:61:081209C000000002000,00NTRF000000107459//180008
PAGO
:61:081209C000000000500,00NTRF000000107372//180008
PAGO
:61:081209C000000000600,00NTRF000000107358//180008
PAGO
:61:081209C000000000145,00NTRF000000107260//180008
PAGO
:61:081209C000000001300,00NTRF000000106783//180008
PAGO
:61:081209C000000000265,00NTRF000000106322//180008
PAGO
:61:081209C000000000182,77NTRF000000106197//180008
PAGO
:62M:C081209VEF000049523751,52
-}{5:{CHK:1143FB20924B}}{S:{COP:S}}${1:F21VZCRVECAAXXX5410610696}{4:{177:0404021720}{451:0}}{1:F01VZCRVECAAXXX5410610696}{2:09501717040402VZCRVECAAXXX40812675430404021720N}{3:{108:SCONNECT}}{4:
:20:MI081209
:25:2222222222
:28C:0515/126
:60M:C081209VEF000049523751,52
:61:081209C000000003500,00NTRF000000089002//180008
PAGO
:61:081209C000000000485,00NTRF000000107110//180008
PAGO
:61:081209C000000001500,00NTRF000000107016//180008
PAGO
:61:081209C000000001000,00NTRF000000106990//180008
PAGO
:61:081209C000000000300,00NTRF000000106986//180008
PAGO
:61:081209C000000000180,00NTRF000000106966//180008
PAGO
:61:081209C000000005000,00NTRF000000106915//180008
PAGO
:61:081209C000000000360,00NTRF000000106859//180008
PAGO
:61:081209C000000000250,00NTRF000000106806//180008
PAGO
:62M:C081209VEF000049536326,52
-}{5:{CHK:1143FB20924B}}{S:{COP:S}}${1:F21VZCRVECAAXXX5410610696}{4:{177:0404021720}{451:0}}{1:F01VZCRVECAAXXX5410610696}{2:09501717040402VZCRVECAAXXX40812675430404021720N}{3:{108:SCONNECT}}{4:
:20:MI081209
:25:2222222222
:28C:0515/127
:60M:C081209VEF000049536326,52
:61:081209C000000000300,00NTRF000000106798//180008
PAGO
:61:081209C000000000213,00NTRF000000106772//180008
PAGO
:61:081209C000000000400,00NTRF000000106680//180008
PAGO
:61:081209C000000000400,00NTRF000000106653//180008
PAGO
:61:081209C000000004590,00NTRF000000106612//180008
PAGO
:61:081209C000000000400,00NTRF000000106576//180008
PAGO
:61:081209C000000010000,00NTRF000000088802//180008
PAGO
:61:081209C000000000651,09NTRF000000088788//180008
PAGO
:61:081209C000000000315,00NTRF000000088097//180008
PAGO
:62M:C081209VEF000049553595,61
-}{5:{CHK:1143FB20924B}}{S:{COP:S}}${1:F21VZCRVECAAXXX5410610696}{4:{177:0404021720}{451:0}}{1:F01VZCRVECAAXXX5410610696}{2:09501717040402VZCRVECAAXXX40812675430404021720N}{3:{108:SCONNECT}}{4:
:20:MI081209
:25:2222222222
:28C:0515/128
:60M:C081209VEF000049553595,61
:61:081209C000000002201,00NTRF000000088098//180008
PAGO
:61:081209C000000000500,00NTRF000000088059//180008
PAGO
:61:081209C000000012500,00NTRF000000087822//180008
PAGO
:61:081209C000000000303,50NTRF000000087708//180008
PAGO
:61:081209C000000002500,00NTRF000000087682//180008
PAGO
:61:081209C000000002398,00NTRF000000087599//180008
PAGO
:61:081209C000000005000,00NTRF000000087573//180008
PAGO
:61:081209C000000002000,00NTRF000000087364//180008
PAGO
:61:081209C000000001114,86NTRF000000088711//180008
PAGO
:62M:C081209VEF000049582112,97
-}{5:{CHK:1143FB20924B}}{S:{COP:S}}${1:F21VZCRVECAAXXX5410610696}{4:{177:0404021720}{451:0}}{1:F01VZCRVECAAXXX5410610696}{2:09501717040402VZCRVECAAXXX40812675430404021720N}{3:{108:SCONNECT}}{4:
:20:MI081209
:25:2222222222
:28C:0515/129
:60M:C081209VEF000049582112,97
:61:081209C000000011301,12NTRF000000088704//180008
PAGO
:61:081209C000000001500,00NTRF000000088616//180008
PAGO
:61:081209C000000000338,00NTRF000000088582//180008
PAGO
:61:081209C000000003000,00NTRF000000088548//180008
PAGO
:61:081209C000000000300,00NTRF000000088412//180008
PAGO
:61:081209C000000001000,00NTRF000000088386//180008
PAGO
:61:081209C000000001000,00NTRF000000088355//180008
PAGO
:61:081209C000000000806,00NTRF000000088332//180008
PAGO
:61:081209C000000001800,00NTRF000000107968//180008
PAGO
:62M:C081209VEF000049603158,09
-}{5:{CHK:1143FB20924B}}{S:{COP:S}}${1:F21VZCRVECAAXXX5410610696}{4:{177:0404021720}{451:0}}{1:F01VZCRVECAAXXX5410610696}{2:09501717040402VZCRVECAAXXX40812675430404021720N}{3:{108:SCONNECT}}{4:
:20:MI081209
:25:2222222222
:28C:0515/130
:60M:C081209VEF000049603158,09
:61:081209C000000001400,00NTRF000000107967//180008
PAGO
:61:081209C000000001093,12NTRF000000077248//180008
PAGO
:61:081209C000000000321,16NTRF000000077247//180008
PAGO
:61:081209C000000000120,00NTRF000000077613//180008
PAGO
:61:081209C000000000300,00NTRF000000077149//180008
PAGO
:61:081209C000000001700,00NTRF000000077078//180008
PAGO
:61:081209C000000001000,00NTRF000000076897//180008
PAGO
:61:081209C000000000240,00NTRF000000075950//180008
PAGO
:61:081209C000000000700,00NTRF000000075951//180008
PAGO
:62M:C081209VEF000049610032,37
-}{5:{CHK:1143FB20924B}}{S:{COP:S}}${1:F21VZCRVECAAXXX5410610696}{4:{177:0404021720}{451:0}}{1:F01VZCRVECAAXXX5410610696}{2:09501717040402VZCRVECAAXXX40812675430404021720N}{3:{108:SCONNECT}}{4:
:20:MI081209
:25:2222222222
:28C:0515/131
:60M:C081209VEF000049610032,37
:61:081209C000000003841,54NTRF000000075902//180008
PAGO
:61:081209C000000001305,00NTRF000000076831//180008
PAGO
:61:081209C000000000660,00NTRF000000076821//180008
PAGO
:61:081209C000000002000,00NTRF000000076504//180008
PAGO
:61:081209C000000001000,00NTRF000000076512//180008
PAGO
:61:081209C000000005980,00NTRF000000076397//180008
PAGO
:61:081209C000000009600,00NTRF000000076308//180008
PAGO
:61:081209C000000000890,00NTRF000000076275//180008
PAGO
:61:081209C000000003000,00NTRF000000076260//180008
PAGO
:62M:C081209VEF000049638308,91
-}{5:{CHK:1143FB20924B}}{S:{COP:S}}${1:F21VZCRVECAAXXX5410610696}{4:{177:0404021720}{451:0}}{1:F01VZCRVECAAXXX5410610696}{2:09501717040402VZCRVECAAXXX40812675430404021720N}{3:{108:SCONNECT}}{4:
:20:MI081209
:25:2222222222
:28C:0515/132
:60M:C081209VEF000049638308,91
:61:081209C000000001000,00NTRF000000076227//180008
PAGO
:61:081209C000000003000,00NTRF000000076097//180008
PAGO
:61:081209C000000000700,00NTRF000000077191//180008
PAGO
:61:081209C000000001000,00NTRF000000077178//180008
PAGO
:61:081209C000000004020,00NTRF000000076700//180008
PAGO
:61:081209C000000001000,00NTRF000000076995//180008
PAGO
:61:081209C000000000300,00NTRF000000077101//180008
PAGO
:61:081209C000000001532,92NTRF000000077661//180008
PAGO
:61:081209C000000000200,00NTRF000000068058//180008
PAGO
:62M:C081209VEF000049651061,83
-}{5:{CHK:1143FB20924B}}{S:{COP:S}}${1:F21VZCRVECAAXXX5410610696}{4:{177:0404021720}{451:0}}{1:F01VZCRVECAAXXX5410610696}{2:09501717040402VZCRVECAAXXX40812675430404021720N}{3:{108:SCONNECT}}{4:
:20:MI081209
:25:2222222222
:28C:0515/133
:60M:C081209VEF000049651061,83
:61:081209C000000002500,00NTRF000000068068//180008
PAGO
:61:081209C000000004000,00NTRF000000068033//180008
PAGO
:61:081209C000000000400,00NTRF000000067819//180008
PAGO
:61:081209C000000000090,00NTRF000000067651//180008
PAGO
:61:081209C000000000050,00NTRF000000058606//180008
PAGO
:61:081209C000000006000,00NTRF000000058538//180008
PAGO
:61:081209C000000000300,00NTRF000000058446//180008
PAGO
:61:081209C000000000400,00NTRF000000067321//180008
PAGO
:61:081209C000000004400,00NTRF000000067137//180008
PAGO
:62M:C081209VEF000049669201,83
-}{5:{CHK:1143FB20924B}}{S:{COP:S}}${1:F21VZCRVECAAXXX5410610696}{4:{177:0404021720}{451:0}}{1:F01VZCRVECAAXXX5410610696}{2:09501717040402VZCRVECAAXXX40812675430404021720N}{3:{108:SCONNECT}}{4:
:20:MI081209
:25:2222222222
:28C:0515/134
:60M:C081209VEF000049669201,83
:61:081209C000000002560,00NTRF000000067086//180008
PAGO
:61:081209C000000001000,00NTRF000000066984//180008
PAGO
:61:081209C000000001900,00NTRF000000066900//180008
PAGO
:61:081209C000000000250,00NTRF000000066870//180008
PAGO
:61:081209C000000000100,00NTRF000000066726//180008
PAGO
:61:081209C000000000200,00NTRF000000066622//180008
PAGO
:61:081209C000000001000,00NTRF000000057396//180008
PAGO
:61:081209C000000000100,00NTRF000000057381//180008
PAGO
:61:081209C000000000800,00NTRF000000057313//180008
PAGO
:62M:C081209VEF000049677111,83
-}{5:{CHK:1143FB20924B}}{S:{COP:S}}${1:F21VZCRVECAAXXX5410610696}{4:{177:0404021720}{451:0}}{1:F01VZCRVECAAXXX5410610696}{2:09501717040402VZCRVECAAXXX40812675430404021720N}{3:{108:SCONNECT}}{4:
:20:MI081209
:25:2222222222
:28C:0515/135
:60M:C081209VEF000049677111,83
:61:081209C000000000500,00NTRF000000057316//180008
PAGO
:61:081209C000000002440,00NTRF000000057236//180008
PAGO
:61:081209C000000000250,00NTRF000000057221//180008
PAGO
:61:081209C000000000660,00NTRF000000057074//180008
PAGO
:61:081209C000000000755,00NTRF000000057075//180008
PAGO
:61:081209C000000000250,00NTRF000000057082//180008
PAGO
:61:081209C000000000700,00NTRF000000058227//180008
PAGO
:61:081209C000000000030,00NTRF000000058228//180008
PAGO
:61:081209C000000004417,31NTRF000000058191//180008
PAGO
:62M:C081209VEF000049687114,14
-}{5:{CHK:1143FB20924B}}{S:{COP:S}}${1:F21VZCRVECAAXXX5410610696}{4:{177:0404021720}{451:0}}{1:F01VZCRVECAAXXX5410610696}{2:09501717040402VZCRVECAAXXX40812675430404021720N}{3:{108:SCONNECT}}{4:
:20:MI081209
:25:2222222222
:28C:0515/136
:60M:C081209VEF000049687114,14
:61:081209C000000003900,00NTRF000000058130//180008
PAGO
:61:081209C000000000400,00NTRF000000058135//180008
PAGO
:61:081209C000000000260,00NTRF000000058119//180008
PAGO
:61:081209C000000004780,74NTRF000000057779//180008
PAGO
:61:081209C000000000240,00NTRF000000057775//180008
PAGO
:61:081209C000000000522,54NTRF000000057406//180008
PAGO
:61:081209C000000003000,00NTRF000000066546//180008
PAGO
:61:081209C000000004000,00NTRF000000066531//180008
PAGO
:61:081209C000000009000,00NTRF000000066522//180008
PAGO
:62M:C081209VEF000049713217,42
-}{5:{CHK:1143FB20924B}}{S:{COP:S}}${1:F21VZCRVECAAXXX5410610696}{4:{177:0404021720}{451:0}}{1:F01VZCRVECAAXXX5410610696}{2:09501717040402VZCRVECAAXXX40812675430404021720N}{3:{108:SCONNECT}}{4:
:20:MI081209
:25:2222222222
:28C:0515/137
:60M:C081209VEF000049713217,42
:61:081209C000000000060,00NTRF000000066381//180008
PAGO
:61:081209C000000000967,00NTRF000000066332//180008
PAGO
:61:081209C000000000850,00NTRF000000066342//180008
PAGO
:61:081209C000000001000,00NTRF000000066297//180008
PAGO
:61:081209C000000001200,00NTRF000000058406//180008
PAGO
:61:081209C000000010000,00NTRF000000058299//180008
PAGO
:61:081209C000000000200,00NTRF000000056996//180008
PAGO
:61:081209C000000003000,00NTRF000000056973//180008
PAGO
:61:081209C000000000192,00NTRF000000056966//180008
PAGO
:62M:C081209VEF000049730686,42
-}{5:{CHK:1143FB20924B}}{S:{COP:S}}${1:F21VZCRVECAAXXX5410610696}{4:{177:0404021720}{451:0}}{1:F01VZCRVECAAXXX5410610696}{2:09501717040402VZCRVECAAXXX40812675430404021720N}{3:{108:SCONNECT}}{4:
:20:MI081209
:25:2222222222
:28C:0515/138
:60M:C081209VEF000049730686,42
:61:081209C000000000218,00NTRF000000056942//180008
PAGO
:61:081209C000000000810,55NTRF000000056813//180008
PAGO
:61:081209C000000002150,00NTRF000000058324//180008
PAGO
:61:081209C000000001775,00NTRF000000057453//180008
PAGO
:61:081209C000000000980,00NTRF000000057593//180008
PAGO
:61:081209C000000001300,00NTRF000000057566//180008
PAGO
:61:081209C000000000850,00NTRF000000057554//180008
PAGO
:61:081209C000000000600,00NTRF000000057555//180008
PAGO
:61:081209C000000000690,00NTRF000000067539//180008
PAGO
:62M:C081209VEF000049740059,97
-}{5:{CHK:1143FB20924B}}{S:{COP:S}}${1:F21VZCRVECAAXXX5410610696}{4:{177:0404021720}{451:0}}{1:F01VZCRVECAAXXX5410610696}{2:09501717040402VZCRVECAAXXX40812675430404021720N}{3:{108:SCONNECT}}{4:
:20:MI081209
:25:2222222222
:28C:0515/139
:60M:C081209VEF000049740059,97
:61:081209C000000001000,00NTRF000000067752//180008
PAGO
:61:081209C000000005000,00NTRF000000067839//180008
PAGO
:61:081209C000000000200,00NTRF000000068097//180008
PAGO
:61:081209C000000001000,00NTRF000000051347//180008
PAGO
:61:081209C000000000030,00NTRF000000051215//180008
PAGO
:61:081209C000000000750,00NTRF000000051191//180008
PAGO
:61:081209C000000001900,00NTRF000000051171//180008
PAGO
:61:081209C000000740636,69NTRF000000044747//180008
PAGO
:61:081209C000000000260,00NTRF000000044733//180008
PAGO
:62M:C081209VEF000050490836,66
-}{5:{CHK:1143FB20924B}}{S:{COP:S}}${1:F21VZCRVECAAXXX5410610696}{4:{177:0404021720}{451:0}}{1:F01VZCRVECAAXXX5410610696}{2:09501717040402VZCRVECAAXXX40812675430404021720N}{3:{108:SCONNECT}}{4:
:20:MI081209
:25:2222222222
:28C:0515/140
:60M:C081209VEF000050490836,66
:61:081209C000000040704,51NTRF000000046685//180008
PAGO
:61:081209C000000003650,68NTRF000000044761//180008
PAGO
:61:081209C000000000130,00NTRF000000044723//180008
PAGO
:61:081209C000000004800,00NTRF000000044715//180008
PAGO
:61:081209C000000000200,00NTRF000000044701//180008
PAGO
:61:081209C000000004500,00NTRF000000044686//180008
PAGO
:61:081209C000000001500,00NTRF000000044650//180008
PAGO
:61:081209C000000001000,00NTRF000000044617//180008
PAGO
:61:081209C000000013920,00NTRF000000044589//180008
PAGO
:62M:C081209VEF000050561241,85
-}{5:{CHK:1143FB20924B}}{S:{COP:S}}${1:F21VZCRVECAAXXX5410610696}{4:{177:0404021720}{451:0}}{1:F01VZCRVECAAXXX5410610696}{2:09501717040402VZCRVECAAXXX40812675430404021720N}{3:{108:SCONNECT}}{4:
:20:MI081209
:25:2222222222
:28C:0515/141
:60M:C081209VEF000050561241,85
:61:081209C000000008000,00NTRF000000044496//180008
PAGO
:61:081209C000000009100,00NTRF000000044364//180008
PAGO
:61:081209C000000001000,00NTRF000000044311//180008
PAGO
:61:081209C000000000600,00NTRF000000044228//180008
PAGO
:61:081209C000000004455,00NTRF000000044169//180008
PAGO
:61:081209C000000001302,55NTRF000000044139//180008
PAGO
:61:081209C000000000300,00NTRF000000044020//180008
PAGO
:61:081209C000000010000,00NTRF000000043995//180008
PAGO
:61:081209C000000010619,92NTRF000000043996//180008
PAGO
:62M:C081209VEF000050606619,32
-}{5:{CHK:1143FB20924B}}{S:{COP:S}}${1:F21VZCRVECAAXXX5410610696}{4:{177:0404021720}{451:0}}{1:F01VZCRVECAAXXX5410610696}{2:09501717040402VZCRVECAAXXX40812675430404021720N}{3:{108:SCONNECT}}{4:
:20:MI081209
:25:2222222222
:28C:0515/142
:60M:C081209VEF000050606619,32
:61:081209C000000002016,50NTRF000000043999//180008
PAGO
:61:081209C000000001000,00NTRF000000043788//180008
PAGO
:61:081209C000000014936,62NTRF000000043655//180008
PAGO
:61:081209C000000001048,00NTRF000000043517//180008
PAGO
:61:081209C000000008000,00NTRF000000043364//180008
PAGO
:61:081209C000000015000,00NTRF000000043208//180008
PAGO
:61:081209C000000000100,00NTRF000000043196//180008
PAGO
:61:081209C000000000100,00NTRF000000043086//180008
PAGO
:61:081209C000000010057,50NTRF000000043022//180008
PAGO
:62M:C081209VEF000050658877,94
-}{5:{CHK:1143FB20924B}}{S:{COP:S}}${1:F21VZCRVECAAXXX5410610696}{4:{177:0404021720}{451:0}}{1:F01VZCRVECAAXXX5410610696}{2:09501717040402VZCRVECAAXXX40812675430404021720N}{3:{108:SCONNECT}}{4:
:20:MI081209
:25:2222222222
:28C:0515/143
:60M:C081209VEF000050658877,94
:61:081209C000000000200,00NTRF000000042952//180008
PAGO
:61:081209C000000007000,00NTRF000000042897//180008
PAGO
:61:081209C000000002500,00NTRF000000042853//180008
PAGO
:61:081209C000000000250,00NTRF000000042855//180008
PAGO
:61:081209C000000002928,72NTRF000000042767//180008
PAGO
:61:081209C000000048871,68NTRF000000042722//180008
PAGO
:61:081209C000000001917,19NTRF000000042757//180008
PAGO
:61:081209C000000062652,23NTRF000000042679//180008
PAGO
:61:081209C000000005494,70NTRF000000042660//180008
PAGO
:62M:C081209VEF000050790692,46
-}{5:{CHK:1143FB20924B}}{S:{COP:S}}${1:F21VZCRVECAAXXX5410610696}{4:{177:0404021720}{451:0}}{1:F01VZCRVECAAXXX5410610696}{2:09501717040402VZCRVECAAXXX40812675430404021720N}{3:{108:SCONNECT}}{4:
:20:MI081209
:25:2222222222
:28C:0515/144
:60M:C081209VEF000050790692,46
:61:081209C000000007495,00NTRF000000042641//180008
PAGO
:61:081209C000000003995,00NTRF000000042645//180008
PAGO
:61:081209C000000028324,14NTRF000000042626//180008
PAGO
:61:081209C000000007980,24NTRF000000042629//180008
PAGO
:61:081209C000000001798,55NTRF000000042574//180008
PAGO
:61:081209C000000024844,15NTRF000000042569//180008
PAGO
:61:081209C000000003445,53NTRF000000042549//180008
PAGO
:61:081209C000000008251,87NTRF000000042506//180008
PAGO
:61:081209C000000014679,05NTRF000000042525//180008
PAGO
:62M:C081209VEF000050891505,99
-}{5:{CHK:1143FB20924B}}{S:{COP:S}}${1:F21VZCRVECAAXXX5410610696}{4:{177:0404021720}{451:0}}{1:F01VZCRVECAAXXX5410610696}{2:09501717040402VZCRVECAAXXX40812675430404021720N}{3:{108:SCONNECT}}{4:
:20:MI081209
:25:2222222222
:28C:0515/145
:60M:C081209VEF000050891505,99
:61:081209C000000023609,50NTRF000000042485//180008
PAGO
:61:081209C000000003511,90NTRF000000042470//180008
PAGO
:61:081209C000000031991,52NTRF000000042439//180008
PAGO
:61:081209C000000094891,08NTRF000000042406//180008
PAGO
:61:081209C000000003500,00NTRF000000052878//180008
PAGO
:61:081209C000000000905,00NTRF000000052804//180008
PAGO
:61:081209C000000002000,00NTRF000000052773//180008
PAGO
:61:081209C000000000200,00NTRF000000052803//180008
PAGO
:61:081209C000000000900,00NTRF000000052713//180008
PAGO
:62M:C081209VEF000051053014,99
-}{5:{CHK:1143FB20924B}}{S:{COP:S}}${1:F21VZCRVECAAXXX5410610696}{4:{177:0404021720}{451:0}}{1:F01VZCRVECAAXXX5410610696}{2:09501717040402VZCRVECAAXXX40812675430404021720N}{3:{108:SCONNECT}}{4:
:20:MI081209
:25:2222222222
:28C:0515/146
:60M:C081209VEF000051053014,99
:61:081209C000000002150,00NTRF000000052365//180008
PAGO
:61:081209C000000000300,00NTRF000000052366//180008
PAGO
:61:081209C000000006500,00NTRF000000051982//180008
PAGO
:61:081209C000000000208,00NTRF000000051986//180008
PAGO
:61:081209C000000000051,00NTRF000000051941//180008
PAGO
:61:081209C000000000220,00NTRF000000051837//180008
PAGO
:61:081209C000000000100,00NTRF000000051804//180008
PAGO
:61:081209C000000000300,00NTRF000000051669//180008
PAGO
:61:081209C000000001050,00NTRF000000051637//180008
PAGO
:62M:C081209VEF000051063893,99
-}{5:{CHK:1143FB20924B}}{S:{COP:S}}${1:F21VZCRVECAAXXX5410610696}{4:{177:0404021720}{451:0}}{1:F01VZCRVECAAXXX5410610696}{2:09501717040402VZCRVECAAXXX40812675430404021720N}{3:{108:SCONNECT}}{4:
:20:MI081209
:25:2222222222
:28C:0515/147
:60M:C081209VEF000051063893,99
:61:081209C000000000300,00NTRF000000051543//180008
PAGO
:61:081209C000000010000,00NTRF000000051544//180008
PAGO
:61:081209C000000000590,00NTRF000000051533//180008
PAGO
:61:081209C000000002800,00NTRF000000051496//180008
PAGO
:61:081209C000000001100,00NTRF000000051498//180008
PAGO
:61:081209C000000000605,00NTRF000000051440//180008
PAGO
:61:081209C000000000315,00NTRF000000051417//180008
PAGO
:61:081209C000000000400,00NTRF000000033055//180008
PAGO
:61:081209C000000005000,00NTRF000000032580//180008
PAGO
:62M:C081209VEF000051085003,99
-}{5:{CHK:1143FB20924B}}{S:{COP:S}}${1:F21VZCRVECAAXXX5410610696}{4:{177:0404021720}{451:0}}{1:F01VZCRVECAAXXX5410610696}{2:09501717040402VZCRVECAAXXX40812675430404021720N}{3:{108:SCONNECT}}{4:
:20:MI081209
:25:2222222222
:28C:0515/148
:60M:C081209VEF000051085003,99
:61:081209C000000002000,00NTRF000000034333//180008
PAGO
:61:081209C000000003496,20NTRF000000034353//180008
PAGO
:61:081209C000000000300,00NTRF000000034403//180008
PAGO
:61:081209C000000001116,27NTRF000000033051//180008
PAGO
:61:081209C000000001058,00NTRF000000034290//180008
PAGO
:61:081209C000000001000,00NTRF000000033259//180008
PAGO
:61:081209C000000000330,00NTRF000000033234//180008
PAGO
:61:081209C000000000100,00NTRF000000033236//180008
PAGO
:61:081209C000000003700,00NTRF000000033208//180008
PAGO
:62M:C081209VEF000051098104,46
-}{5:{CHK:1143FB20924B}}{S:{COP:S}}${1:F21VZCRVECAAXXX5410610696}{4:{177:0404021720}{451:0}}{1:F01VZCRVECAAXXX5410610696}{2:09501717040402VZCRVECAAXXX40812675430404021720N}{3:{108:SCONNECT}}{4:
:20:MI081209
:25:2222222222
:28C:0515/149
:60M:C081209VEF000051098104,46
:61:081209C000000003000,00NTRF000000033094//180008
PAGO
:61:081209C000000000800,00NTRF000000034187//180008
PAGO
:61:081209C000000000200,00NTRF000000033976//180008
PAGO
:61:081209C000000000300,00NTRF000000033810//180008
PAGO
:61:081209C000000000389,19NTRF000000033775//180008
PAGO
:61:081209C000000000500,00NTRF000000033762//180008
PAGO
:61:081209C000000004316,00NTRF000000033665//180008
PAGO
:61:081209C000000000403,30NTRF000000033528//180008
PAGO
:61:081209C000000001231,00NTRF000000033499//180008
PAGO
:62M:C081209VEF000051109243,95
-}{5:{CHK:1143FB20924B}}{S:{COP:S}}${1:F21VZCRVECAAXXX5410610696}{4:{177:0404021720}{451:0}}{1:F01VZCRVECAAXXX5410610696}{2:09501717040402VZCRVECAAXXX40812675430404021720N}{3:{108:SCONNECT}}{4:
:20:MI081209
:25:2222222222
:28C:0515/150
:60M:C081209VEF000051109243,95
:61:081209C000000000736,20NTRF000000042363//180008
PAGO
:61:081209C000000001000,00NTRF000000033480//180008
PAGO
:61:081209C000000000100,00NTRF000000033037//180008
PAGO
:61:081209C000000000932,00NTRF000000033013//180008
PAGO
:61:081209C000000002320,54NTRF000000032750//180008
PAGO
:61:081209C000000000200,00NTRF000000032639//180008
PAGO
:61:081209C000000000100,00NTRF000000032558//180008
PAGO
:61:081209C000000004000,00NTRF000000032531//180008
PAGO
:61:081209C000000002000,00NTRF000000032529//180008
PAGO
:62M:C081209VEF000051120632,69
-}{5:{CHK:1143FB20924B}}{S:{COP:S}}${1:F21VZCRVECAAXXX5410610696}{4:{177:0404021720}{451:0}}{1:F01VZCRVECAAXXX5410610696}{2:09501717040402VZCRVECAAXXX40812675430404021720N}{3:{108:SCONNECT}}{4:
:20:MI081209
:25:2222222222
:28C:0515/151
:60M:C081209VEF000051120632,69
:61:081209C000000009322,24NTRF000000038269//180008
PAGO
:61:081209C000000023504,00NTRF000000032513//180008
PAGO
:61:081209C000000002000,00NTRF000000032936//180008
PAGO
:61:081209C000000013880,44NTRF000000042228//180008
PAGO
:61:081209C000000077843,67NTRF000000042230//180008
PAGO
:61:081209C000000040112,83NTRF000000042208//180008
PAGO
:61:081209C000000355758,94NTRF000000042193//180008
PAGO
:61:081209C000000001416,43NTRF000000042197//180008
PAGO
:61:081209C000000025881,26NTRF000000042179//180008
PAGO
:62M:C081209VEF000051670352,50
-}{5:{CHK:1143FB20924B}}{S:{COP:S}}${1:F21VZCRVECAAXXX5410610696}{4:{177:0404021720}{451:0}}{1:F01VZCRVECAAXXX5410610696}{2:09501717040402VZCRVECAAXXX40812675430404021720N}{3:{108:SCONNECT}}{4:
:20:MI081209
:25:2222222222
:28C:0515/152
:60M:C081209VEF000051670352,50
:61:081209C000000013695,00NTRF000000038280//180008
PAGO
:61:081209C000000013000,00NTRF000000038281//180008
PAGO
:61:081209C000000006750,00NTRF000000034276//180008
PAGO
:61:081209C000000002800,00NTRF000000033579//180008
PAGO
:61:081209C000000009571,87NTRF000000007019//180008
PAGO
:61:081209C000000008660,57NTRF000000007021//180008
PAGO
:61:081209C000000000660,00NTRF000003438072//180008
PAGO
:61:081209C000000003320,00NTRF000003378072//180008
PAGO
:61:081209C000000002205,16NTRF000000001747//180008
PAGO
:62M:C081209VEF000051731015,10
-}{5:{CHK:1143FB20924B}}{S:{COP:S}}${1:F21VZCRVECAAXXX5410610696}{4:{177:0404021720}{451:0}}{1:F01VZCRVECAAXXX5410610696}{2:09501717040402VZCRVECAAXXX40812675430404021720N}{3:{108:SCONNECT}}{4:
:20:MI081209
:25:2222222222
:28C:0515/153
:60M:C081209VEF000051731015,10
:61:081209C000000006581,94NTRF000000001750//180008
PAGO
:61:081209C000000002743,72NTRF000084200000//180008
PAGO
:61:081209C000000001120,00NTRF000000102896//180008
PAGO
:61:081209C000000000808,92NTRF000000007035//180008
PAGO
:61:081209C000000000812,01NTRF000000007037//180008
PAGO
:61:081209C000000001071,77NTRF000000007017//180008
PAGO
:61:081209C000001194256,33NTRF000000001112//180008
PAGO
:61:081209C000000128776,72NTRF000000018907//180008
PAGO
:61:081209C000000061698,70NTRF000038807595//180008
PAGO
:62M:C081209VEF000053128885,21
-}{5:{CHK:1143FB20924B}}{S:{COP:S}}${1:F21VZCRVECAAXXX5410610696}{4:{177:0404021720}{451:0}}{1:F01VZCRVECAAXXX5410610696}{2:09501717040402VZCRVECAAXXX40812675430404021720N}{3:{108:SCONNECT}}{4:
:20:MI081209
:25:2222222222
:28C:0515/154
:60M:C081209VEF000053128885,21
:61:081209C000000004395,32NTRF000050001790//180008
PAGO
:61:081209C000000002341,41NTRF000000093214//180008
PAGO
:61:081209C000000016643,37NTRF000000093216//180008
PAGO
:61:081209C000000000596,82NTRF000000006520//180008
PAGO
:61:081209C000000007896,49NTRF000000018821//180008
PAGO
:61:081209C000000000537,67NTRF000000007038//180008
PAGO
:61:081209C000000000569,27NTRF000000007039//180008
PAGO
:61:081209C000000003771,91NTRF000003408077//180008
PAGO
:61:081209C000000262201,78NTRF000000227364//180008
PAGO
:62M:C081209VEF000053427839,25
-}{5:{CHK:1143FB20924B}}{S:{COP:S}}${1:F21VZCRVECAAXXX5410610696}{4:{177:0404021720}{451:0}}{1:F01VZCRVECAAXXX5410610696}{2:09501717040402VZCRVECAAXXX40812675430404021720N}{3:{108:SCONNECT}}{4:
:20:MI081209
:25:2222222222
:28C:0515/155
:60M:C081209VEF000053427839,25
:61:081209C000000060000,00NTRF000020000002//180008
PAGO
:61:081209C000000000965,74NTRF000000093442//180008
PAGO
:61:081209C000000184583,35NTRF000000337807//180008
PAGO
:61:081209C000000006612,21NTRF000000093211//180008
PAGO
:61:081209C000000024148,92NTRF000000093212//180008
PAGO
:61:081209C000000001323,30NTRF000003408073//180008
PAGO
:61:081209C000000004099,54NTRF000000001752//180008
PAGO
:61:081209C000000020737,26NTRF000000001753//180008
PAGO
:61:081209C000000003705,00NTRF000000026358//180008
PAGO
:62M:C081209VEF000053734014,57
-}{5:{CHK:1143FB20924B}}{S:{COP:S}}${1:F21VZCRVECAAXXX5410610696}{4:{177:0404021720}{451:0}}{1:F01VZCRVECAAXXX5410610696}{2:09501717040402VZCRVECAAXXX40812675430404021720N}{3:{108:SCONNECT}}{4:
:20:MI081209
:25:2222222222
:28C:0515/156
:60M:C081209VEF000053734014,57
:61:081209C000000000905,22NTRF000000007036//180008
PAGO
:61:081209C000000004782,40NTRF000000007043//180008
PAGO
:61:081209C000000000624,73NTRF000000007020//180008
PAGO
:61:081209C000000001477,12NTRF000008001733//180008
PAGO
:61:081209C000000008709,69NTRF000002213180//180008
PAGO
:61:081209C000000009555,69NTRF000000007015//180008
PAGO
:61:081209C000000010116,91NTRF000000007030//180008
PAGO
:61:081209C000000001526,82NTRF000000007031//180008
PAGO
:61:081209C000000018120,42NTRF000000007033//180008
PAGO
:62M:C081209VEF000053789833,57
-}{5:{CHK:1143FB20924B}}{S:{COP:S}}${1:F21VZCRVECAAXXX5410610696}{4:{177:0404021720}{451:0}}{1:F01VZCRVECAAXXX5410610696}{2:09501717040402VZCRVECAAXXX40812675430404021720N}{3:{108:SCONNECT}}{4:
:20:MI081209
:25:2222222222
:28C:0515/157
:60M:C081209VEF000053789833,57
:61:081209C000000002915,35NTRF000034080782//180008
PAGO
:61:081209C000000000432,00NTRF000000340807//180008
PAGO
:61:081209C000000000660,35NTRF000000006447//180008
PAGO
:61:081209C000000005632,94NTRF000000093197//180008
PAGO
:61:081209C000000062814,95NTRF000000093206//180008
PAGO
:61:081209C000000155495,94NTRF000000093219//180008
PAGO
:61:081209C000000600000,00NTRF000000081201//180008
PAGO
:61:081209C000000003146,64NTRF000000339807//180008
PAGO
:61:081209C000000007172,19NTRF000000010878//180008
PAGO
:62M:C081209VEF000054628103,93
-}{5:{CHK:1143FB20924B}}{S:{COP:S}}${1:F21VZCRVECAAXXX5410610696}{4:{177:0404021720}{451:0}}{1:F01VZCRVECAAXXX5410610696}{2:09501717040402VZCRVECAAXXX40812675430404021720N}{3:{108:SCONNECT}}{4:
:20:MI081209
:25:2222222222
:28C:0515/158
:60M:C081209VEF000054628103,93
:61:081209C000000090421,72NTRF000008001790//180008
PAGO
:61:081209C000000196849,51NTRF000000184142//180008
PAGO
:61:081209C000000010300,00NTRF000000010880//180008
PAGO
:61:081209C000000000721,80NTRF000053692008//180008
PAGO
:61:081209C000000002576,41NTRF000054612008//180008
PAGO
:61:081209C000000006194,23NTRF000034380727//180008
PAGO
:61:081209C000000000523,30NTRF000000006539//180008
PAGO
:61:081209C000000000560,00NTRF000000093221//180008
PAGO
:61:081209C000000004410,31NTRF000000007016//180008
PAGO
:62M:C081209VEF000054940661,21
-}{5:{CHK:1143FB20924B}}{S:{COP:S}}${1:F21VZCRVECAAXXX5410610696}{4:{177:0404021720}{451:0}}{1:F01VZCRVECAAXXX5410610696}{2:09501717040402VZCRVECAAXXX40812675430404021720N}{3:{108:SCONNECT}}{4:
:20:MI081209
:25:2222222222
:28C:0515/159
:60M:C081209VEF000054940661,21
:61:081209C000000007118,08NTRF000000007032//180008
PAGO
:61:081209C000000048741,14NTRF000000030405//180008
PAGO
:61:081209C000000024659,49NTRF000000018949//180008
PAGO
:61:081209C000000000855,23NTRF000000007034//180008
PAGO
:61:081209C000001500000,00NTRF000000001111//180008
PAGO
:61:081209C000000001152,75NTRF000000007018//180008
PAGO
:61:081209C000000000115,00NTRF000000102895//180008
PAGO
:61:081209C000000000400,00NTRF000000006530//180008
PAGO
:61:081209C000000001200,00NTRF000000023315//180008
PAGO
:62M:C081209VEF000056524902,90
-}{5:{CHK:1143FB20924B}}{S:{COP:S}}${1:F21VZCRVECAAXXX5410610696}{4:{177:0404021720}{451:0}}{1:F01VZCRVECAAXXX5410610696}{2:09501717040402VZCRVECAAXXX40812675430404021720N}{3:{108:SCONNECT}}{4:
:20:MI081209
:25:2222222222
:28C:0515/160
:60M:C081209VEF000056524902,90
:61:081209C000000000300,00NTRF000000022043//180008
PAGO
:61:081209C000000000300,00NTRF000000021971//180008
PAGO
:61:081209C000000000120,00NTRF000000021922//180008
PAGO
:61:081209C000000000095,94NTRF000000021928//180008
PAGO
:61:081209C000000000700,00NTRF000000021906//180008
PAGO
:61:081209C000000012000,00NTRF000000021739//180008
PAGO
:61:081209C000000000100,00NTRF000000021743//180008
PAGO
:61:081209C000000000650,00NTRF000000021636//180008
PAGO
:61:081209C000000003430,00NTRF000000021637//180008
PAGO
:62M:C081209VEF000056542598,84
-}{5:{CHK:1143FB20924B}}{S:{COP:S}}${1:F21VZCRVECAAXXX5410610696}{4:{177:0404021720}{451:0}}{1:F01VZCRVECAAXXX5410610696}{2:09501717040402VZCRVECAAXXX40812675430404021720N}{3:{108:SCONNECT}}{4:
:20:MI081209
:25:2222222222
:28C:0515/161
:60M:C081209VEF000056542598,84
:61:081209C000000000500,00NTRF000000023200//180008
PAGO
:61:081209C000000000100,00NTRF000000023162//180008
PAGO
:61:081209C000000007000,00NTRF000000023058//180008
PAGO
:61:081209C000000002000,00NTRF000000023041//180008
PAGO
:61:081209C000000000260,00NTRF000000022777//180008
PAGO
:61:081209C000000011919,42NTRF000000022629//180008
PAGO
:61:081209C000000003500,00NTRF000000022497//180008
PAGO
:61:081209C000000001050,00NTRF000000022372//180008
PAGO
:61:081209C000000000106,00NTRF000000022361//180008
PAGO
:62M:C081209VEF000056569034,26
-}{5:{CHK:1143FB20924B}}{S:{COP:S}}${1:F21VZCRVECAAXXX5410610696}{4:{177:0404021720}{451:0}}{1:F01VZCRVECAAXXX5410610696}{2:09501717040402VZCRVECAAXXX40812675430404021720N}{3:{108:SCONNECT}}{4:
:20:MI081209
:25:2222222222
:28C:0515/162
:60M:C081209VEF000056569034,26
:61:081209C000000000250,00NTRF000000022314//180008
PAGO
:61:081209C000000000100,00NTRF000000021638//180008
PAGO
:61:081209C000000003500,00NTRF000000021517//180008
PAGO
:61:081209C000000000200,00NTRF000000021514//180008
PAGO
:61:081209C000000016960,69NTRF000000032500//180008
PAGO
:61:081209C000000000200,00NTRF000000000000//180008
PAGO
:61:081209C000000001000,00NTRF000000000000//180008
PAGO
:61:081209C000000010000,00NTRF000000000000//180008
PAGO
:61:081209C000000003400,00NTRF000000000000//180008
PAGO
:62M:C081209VEF000056604644,95
-}{5:{CHK:1143FB20924B}}{S:{COP:S}}${1:F21VZCRVECAAXXX5410610696}{4:{177:0404021720}{451:0}}{1:F01VZCRVECAAXXX5410610696}{2:09501717040402VZCRVECAAXXX40812675430404021720N}{3:{108:SCONNECT}}{4:
:20:MI081209
:25:2222222222
:28C:0515/163
:60M:C081209VEF000056604644,95
:61:081209C000000010350,00NTRF000000000000//180008
PAGO
:61:081209C000000000065,00NTRF000000000000//180008
PAGO
:61:081209C000000007500,00NTRF000000000000//180008
PAGO
:61:081209C000000000400,00NTRF000000000000//180008
PAGO
:61:081209C000000000900,00NTRF000000000000//180008
PAGO
:61:081209C000000001120,00NTRF000000000000//180008
PAGO
:61:081209C000000019660,00NTRF000000000000//180008
PAGO
:61:081209C000000000300,00NTRF000000000000//180008
PAGO
:61:081209C000000000140,00NTRF000023123324//180008
PAGO
:62M:C081209VEF000056645079,95
-}{5:{CHK:1143FB20924B}}{S:{COP:S}}${1:F21VZCRVECAAXXX5410610696}{4:{177:0404021720}{451:0}}{1:F01VZCRVECAAXXX5410610696}{2:09501717040402VZCRVECAAXXX40812675430404021720N}{3:{108:SCONNECT}}{4:
:20:MI081209
:25:2222222222
:28C:0515/164
:60M:C081209VEF000056645079,95
:61:081209C000000010500,00NTRF000023803595//180008
PAGO
:61:081209C000000000300,00NTRF000023835580//180008
PAGO
:61:081209C000000000500,00NTRF000000000000//180008
PAGO
:61:081209C000000001120,00NTRF000000000000//180008
PAGO
:61:081209C000000005000,00NTRF000000000000//180008
PAGO
:61:081209C000000001200,00NTRF000000122008//180008
PAGO
:61:081209C000000000700,00NTRF000000000000//180008
PAGO
:61:081209C000000000100,00NTRF000000006019//180008
PAGO
:61:081209C000000000005,00NTRF000000000000//180008
PAGO
:62M:C081209VEF000056664504,95
-}{5:{CHK:1143FB20924B}}{S:{COP:S}}${1:F21VZCRVECAAXXX5410610696}{4:{177:0404021720}{451:0}}{1:F01VZCRVECAAXXX5410610696}{2:09501717040402VZCRVECAAXXX40812675430404021720N}{3:{108:SCONNECT}}{4:
:20:MI081209
:25:2222222222
:28C:0515/165
:60M:C081209VEF000056664504,95
:61:081209C000000005000,00NTRF000000000000//180008
PAGO
:61:081209C000000000050,00NTRF000000002328//180008
PAGO
:61:081209C000000000306,00NTRF000000122008//180008
PAGO
:61:081209C000000002500,00NTRF000000000060//180008
PAGO
:61:081209C000000004000,00NTRF000000000000//180008
PAGO
:61:081209C000000000150,00NTRF000000149888//180008
PAGO
:61:081209C000000001509,30NTRF000000149892//180008
PAGO
:61:081209C000000000100,00NTRF000000149911//180008
PAGO
:61:081209C000000000080,00NTRF000000149942//180008
PAGO
:62M:C081209VEF000056678200,25
-}{5:{CHK:1143FB20924B}}{S:{COP:S}}${1:F21VZCRVECAAXXX5410610696}{4:{177:0404021720}{451:0}}{1:F01VZCRVECAAXXX5410610696}{2:09501717040402VZCRVECAAXXX40812675430404021720N}{3:{108:SCONNECT}}{4:
:20:MI081209
:25:2222222222
:28C:0515/166
:60M:C081209VEF000056678200,25
:61:081209C000000001500,00NTRF000000149952//180008
PAGO
:61:081209C000000001500,00NTRF000000149959//180008
PAGO
:61:081209C000000000250,00NTRF000000149971//180008
PAGO
:61:081209C000000000200,00NTRF000000150135//180008
PAGO
:61:081209C000000001000,00NTRF000000150147//180008
PAGO
:61:081209C000000001000,00NTRF000000150151//180008
PAGO
:61:081209C000000000930,00NTRF000000150162//180008
PAGO
:61:081209C000000001900,00NTRF000000149580//180008
PAGO
:61:081209C000000000709,00NTRF000000149581//180008
PAGO
:62M:C081209VEF000056687189,25
-}{5:{CHK:1143FB20924B}}{S:{COP:S}}${1:F21VZCRVECAAXXX5410610696}{4:{177:0404021720}{451:0}}{1:F01VZCRVECAAXXX5410610696}{2:09501717040402VZCRVECAAXXX40812675430404021720N}{3:{108:SCONNECT}}{4:
:20:MI081209
:25:2222222222
:28C:0515/167
:60M:C081209VEF000056687189,25
:61:081209C000000001900,00NTRF000000149590//180008
PAGO
:61:081209C000000001900,00NTRF000000149597//180008
PAGO
:61:081209C000000001900,00NTRF000000149600//180008
PAGO
:61:081209C000000001900,00NTRF000000149608//180008
PAGO
:61:081209C000000000460,00NTRF000000149612//180008
PAGO
:61:081209C000000001900,00NTRF000000149614//180008
PAGO
:61:081209C000000001900,00NTRF000000149619//180008
PAGO
:61:081209C000000001900,00NTRF000000149630//180008
PAGO
:61:081209C000000000200,00NTRF000000149638//180008
PAGO
:62M:C081209VEF000056701149,25
-}{5:{CHK:1143FB20924B}}{S:{COP:S}}${1:F21VZCRVECAAXXX5410610696}{4:{177:0404021720}{451:0}}{1:F01VZCRVECAAXXX5410610696}{2:09501717040402VZCRVECAAXXX40812675430404021720N}{3:{108:SCONNECT}}{4:
:20:MI081209
:25:2222222222
:28C:0515/168
:60M:C081209VEF000056701149,25
:61:081209C000000000600,00NTRF000000149744//180008
PAGO
:61:081209C000000000361,00NTRF000000149745//180008
PAGO
:61:081209C000000010000,00NTRF000000149305//180008
PAGO
:61:081209C000000003000,00NTRF000000149334//180008
PAGO
:61:081209C000000001450,00NTRF000000149362//180008
PAGO
:61:081209C000000000300,00NTRF000000149372//180008
PAGO
:61:081209C000000000646,00NTRF000000149382//180008
PAGO
:61:081209C000000001500,00NTRF000000149422//180008
PAGO
:61:081209C000000000300,00NTRF000000149429//180008
PAGO
:62M:C081209VEF000056719306,25
-}{5:{CHK:1143FB20924B}}{S:{COP:S}}${1:F21VZCRVECAAXXX5410610696}{4:{177:0404021720}{451:0}}{1:F01VZCRVECAAXXX5410610696}{2:09501717040402VZCRVECAAXXX40812675430404021720N}{3:{108:SCONNECT}}{4:
:20:MI081209
:25:2222222222
:28C:0515/169
:60M:C081209VEF000056719306,25
:61:081209C000000000440,00NTRF000000149474//180008
PAGO
:61:081209C000000002000,00NTRF000000149531//180008
PAGO
:61:081209C000000000155,00NTRF000000149532//180008
PAGO
:61:081209C000000025000,00NTRF000000149542//180008
PAGO
:61:081209C000000001900,00NTRF000000149563//180008
PAGO
:61:081209C000000001900,00NTRF000000149572//180008
PAGO
:61:081209C000000000250,00NTRF000000153525//180008
PAGO
:61:081209C000000004000,00NTRF000000153591//180008
PAGO
:61:081209C000000000582,00NTRF000000153604//180008
PAGO
:62M:C081209VEF000056755533,25
-}{5:{CHK:1143FB20924B}}{S:{COP:S}}${1:F21VZCRVECAAXXX5410610696}{4:{177:0404021720}{451:0}}{1:F01VZCRVECAAXXX5410610696}{2:09501717040402VZCRVECAAXXX40812675430404021720N}{3:{108:SCONNECT}}{4:
:20:MI081209
:25:2222222222
:28C:0515/170
:60M:C081209VEF000056755533,25
:61:081209C000000002000,00NTRF000000152683//180008
PAGO
:61:081209C000000008750,00NTRF000000152752//180008
PAGO
:61:081209C000000001336,00NTRF000000152817//180008
PAGO
:61:081209C000000003500,00NTRF000000152917//180008
PAGO
:61:081209C000000000650,00NTRF000000152920//180008
PAGO
:61:081209C000000003000,00NTRF000000152950//180008
PAGO
:61:081209C000000006000,00NTRF000000153836//180008
PAGO
:61:081209C000000001900,00NTRF000000153855//180008
PAGO
:61:081209C000000002500,00NTRF000000153866//180008
PAGO
:62M:C081209VEF000056785169,25
-}{5:{CHK:1143FB20924B}}{S:{COP:S}}${1:F21VZCRVECAAXXX5410610696}{4:{177:0404021720}{451:0}}{1:F01VZCRVECAAXXX5410610696}{2:09501717040402VZCRVECAAXXX40812675430404021720N}{3:{108:SCONNECT}}{4:
:20:MI081209
:25:2222222222
:28C:0515/171
:60M:C081209VEF000056785169,25
:61:081209C000000002500,00NTRF000000153867//180008
PAGO
:61:081209C000000000600,00NTRF000000153874//180008
PAGO
:61:081209C000000500913,79NTRF000002447677//180008
PAGO
:61:081209C000000010712,17NTRF000002447728//180008
PAGO
:61:081209C000000000195,00NTRF000000153214//180008
PAGO
:61:081209C000000000560,00NTRF000000153220//180008
PAGO
:61:081209C000000000233,13NTRF000002447862//180008
PAGO
:61:081209C000000000481,08NTRF000002447899//180008
PAGO
:61:081209C000000000908,68NTRF000003233523//180008
PAGO
:62M:C081209VEF000057302273,10
-}{5:{CHK:1143FB20924B}}{S:{COP:S}}${1:F21VZCRVECAAXXX5410610696}{4:{177:0404021720}{451:0}}{1:F01VZCRVECAAXXX5410610696}{2:09501717040402VZCRVECAAXXX40812675430404021720N}{3:{108:SCONNECT}}{4:
:20:MI081209
:25:2222222222
:28C:0515/172
:60M:C081209VEF000057302273,10
:61:081209C000000001288,83NTRF000003233527//180008
PAGO
:61:081209C000000004508,00NTRF000003233536//180008
PAGO
:61:081209C000000724075,45NTRF000003233543//180008
PAGO
:61:081209C000000000675,65NTRF000003233608//180008
PAGO
:61:081209C000000002538,09NTRF000003233611//180008
PAGO
:61:081209C000000046094,58NTRF000003233675//180008
PAGO
:61:081209C000000000723,04NTRF000003235815//180008
PAGO
:61:081209C000000000500,00NTRF000000139557//180008
PAGO
:61:081209C000000000600,00NTRF000000139627//180008
PAGO
:62M:C081209VEF000058083276,74
-}{5:{CHK:1143FB20924B}}{S:{COP:S}}${1:F21VZCRVECAAXXX5410610696}{4:{177:0404021720}{451:0}}{1:F01VZCRVECAAXXX5410610696}{2:09501717040402VZCRVECAAXXX40812675430404021720N}{3:{108:SCONNECT}}{4:
:20:MI081209
:25:2222222222
:28C:0515/173
:60M:C081209VEF000058083276,74
:61:081209C000000001000,00NTRF000000139709//180008
PAGO
:61:081209C000000000735,54NTRF000000139766//180008
PAGO
:61:081209C000000001000,00NTRF000000139773//180008
PAGO
:61:081209C000000000600,00NTRF000000139779//180008
PAGO
:61:081209C000000000500,00NTRF000000139831//180008
PAGO
:61:081209C000000002200,00NTRF000000138711//180008
PAGO
:61:081209C000000002000,00NTRF000000138770//180008
PAGO
:61:081209C000000000025,00NTRF000000138815//180008
PAGO
:61:081209C000000002550,00NTRF000000138868//180008
PAGO
:62M:C081209VEF000058093887,28
-}{5:{CHK:1143FB20924B}}{S:{COP:S}}${1:F21VZCRVECAAXXX5410610696}{4:{177:0404021720}{451:0}}{1:F01VZCRVECAAXXX5410610696}{2:09501717040402VZCRVECAAXXX40812675430404021720N}{3:{108:SCONNECT}}{4:
:20:MI081209
:25:2222222222
:28C:0515/174
:60M:C081209VEF000058093887,28
:61:081209C000000008000,00NTRF000000138880//180008
PAGO
:61:081209C000000015000,00NTRF000000138909//180008
PAGO
:61:081209C000000001000,00NTRF000000138931//180008
PAGO
:61:081209C000000001000,00NTRF000000138975//180008
PAGO
:61:081209C000000000270,00NTRF000000138984//180008
PAGO
:61:081209C000000002500,00NTRF000000139030//180008
PAGO
:61:081209C000000000624,00NTRF000000139044//180008
PAGO
:61:081209C000000000136,00NTRF000000139079//180008
PAGO
:61:081209C000000000500,00NTRF000000139126//180008
PAGO
:62M:C081209VEF000058122917,28
-}{5:{CHK:1143FB20924B}}{S:{COP:S}}${1:F21VZCRVECAAXXX5410610696}{4:{177:0404021720}{451:0}}{1:F01VZCRVECAAXXX5410610696}{2:09501717040402VZCRVECAAXXX40812675430404021720N}{3:{108:SCONNECT}}{4:
:20:MI081209
:25:2222222222
:28C:0515/175
:60M:C081209VEF000058122917,28
:61:081209C000000002500,00NTRF000000138222//180008
PAGO
:61:081209C000000001750,00NTRF000000138290//180008
PAGO
:61:081209C000000002000,00NTRF000000138329//180008
PAGO
:61:081209C000000024500,00NTRF000000138362//180008
PAGO
:61:081209C000000000750,00NTRF000000138424//180008
PAGO
:61:081209C000000000375,00NTRF000000138425//180008
PAGO
:61:081209C000000000100,00NTRF000000138451//180008
PAGO
:61:081209C000000010000,00NTRF000000138487//180008
PAGO
:61:081209C000000001000,00NTRF000000138493//180008
PAGO
:62M:C081209VEF000058165892,28
-}{5:{CHK:1143FB20924B}}{S:{COP:S}}${1:F21VZCRVECAAXXX5410610696}{4:{177:0404021720}{451:0}}{1:F01VZCRVECAAXXX5410610696}{2:09501717040402VZCRVECAAXXX40812675430404021720N}{3:{108:SCONNECT}}{4:
:20:MI081209
:25:2222222222
:28C:0515/176
:60M:C081209VEF000058165892,28
:61:081209C000000004000,00NTRF000000138573//180008
PAGO
:61:081209C000000001350,00NTRF000000138597//180008
PAGO
:61:081209C000000000400,00NTRF000000138673//180008
PAGO
:61:081209C000000000900,00NTRF000000138691//180008
PAGO
:61:081209C000000000500,00NTRF000000137915//180008
PAGO
:61:081209C000000000300,00NTRF000000137917//180008
PAGO
:61:081209C000000003000,00NTRF000000137939//180008
PAGO
:61:081209C000000000240,00NTRF000000137959//180008
PAGO
:61:081209C000000003000,00NTRF000000137964//180008
PAGO
:62M:C081209VEF000058179582,28
-}{5:{CHK:1143FB20924B}}{S:{COP:S}}${1:F21VZCRVECAAXXX5410610696}{4:{177:0404021720}{451:0}}{1:F01VZCRVECAAXXX5410610696}{2:09501717040402VZCRVECAAXXX40812675430404021720N}{3:{108:SCONNECT}}{4:
:20:MI081209
:25:2222222222
:28C:0515/177
:60M:C081209VEF000058179582,28
:61:081209C000000004226,78NTRF000000137968//180008
PAGO
:61:081209C000000002000,00NTRF000000138009//180008
PAGO
:61:081209C000000009100,00NTRF000000138164//180008
PAGO
:61:081209C000000005000,00NTRF000000138188//180008
PAGO
:61:081209C000000001610,00NTRF000000143707//180008
PAGO
:61:081209C000000003213,00NTRF000000143729//180008
PAGO
:61:081209C000000001100,00NTRF000000143734//180008
PAGO
:61:081209C000000000650,00NTRF000000143742//180008
PAGO
:61:081209C000000000210,00NTRF000000143777//180008
PAGO
:62M:C081209VEF000058206692,06
-}{5:{CHK:1143FB20924B}}{S:{COP:S}}${1:F21VZCRVECAAXXX5410610696}{4:{177:0404021720}{451:0}}{1:F01VZCRVECAAXXX5410610696}{2:09501717040402VZCRVECAAXXX40812675430404021720N}{3:{108:SCONNECT}}{4:
:20:MI081209
:25:2222222222
:28C:0515/178
:60M:C081209VEF000058206692,06
:61:081209C000000000543,33NTRF000000143786//180008
PAGO
:61:081209C000000001100,00NTRF000000143853//180008
PAGO
:61:081209C000000000410,00NTRF000000143867//180008
PAGO
:61:081209C000000001300,00NTRF000000143878//180008
PAGO
:61:081209C000000006725,00NTRF000000143160//180008
PAGO
:61:081209C000000000043,28NTRF000000143173//180008
PAGO
:61:081209C000000002000,00NTRF000000143250//180008
PAGO
:61:081209C000000008000,00NTRF000000143258//180008
PAGO
:61:081209C000000001700,00NTRF000000143275//180008
PAGO
:62M:C081209VEF000058228513,67
-}{5:{CHK:1143FB20924B}}{S:{COP:S}}${1:F21VZCRVECAAXXX5410610696}{4:{177:0404021720}{451:0}}{1:F01VZCRVECAAXXX5410610696}{2:09501717040402VZCRVECAAXXX40812675430404021720N}{3:{108:SCONNECT}}{4:
:20:MI081209
:25:2222222222
:28C:0515/179
:60M:C081209VEF000058228513,67
:61:081209C000000000450,00NTRF000000143285//180008
PAGO
:61:081209C000000000350,00NTRF000000143290//180008
PAGO
:61:081209C000000001000,00NTRF000000143341//180008
PAGO
:61:081209C000000000490,00NTRF000000143402//180008
PAGO
:61:081209C000000000900,00NTRF000000143407//180008
PAGO
:61:081209C000000000150,00NTRF000000143411//180008
PAGO
:61:081209C000000002000,00NTRF000000143419//180008
PAGO
:61:081209C000000003000,00NTRF000000143449//180008
PAGO
:61:081209C000000000500,00NTRF000000142505//180008
PAGO
:62M:C081209VEF000058237353,67
-}{5:{CHK:1143FB20924B}}{S:{COP:S}}${1:F21VZCRVECAAXXX5410610696}{4:{177:0404021720}{451:0}}{1:F01VZCRVECAAXXX5410610696}{2:09501717040402VZCRVECAAXXX40812675430404021720N}{3:{108:SCONNECT}}{4:
:20:MI081209
:25:2222222222
:28C:0515/180
:60M:C081209VEF000058237353,67
:61:081209C000000000110,00NTRF000000142512//180008
PAGO
:61:081209C000000000090,00NTRF000000142531//180008
PAGO
:61:081209C000000000400,00NTRF000000142573//180008
PAGO
:61:081209C000000000500,00NTRF000000142676//180008
PAGO
:61:081209C000000001000,00NTRF000000142693//180008
PAGO
:61:081209C000000000500,00NTRF000000142726//180008
PAGO
:61:081209C000000000600,00NTRF000000142808//180008
PAGO
:61:081209C000000000783,00NTRF000000142838//180008
PAGO
:61:081209C000000000150,00NTRF000000142922//180008
PAGO
:62M:C081209VEF000058241486,67
-}{5:{CHK:1143FB20924B}}{S:{COP:S}}${1:F21VZCRVECAAXXX5410610696}{4:{177:0404021720}{451:0}}{1:F01VZCRVECAAXXX5410610696}{2:09501717040402VZCRVECAAXXX40812675430404021720N}{3:{108:SCONNECT}}{4:
:20:MI081209
:25:2222222222
:28C:0515/181
:60M:C081209VEF000058241486,67
:61:081209C000000002600,00NTRF000000142974//180008
PAGO
:61:081209C000000000500,00NTRF000000143046//180008
PAGO
:61:081209C000000005000,00NTRF000000142222//180008
PAGO
:61:081209C000000000300,00NTRF000000142241//180008
PAGO
:61:081209C000000001000,00NTRF000000142242//180008
PAGO
:61:081209C000000001000,00NTRF000000142265//180008
PAGO
:61:081209C000000002105,22NTRF000000142271//180008
PAGO
:61:081209C000000007783,00NTRF000000142311//180008
PAGO
:61:081209C000000000213,00NTRF000000142336//180008
PAGO
:62M:C081209VEF000058261987,89
-}{5:{CHK:1143FB20924B}}{S:{COP:S}}${1:F21VZCRVECAAXXX5410610696}{4:{177:0404021720}{451:0}}{1:F01VZCRVECAAXXX5410610696}{2:09501717040402VZCRVECAAXXX40812675430404021720N}{3:{108:SCONNECT}}{4:
:20:MI081209
:25:2222222222
:28C:0515/182
:60M:C081209VEF000058261987,89
:61:081209C000000005000,00NTRF000000142363//180008
PAGO
:61:081209C000000002000,00NTRF000000142435//180008
PAGO
:61:081209C000000002000,00NTRF000000142447//180008
PAGO
:61:081209C000000000005,00NTRF000000142456//180008
PAGO
:61:081209C000000000750,00NTRF000000142459//180008
PAGO
:61:081209C000000000500,00NTRF000000142502//180008
PAGO
:61:081209C000000000390,00NTRF000000141881//180008
PAGO
:61:081209C000000001000,00NTRF000000141883//180008
PAGO
:61:081209C000000002000,00NTRF000000141903//180008
PAGO
:62M:C081209VEF000058275632,89
-}{5:{CHK:1143FB20924B}}{S:{COP:S}}${1:F21VZCRVECAAXXX5410610696}{4:{177:0404021720}{451:0}}{1:F01VZCRVECAAXXX5410610696}{2:09501717040402VZCRVECAAXXX40812675430404021720N}{3:{108:SCONNECT}}{4:
:20:MI081209
:25:2222222222
:28C:0515/183
:60M:C081209VEF000058275632,89
:61:081209C000000002000,00NTRF000000141974//180008
PAGO
:61:081209C000000000600,00NTRF000000141996//180008
PAGO
:61:081209C000000003500,00NTRF000000142032//180008
PAGO
:61:081209C000000000100,00NTRF000000142034//180008
PAGO
:61:081209C000000000200,00NTRF000000142074//180008
PAGO
:61:081209C000000001000,00NTRF000000142081//180008
PAGO
:61:081209C000000001000,00NTRF000000142117//180008
PAGO
:61:081209C000000001300,00NTRF000000142132//180008
PAGO
:61:081209C000000000910,00NTRF000000142158//180008
PAGO
:62M:C081209VEF000058286242,89
-}{5:{CHK:1143FB20924B}}{S:{COP:S}}${1:F21VZCRVECAAXXX5410610696}{4:{177:0404021720}{451:0}}{1:F01VZCRVECAAXXX5410610696}{2:09501717040402VZCRVECAAXXX40812675430404021720N}{3:{108:SCONNECT}}{4:
:20:MI081209
:25:2222222222
:28C:0515/184
:60M:C081209VEF000058286242,89
:61:081209C000000011385,00NTRF000000142186//180008
PAGO
:61:081209C000000000550,00NTRF000000141482//180008
PAGO
:61:081209C000000000550,00NTRF000000141485//180008
PAGO
:61:081209C000000000800,00NTRF000000141520//180008
PAGO
:61:081209C000000004000,00NTRF000000141542//180008
PAGO
:61:081209C000000002500,00NTRF000000141602//180008
PAGO
:61:081209C000000000750,00NTRF000000141617//180008
PAGO
:61:081209C000000001263,00NTRF000000141651//180008
PAGO
:61:081209C000000000532,98NTRF000000141655//180008
PAGO
:62M:C081209VEF000058308573,87
-}{5:{CHK:1143FB20924B}}{S:{COP:S}}${1:F21VZCRVECAAXXX5410610696}{4:{177:0404021720}{451:0}}{1:F01VZCRVECAAXXX5410610696}{2:09501717040402VZCRVECAAXXX40812675430404021720N}{3:{108:SCONNECT}}{4:
:20:MI081209
:25:2222222222
:28C:0515/185
:60M:C081209VEF000058308573,87
:61:081209C000000025000,00NTRF000000141707//180008
PAGO
:61:081209C000000000250,00NTRF000000141712//180008
PAGO
:61:081209C000000001000,00NTRF000000141729//180008
PAGO
:61:081209C000000002049,50NTRF000000141855//180008
PAGO
:61:081209C000000003430,00NTRF000000143929//180008
PAGO
:61:081209C000000001600,00NTRF000000143953//180008
PAGO
:61:081209C000000003000,00NTRF000000144069//180008
PAGO
:61:081209C000000015000,00NTRF000000144127//180008
PAGO
:61:081209C000000001000,00NTRF000000144169//180008
PAGO
:62M:C081209VEF000058360903,37
-}{5:{CHK:1143FB20924B}}{S:{COP:S}}${1:F21VZCRVECAAXXX5410610696}{4:{177:0404021720}{451:0}}{1:F01VZCRVECAAXXX5410610696}{2:09501717040402VZCRVECAAXXX40812675430404021720N}{3:{108:SCONNECT}}{4:
:20:MI081209
:25:2222222222
:28C:0515/186
:60M:C081209VEF000058360903,37
:61:081209C000000001000,00NTRF000000144426//180008
PAGO
:61:081209C000000008000,00NTRF000000144440//180008
PAGO
:61:081209C000000000863,40NTRF000000144535//180008
PAGO
:61:081209C000000000400,00NTRF000000144543//180008
PAGO
:61:081209C000000000175,00NTRF000000145951//180008
PAGO
:61:081209C000000002150,00NTRF000000145955//180008
PAGO
:61:081209C000000000250,00NTRF000000145973//180008
PAGO
:61:081209C000000000420,00NTRF000000146037//180008
PAGO
:61:081209C000000003000,00NTRF000000144770//180008
PAGO
:62M:C081209VEF000058377161,77
-}{5:{CHK:1143FB20924B}}{S:{COP:S}}${1:F21VZCRVECAAXXX5410610696}{4:{177:0404021720}{451:0}}{1:F01VZCRVECAAXXX5410610696}{2:09501717040402VZCRVECAAXXX40812675430404021720N}{3:{108:SCONNECT}}{4:
:20:MI081209
:25:2222222222
:28C:0515/187
:60M:C081209VEF000058377161,77
:61:081209C000000001200,00NTRF000000144820//180008
PAGO
:61:081209C000000000250,00NTRF000000144910//180008
PAGO
:61:081209C000000000250,00NTRF000000144939//180008
PAGO
:61:081209C000000003000,00NTRF000000144974//180008
PAGO
:61:081209C000000002000,00NTRF000000146297//180008
PAGO
:61:081209C000000001236,00NTRF000000146367//180008
PAGO
:61:081209C000000006000,00NTRF000000146411//180008
PAGO
:61:081209C000000001486,00NTRF000000146550//180008
PAGO
:61:081209C000000000800,00NTRF000000146558//180008
PAGO
:62M:C081209VEF000058393383,77
-}{5:{CHK:1143FB20924B}}{S:{COP:S}}${1:F21VZCRVECAAXXX5410610696}{4:{177:0404021720}{451:0}}{1:F01VZCRVECAAXXX5410610696}{2:09501717040402VZCRVECAAXXX40812675430404021720N}{3:{108:SCONNECT}}{4:
:20:MI081209
:25:2222222222
:28C:0515/188
:60M:C081209VEF000058393383,77
:61:081209C000000001500,00NTRF000000146564//180008
PAGO
:61:081209C000000000750,00NTRF000000146580//180008
PAGO
:61:081209C000000000424,14NTRF000000146584//180008
PAGO
:61:081209C000000003000,00NTRF000000145225//180008
PAGO
:61:081209C000000000220,00NTRF000000146606//180008
PAGO
:61:081209C000000000399,50NTRF000000146632//180008
PAGO
:61:081209C000000000300,00NTRF000000146653//180008
PAGO
:61:081209C000000003200,00NTRF000000146686//180008
PAGO
:61:081209C000000000600,00NTRF000000146720//180008
PAGO
:62M:C081209VEF000058403777,41
-}{5:{CHK:1143FB20924B}}{S:{COP:S}}${1:F21VZCRVECAAXXX5410610696}{4:{177:0404021720}{451:0}}{1:F01VZCRVECAAXXX5410610696}{2:09501717040402VZCRVECAAXXX40812675430404021720N}{3:{108:SCONNECT}}{4:
:20:MI081209
:25:2222222222
:28C:0515/189
:60M:C081209VEF000058403777,41
:61:081209C000000004725,00NTRF000000146746//180008
PAGO
:61:081209C000000000250,00NTRF000000146751//180008
PAGO
:61:081209C000000005500,00NTRF000000146790//180008
PAGO
:61:081209C000000000500,00NTRF000000146807//180008
PAGO
:61:081209C000000005000,00NTRF000000147923//180008
PAGO
:61:081209C000000001620,00NTRF000000147930//180008
PAGO
:61:081209C000000000310,00NTRF000000147939//180008
PAGO
:61:081209C000000000435,00NTRF000000146977//180008
PAGO
:61:081209C000000000600,00NTRF000000147002//180008
PAGO
:62M:C081209VEF000058422717,41
-}{5:{CHK:1143FB20924B}}{S:{COP:S}}${1:F21VZCRVECAAXXX5410610696}{4:{177:0404021720}{451:0}}{1:F01VZCRVECAAXXX5410610696}{2:09501717040402VZCRVECAAXXX40812675430404021720N}{3:{108:SCONNECT}}{4:
:20:MI081209
:25:2222222222
:28C:0515/190
:60M:C081209VEF000058422717,41
:61:081209C000000003000,00NTRF000000147040//180008
PAGO
:61:081209C000000002000,00NTRF000000147047//180008
PAGO
:61:081209C000000001900,00NTRF000000147090//180008
PAGO
:61:081209C000000000500,00NTRF000000147215//180008
PAGO
:61:081209C000000000600,00NTRF000000148267//180008
PAGO
:61:081209C000000002600,00NTRF000000148296//180008
PAGO
:61:081209C000000001320,00NTRF000000148297//180008
PAGO
:61:081209C000000000145,00NTRF000000148323//180008
PAGO
:61:081209C000000002300,00NTRF000000148407//180008
PAGO
:62M:C081209VEF000058437082,41
-}{5:{CHK:1143FB20924B}}{S:{COP:S}}${1:F21VZCRVECAAXXX5410610696}{4:{177:0404021720}{451:0}}{1:F01VZCRVECAAXXX5410610696}{2:09501717040402VZCRVECAAXXX40812675430404021720N}{3:{108:SCONNECT}}{4:
:20:MI081209
:25:2222222222
:28C:0515/191
:60M:C081209VEF000058437082,41
:61:081209C000000000652,36NTRF000000148418//180008
PAGO
:61:081209C000000001000,00NTRF000000148445//180008
PAGO
:61:081209C000000000080,00NTRF000000147628//180008
PAGO
:61:081209C000000001881,00NTRF000000147633//180008
PAGO
:61:081209C000000025000,00NTRF000000148556//180008
PAGO
:61:081209C000000001000,00NTRF000000148580//180008
PAGO
:61:081209C000000002250,00NTRF000000148611//180008
PAGO
:61:081209C000000000643,44NTRF000000148663//180008
PAGO
:61:081209C000000001000,00NTRF000000148726//180008
PAGO
:62M:C081209VEF000058470589,21
-}{5:{CHK:1143FB20924B}}{S:{COP:S}}${1:F21VZCRVECAAXXX5410610696}{4:{177:0404021720}{451:0}}{1:F01VZCRVECAAXXX5410610696}{2:09501717040402VZCRVECAAXXX40812675430404021720N}{3:{108:SCONNECT}}{4:
:20:MI081209
:25:2222222222
:28C:0515/192
:60M:C081209VEF000058470589,21
:61:081209C000000001171,10NTRF000000148727//180008
PAGO
:61:081209C000000008580,00NTRF000000148790//180008
PAGO
:61:081209C000000000185,00NTRF000000148794//180008
PAGO
:61:081209C000000002000,00NTRF000000148797//180008
PAGO
:61:081209C000000004900,00NTRF000000148532//180008
PAGO
:61:081209C000000004600,00NTRF000000149271//180008
PAGO
:61:081209C000000000500,00NTRF000000149228//180008
PAGO
:61:081209C000000000410,00NTRF000000149105//180008
PAGO
:61:081209C000000000403,00NTRF000000149075//180008
PAGO
:62M:C081209VEF000058493338,31
-}{5:{CHK:1143FB20924B}}{S:{COP:S}}${1:F21VZCRVECAAXXX5410610696}{4:{177:0404021720}{451:0}}{1:F01VZCRVECAAXXX5410610696}{2:09501717040402VZCRVECAAXXX40812675430404021720N}{3:{108:SCONNECT}}{4:
:20:MI081209
:25:2222222222
:28C:0515/193
:60M:C081209VEF000058493338,31
:61:081209C000000003500,00NTRF000000149036//180008
PAGO
:61:081209C000000000016,50NTRF000000148993//180008
PAGO
:61:081209C000000002210,00NTRF000000148984//180008
PAGO
:61:081209C000000003000,00NTRF000000148970//180008
PAGO
:61:081209C000000005820,00NTRF000003236879//180008
PAGO
:61:081209C000000005520,00NTRF000003236880//180008
PAGO
:61:081209C000000000100,00NTRF000000157616//180008
PAGO
:61:081209C000000000500,00NTRF000000157719//180008
PAGO
:61:081209C000000003686,00NTRF000003236897//180008
PAGO
:62M:C081209VEF000058517690,81
-}{5:{CHK:1143FB20924B}}{S:{COP:S}}${1:F21VZCRVECAAXXX5410610696}{4:{177:0404021720}{451:0}}{1:F01VZCRVECAAXXX5410610696}{2:09501717040402VZCRVECAAXXX40812675430404021720N}{3:{108:SCONNECT}}{4:
:20:MI081209
:25:2222222222
:28C:0515/194
:60M:C081209VEF000058517690,81
:61:081209C000000005520,00NTRF000003236896//180008
PAGO
:61:081209C000000003930,81NTRF000003236887//180008
PAGO
:61:081209C000000000123,38NTRF000003235089//180008
PAGO
:61:081209C000000000079,38NTRF000003235098//180008
PAGO
:61:081209C000000000109,03NTRF000003235099//180008
PAGO
:61:081209C000000000123,38NTRF000003235112//180008
PAGO
:61:081209C000000000023,64NTRF000003235136//180008
PAGO
:61:081209C000000000551,27NTRF000003235350//180008
PAGO
:61:081209C000000000492,84NTRF000003235366//180008
PAGO
:62M:C081209VEF000058528644,54
-}{5:{CHK:1143FB20924B}}{S:{COP:S}}${1:F21VZCRVECAAXXX5410610696}{4:{177:0404021720}{451:0}}{1:F01VZCRVECAAXXX5410610696}{2:09501717040402VZCRVECAAXXX40812675430404021720N}{3:{108:SCONNECT}}{4:
:20:MI081209
:25:2222222222
:28C:0515/195
:60M:C081209VEF000058528644,54
:61:081209C000000003557,99NTRF000003235605//180008
PAGO
:61:081209C000000003037,79NTRF000003235610//180008
PAGO
:61:081209C000000000098,04NTRF000003233947//180008
PAGO
:61:081209C000000000675,55NTRF000003234070//180008
PAGO
:61:081209C000000000022,34NTRF000003234312//180008
PAGO
:61:081209C000000000144,32NTRF000003234334//180008
PAGO
:61:081209C000000002121,21NTRF000003234345//180008
PAGO
:61:081209C000000000043,74NTRF000003234352//180008
PAGO
:61:081209C000000000361,18NTRF000003234539//180008
PAGO
:62M:C081209VEF000058538706,70
-}{5:{CHK:1143FB20924B}}{S:{COP:S}}${1:F21VZCRVECAAXXX5410610696}{4:{177:0404021720}{451:0}}{1:F01VZCRVECAAXXX5410610696}{2:09501717040402VZCRVECAAXXX40812675430404021720N}{3:{108:SCONNECT}}{4:
:20:MI081209
:25:2222222222
:28C:0515/196
:60M:C081209VEF000058538706,70
:61:081209C000000000353,97NTRF000003234552//180008
PAGO
:61:081209C000000011000,00NTRF000000157776//180008
PAGO
:61:081209C000000000060,00NTRF000000157785//180008
PAGO
:61:081209C000000001100,00NTRF000000157853//180008
PAGO
:61:081209C000000001000,00NTRF000000157914//180008
PAGO
:61:081209C000000001300,00NTRF000000157957//180008
PAGO
:61:081209C000000000055,91NTRF000003234964//180008
PAGO
:61:081209C000000000004,95NTRF000003234977//180008
PAGO
:61:081209C000000000014,65NTRF000003235080//180008
PAGO
:62M:C081209VEF000058553596,18
-}{5:{CHK:1143FB20924B}}{S:{COP:S}}${1:F21VZCRVECAAXXX5410610696}{4:{177:0404021720}{451:0}}{1:F01VZCRVECAAXXX5410610696}{2:09501717040402VZCRVECAAXXX40812675430404021720N}{3:{108:SCONNECT}}{4:
:20:MI081209
:25:2222222222
:28C:0515/197
:60M:C081209VEF000058553596,18
:61:081209C000000000076,51NTRF000003235087//180008
PAGO
:61:081209C000000000621,18NTRF000003234555//180008
PAGO
:61:081209C000000000220,83NTRF000003234572//180008
PAGO
:61:081209C000000000650,83NTRF000003234583//180008
PAGO
:61:081209C000000002417,03NTRF000003234736//180008
PAGO
:61:081209C000000000047,32NTRF000003234958//180008
PAGO
:61:081209C000000082716,50NTRF000002447860//180008
PAGO
:61:081209C000000004077,39NTRF000002447861//180008
PAGO
:61:081209C000000000222,94NTRF000003233676//180008
PAGO
:62M:C081209VEF000058644646,71
-}{5:{CHK:1143FB20924B}}{S:{COP:S}}${1:F21VZCRVECAAXXX5410610696}{4:{177:0404021720}{451:0}}{1:F01VZCRVECAAXXX5410610696}{2:09501717040402VZCRVECAAXXX40812675430404021720N}{3:{108:SCONNECT}}{4:
:20:MI081209
:25:2222222222
:28C:0515/198
:60M:C081209VEF000058644646,71
:61:081209C000000012066,78NTRF000003233748//180008
PAGO
:61:081209C000000000582,00NTRF000000153610//180008
PAGO
:61:081209C000000000500,00NTRF000000153676//180008
PAGO
:61:081209C000000000550,00NTRF000000153682//180008
PAGO
:61:081209C000000000360,00NTRF000000153683//180008
PAGO
:61:081209C000000015900,00NTRF000000153767//180008
PAGO
:61:081209C000000000500,00NTRF000000153833//180008
PAGO
:61:081209C000000001000,00NTRF000000153241//180008
PAGO
:61:081209C000000000450,00NTRF000000153247//180008
PAGO
:62M:C081209VEF000058676555,49
-}{5:{CHK:1143FB20924B}}{S:{COP:S}}${1:F21VZCRVECAAXXX5410610696}{4:{177:0404021720}{451:0}}{1:F01VZCRVECAAXXX5410610696}{2:09501717040402VZCRVECAAXXX40812675430404021720N}{3:{108:SCONNECT}}{4:
:20:MI081209
:25:2222222222
:28C:0515/199
:60M:C081209VEF000058676555,49
:61:081209C000000001739,84NTRF000000153298//180008
PAGO
:61:081209C000000000002,00NTRF000000153334//180008
PAGO
:61:081209C000000001000,00NTRF000000153340//180008
PAGO
:61:081209C000000006700,00NTRF000000153352//180008
PAGO
:61:081209C000000000120,00NTRF000000153365//180008
PAGO
:61:081209C000000005000,00NTRF000000153500//180008
PAGO
:61:081209C000000001000,00NTRF000000153064//180008
PAGO
:61:081209C000000025000,00NTRF000000153102//180008
PAGO
:61:081209C000000004320,00NTRF000000153157//180008
PAGO
:62M:C081209VEF000058721437,33
-}{5:{CHK:1143FB20924B}}{S:{COP:S}}${1:F21VZCRVECAAXXX5410610696}{4:{177:0404021720}{451:0}}{1:F01VZCRVECAAXXX5410610696}{2:09501717040402VZCRVECAAXXX40812675430404021720N}{3:{108:SCONNECT}}{4:
:20:MI081209
:25:2222222222
:28C:0515/200
:60M:C081209VEF000058721437,33
:61:081209C000000000568,00NTRF000000153162//180008
PAGO
:61:081209C000000011860,00NTRF000000153166//180008
PAGO
:61:081209C000000000934,00NTRF000000153178//180008
PAGO
:61:081209C000000000950,00NTRF000000153193//180008
PAGO
:61:081209C000000001035,00NTRF000000152306//180008
PAGO
:61:081209C000000000400,00NTRF000000152316//180008
PAGO
:61:081209C000000000100,00NTRF000000152321//180008
PAGO
:61:081209C000000000400,00NTRF000000152330//180008
PAGO
:61:081209C000000000175,00NTRF000000152345//180008
PAGO
:62M:C081209VEF000058737859,33
-}{5:{CHK:1143FB20924B}}{S:{COP:S}}${1:F21VZCRVECAAXXX5410610696}{4:{177:0404021720}{451:0}}{1:F01VZCRVECAAXXX5410610696}{2:09501717040402VZCRVECAAXXX40812675430404021720N}{3:{108:SCONNECT}}{4:
:20:MI081209
:25:2222222222
:28C:0515/201
:60M:C081209VEF000058737859,33
:61:081209C000000007000,00NTRF000000152458//180008
PAGO
:61:081209C000000001000,00NTRF000000152463//180008
PAGO
:61:081209C000000002500,00NTRF000000152581//180008
PAGO
:61:081209C000000002500,00NTRF000000152588//180008
PAGO
:61:081209C000000000300,00NTRF000000152592//180008
PAGO
:61:081209C000000002000,00NTRF000000152594//180008
PAGO
:61:081209C000000000600,00NTRF000000152595//180008
PAGO
:61:081209C000000002500,00NTRF000000152680//180008
PAGO
:61:081209C000000000306,00NTRF000000151959//180008
PAGO
:62M:C081209VEF000058756565,33
-}{5:{CHK:1143FB20924B}}{S:{COP:S}}${1:F21VZCRVECAAXXX5410610696}{4:{177:0404021720}{451:0}}{1:F01VZCRVECAAXXX5410610696}{2:09501717040402VZCRVECAAXXX40812675430404021720N}{3:{108:SCONNECT}}{4:
:20:MI081209
:25:2222222222
:28C:0515/202
:60M:C081209VEF000058756565,33
:61:081209C000000000375,00NTRF000000151985//180008
PAGO
:61:081209C000000000150,00NTRF000000151996//180008
PAGO
:61:081209C000000000855,00NTRF000000152037//180008
PAGO
:61:081209C000000001000,00NTRF000000152110//180008
PAGO
:61:081209C000000000362,66NTRF000000152179//180008
PAGO
:61:081209C000000000290,00NTRF000000152185//180008
PAGO
:61:081209C000000005230,00NTRF000000152215//180008
PAGO
:61:081209C000000001500,00NTRF000000152226//180008
PAGO
:61:081209C000000000500,00NTRF000000152266//180008
PAGO
:62M:C081209VEF000058766827,99
-}{5:{CHK:1143FB20924B}}{S:{COP:S}}${1:F21VZCRVECAAXXX5410610696}{4:{177:0404021720}{451:0}}{1:F01VZCRVECAAXXX5410610696}{2:09501717040402VZCRVECAAXXX40812675430404021720N}{3:{108:SCONNECT}}{4:
:20:MI081209
:25:2222222222
:28C:0515/203
:60M:C081209VEF000058766827,99
:61:081209C000000001000,00NTRF000000152269//180008
PAGO
:61:081209C000000002393,33NTRF000000152276//180008
PAGO
:61:081209C000000000235,00NTRF000000152288//180008
PAGO
:61:081209C000000001500,00NTRF000000151541//180008
PAGO
:61:081209C000000001500,00NTRF000000151548//180008
PAGO
:61:081209C000000008000,00NTRF000000151681//180008
PAGO
:61:081209C000000001486,40NTRF000000151685//180008
PAGO
:61:081209C000000001000,00NTRF000000151690//180008
PAGO
:61:081209C000000002000,00NTRF000000151705//180008
PAGO
:62M:C081209VEF000058785942,72
-}{5:{CHK:1143FB20924B}}{S:{COP:S}}${1:F21VZCRVECAAXXX5410610696}{4:{177:0404021720}{451:0}}{1:F01VZCRVECAAXXX5410610696}{2:09501717040402VZCRVECAAXXX40812675430404021720N}{3:{108:SCONNECT}}{4:
:20:MI081209
:25:2222222222
:28C:0515/204
:60M:C081209VEF000058785942,72
:61:081209C000000011000,00NTRF000000151707//180008
PAGO
:61:081209C000000000220,00NTRF000000151745//180008
PAGO
:61:081209C000000000500,00NTRF000000151769//180008
PAGO
:61:081209C000000000887,00NTRF000000151793//180008
PAGO
:61:081209C000000001600,00NTRF000000151863//180008
PAGO
:61:081209C000000000500,00NTRF000000151885//180008
PAGO
:61:081209C000000000095,00NTRF000000151941//180008
PAGO
:61:081209C000000000670,00NTRF000000151125//180008
PAGO
:61:081209C000000000249,38NTRF000000151136//180008
PAGO
:62M:C081209VEF000058801664,10
-}{5:{CHK:1143FB20924B}}{S:{COP:S}}${1:F21VZCRVECAAXXX5410610696}{4:{177:0404021720}{451:0}}{1:F01VZCRVECAAXXX5410610696}{2:09501717040402VZCRVECAAXXX40812675430404021720N}{3:{108:SCONNECT}}{4:
:20:MI081209
:25:2222222222
:28C:0515/205
:60M:C081209VEF000058801664,10
:61:081209C000000003000,00NTRF000000151255//180008
PAGO
:61:081209C000000001000,00NTRF000000151259//180008
PAGO
:61:081209C000000000504,00NTRF000000151264//180008
PAGO
:61:081209C000000005000,00NTRF000000151314//180008
PAGO
:61:081209C000000002000,00NTRF000000151367//180008
PAGO
:61:081209C000000001300,00NTRF000000151376//180008
PAGO
:61:081209C000000000100,00NTRF000000151386//180008
PAGO
:61:081209C000000001000,00NTRF000000151421//180008
PAGO
:61:081209C000000002000,00NTRF000000151448//180008
PAGO
:62M:C081209VEF000058817568,10
-}{5:{CHK:1143FB20924B}}{S:{COP:S}}${1:F21VZCRVECAAXXX5410610696}{4:{177:0404021720}{451:0}}{1:F01VZCRVECAAXXX5410610696}{2:09501717040402VZCRVECAAXXX40812675430404021720N}{3:{108:SCONNECT}}{4:
:20:MI081209
:25:2222222222
:28C:0515/206
:60M:C081209VEF000058817568,10
:61:081209C000000000084,16NTRF000000151500//180008
PAGO
:61:081209C000000000071,79NTRF000000151508//180008
PAGO
:61:081209C000000009000,00NTRF000000150533//180008
PAGO
:61:081209C000000000072,00NTRF000000150546//180008
PAGO
:61:081209C000000005000,00NTRF000000150553//180008
PAGO
:61:081209C000000000106,00NTRF000000150561//180008
PAGO
:61:081209C000000004753,00NTRF000000150576//180008
PAGO
:61:081209C000000000800,00NTRF000000150611//180008
PAGO
:61:081209C000000000394,00NTRF000000150643//180008
PAGO
:62M:C081209VEF000058837849,05
-}{5:{CHK:1143FB20924B}}{S:{COP:S}}${1:F21VZCRVECAAXXX5410610696}{4:{177:0404021720}{451:0}}{1:F01VZCRVECAAXXX5410610696}{2:09501717040402VZCRVECAAXXX40812675430404021720N}{3:{108:SCONNECT}}{4:
:20:MI081209
:25:2222222222
:28C:0515/207
:60M:C081209VEF000058837849,05
:61:081209C000000004057,20NTRF000000150669//180008
PAGO
:61:081209C000000003000,00NTRF000000150768//180008
PAGO
:61:081209C000000017199,00NTRF000000150883//180008
PAGO
:61:081209C000000000900,00NTRF000000150975//180008
PAGO
:61:081209C000000001000,00NTRF000000151081//180008
PAGO
:61:081209C000000025000,00NTRF000000151089//180008
PAGO
:61:081209C000000000547,00NTRF000000150163//180008
PAGO
:61:081209C000000000033,74NTRF000000150180//180008
PAGO
:61:081209C000000000100,00NTRF000000150236//180008
PAGO
:62M:C081209VEF000058889685,99
-}{5:{CHK:1143FB20924B}}{S:{COP:S}}${1:F21VZCRVECAAXXX5410610696}{4:{177:0404021720}{451:0}}{1:F01VZCRVECAAXXX5410610696}{2:09501717040402VZCRVECAAXXX40812675430404021720N}{3:{108:SCONNECT}}{4:
:20:MI081209
:25:2222222222
:28C:0515/208
:60M:C081209VEF000058889685,99
:61:081209C000000000082,19NTRF000000150262//180008
PAGO
:61:081209C000000000300,00NTRF000000150271//180008
PAGO
:61:081209C000000000500,00NTRF000000150302//180008
PAGO
:61:081209C000000001100,00NTRF000000150340//180008
PAGO
:61:081209C000000002925,00NTRF000000150369//180008
PAGO
:61:081209C000000000127,00NTRF000000150379//180008
PAGO
:61:081209C000000008900,00NTRF000000150442//180008
PAGO
:61:081209C000000003000,00NTRF000000150485//180008
PAGO
:61:081209C000000000100,00NTRF000000150488//180008
PAGO
:62M:C081209VEF000058906720,18
-}{5:{CHK:1143FB20924B}}{S:{COP:S}}${1:F21VZCRVECAAXXX5410610696}{4:{177:0404021720}{451:0}}{1:F01VZCRVECAAXXX5410610696}{2:09501717040402VZCRVECAAXXX40812675430404021720N}{3:{108:SCONNECT}}{4:
:20:MI081209
:25:2222222222
:28C:0515/209
:60M:C081209VEF000058906720,18
:61:081209C000000004000,00NTRF000000150502//180008
PAGO
:61:081209C000000002000,00NTRF000000149764//180008
PAGO
:61:081209C000000001000,00NTRF000000149863//180008
PAGO
:61:081209C000000005000,00NTRF000000149031//180008
PAGO
:61:081209C000000025000,00NTRF000000149046//180008
PAGO
:61:081209C000000000350,00NTRF000000149080//180008
PAGO
:61:081209C000000000150,00NTRF000000149137//180008
PAGO
:61:081209C000000000269,75NTRF000000149250//180008
PAGO
:61:081209C000000003000,00NTRF000000148493//180008
PAGO
:62M:C081209VEF000058947489,93
-}{5:{CHK:1143FB20924B}}{S:{COP:S}}${1:F21VZCRVECAAXXX5410610696}{4:{177:0404021720}{451:0}}{1:F01VZCRVECAAXXX5410610696}{2:09501717040402VZCRVECAAXXX40812675430404021720N}{3:{108:SCONNECT}}{4:
:20:MI081209
:25:2222222222
:28C:0515/210
:60M:C081209VEF000058947489,93
:61:081209C000000000020,00NTRF000000148824//180008
PAGO
:61:081209C000000000225,00NTRF000000148969//180008
PAGO
:61:081209C000000000300,00NTRF000000147994//180008
PAGO
:61:081209C000000001500,00NTRF000000148093//180008
PAGO
:61:081209C000000000990,44NTRF000000148181//180008
PAGO
:61:081209C000000000400,00NTRF000000148225//180008
PAGO
:61:081209C000000000300,00NTRF000000148233//180008
PAGO
:61:081209C000000000400,00NTRF000000148234//180008
PAGO
:61:081209C000000001015,00NTRF000000147679//180008
PAGO
:62M:C081209VEF000058952640,37
-}{5:{CHK:1143FB20924B}}{S:{COP:S}}${1:F21VZCRVECAAXXX5410610696}{4:{177:0404021720}{451:0}}{1:F01VZCRVECAAXXX5410610696}{2:09501717040402VZCRVECAAXXX40812675430404021720N}{3:{108:SCONNECT}}{4:
:20:MI081209
:25:2222222222
:28C:0515/211
:60M:C081209VEF000058952640,37
:61:081209C000000013000,00NTRF000000147696//180008
PAGO
:61:081209C000000009000,00NTRF000000147752//180008
PAGO
:61:081209C000000000220,00NTRF000000147759//180008
PAGO
:61:081209C000000001760,00NTRF000000147783//180008
PAGO
:61:081209C000000010000,00NTRF000000147791//180008
PAGO
:61:081209C000000008000,00NTRF000000147827//180008
PAGO
:61:081209C000000000500,00NTRF000000147906//180008
PAGO
:61:081209C000000000050,00NTRF000000147275//180008
PAGO
:61:081209C000000000400,00NTRF000000147299//180008
PAGO
:62M:C081209VEF000058995570,37
-}{5:{CHK:1143FB20924B}}{S:{COP:S}}${1:F21VZCRVECAAXXX5410610696}{4:{177:0404021720}{451:0}}{1:F01VZCRVECAAXXX5410610696}{2:09501717040402VZCRVECAAXXX40812675430404021720N}{3:{108:SCONNECT}}{4:
:20:MI081209
:25:2222222222
:28C:0515/212
:60M:C081209VEF000058995570,37
:61:081209C000000002000,00NTRF000000147306//180008
PAGO
:61:081209C000000001270,00NTRF000000147414//180008
PAGO
:61:081209C000000000165,14NTRF000000147485//180008
PAGO
:61:081209C000000000150,00NTRF000000147543//180008
PAGO
:61:081209C000000000100,00NTRF000000147602//180008
PAGO
:61:081209C000000000250,00NTRF000000146601//180008
PAGO
:61:081209C000000000170,00NTRF000000146816//180008
PAGO
:61:081209C000000001800,00NTRF000000146853//180008
PAGO
:61:081209C000000000197,80NTRF000000146916//180008
PAGO
:62M:C081209VEF000059001673,31
-}{5:{CHK:1143FB20924B}}{S:{COP:S}}${1:F21VZCRVECAAXXX5410610696}{4:{177:0404021720}{451:0}}{1:F01VZCRVECAAXXX5410610696}{2:09501717040402VZCRVECAAXXX40812675430404021720N}{3:{108:SCONNECT}}{4:
:20:MI081209
:25:2222222222
:28C:0515/213
:60M:C081209VEF000059001673,31
:61:081209C000000002500,00NTRF000000146059//180008
PAGO
:61:081209C000000001000,00NTRF000000146112//180008
PAGO
:61:081209C000000005000,00NTRF000000146160//180008
PAGO
:61:081209C000000002782,00NTRF000000146189//180008
PAGO
:61:081209C000000000060,00NTRF000000146212//180008
PAGO
:61:081209C000000000400,00NTRF000000145294//180008
PAGO
:61:081209C000000002000,00NTRF000000145303//180008
PAGO
:61:081209C000000000700,00NTRF000000145338//180008
PAGO
:61:081209C000000021847,00NTRF000000145520//180008
PAGO
:62M:C081209VEF000059037962,31
-}{5:{CHK:1143FB20924B}}{S:{COP:S}}${1:F21VZCRVECAAXXX5410610696}{4:{177:0404021720}{451:0}}{1:F01VZCRVECAAXXX5410610696}{2:09501717040402VZCRVECAAXXX40812675430404021720N}{3:{108:SCONNECT}}{4:
:20:MI081209
:25:2222222222
:28C:0515/214
:60M:C081209VEF000059037962,31
:61:081209C000000000100,00NTRF000000145638//180008
PAGO
:61:081209C000000000200,00NTRF000000145744//180008
PAGO
:61:081209C000000000090,30NTRF000000145869//180008
PAGO
:61:081209C000000001000,00NTRF000000144980//180008
PAGO
:61:081209C000000001000,00NTRF000000144989//180008
PAGO
:61:081209C000000000400,00NTRF000000144995//180008
PAGO
:61:081209C000000000500,00NTRF000000145046//180008
PAGO
:61:081209C000000025000,00NTRF000000145092//180008
PAGO
:61:081209C000000000940,00NTRF000000145150//180008
PAGO
:62M:C081209VEF000059067192,61
-}{5:{CHK:1143FB20924B}}{S:{COP:S}}${1:F21VZCRVECAAXXX5410610696}{4:{177:0404021720}{451:0}}{1:F01VZCRVECAAXXX5410610696}{2:09501717040402VZCRVECAAXXX40812675430404021720N}{3:{108:SCONNECT}}{4:
:20:MI081209
:25:2222222222
:28C:0515/215
:60M:C081209VEF000059067192,61
:61:081209C000000001000,00NTRF000000145199//180008
PAGO
:61:081209C000000000500,00NTRF000000145204//180008
PAGO
:61:081209C000000004100,00NTRF000000144616//180008
PAGO
:61:081209C000000003000,00NTRF000000144640//180008
PAGO
:61:081209C000000001800,00NTRF000000144665//180008
PAGO
:61:081209C000000001600,00NTRF000000144698//180008
PAGO
:61:081209C000000010000,00NTRF000000143472//180008
PAGO
:61:081209C000000001500,00NTRF000000143571//180008
PAGO
:61:081209C000000001600,00NTRF000000143621//180008
PAGO
:62M:C081209VEF000059092292,61
-}{5:{CHK:1143FB20924B}}{S:{COP:S}}${1:F21VZCRVECAAXXX5410610696}{4:{177:0404021720}{451:0}}{1:F01VZCRVECAAXXX5410610696}{2:09501717040402VZCRVECAAXXX40812675430404021720N}{3:{108:SCONNECT}}{4:
:20:MI081209
:25:2222222222
:28C:0515/216
:60M:C081209VEF000059092292,61
:61:081209C000000002000,00NTRF000000143625//180008
PAGO
:61:081209C000000000360,00NTRF000000141860//180008
PAGO
:61:081209C000000000750,00NTRF000000141078//180008
PAGO
:61:081209C000000002000,00NTRF000000141095//180008
PAGO
:61:081209C000000000800,00NTRF000000141097//180008
PAGO
:61:081209C000000006750,00NTRF000000141101//180008
PAGO
:61:081209C000000005300,00NTRF000000141130//180008
PAGO
:61:081209C000000002500,00NTRF000000141160//180008
PAGO
:61:081209C000000000180,00NTRF000000141190//180008
PAGO
:62M:C081209VEF000059112932,61
-}{5:{CHK:1143FB20924B}}{S:{COP:S}}${1:F21VZCRVECAAXXX5410610696}{4:{177:0404021720}{451:0}}{1:F01VZCRVECAAXXX5410610696}{2:09501717040402VZCRVECAAXXX40812675430404021720N}{3:{108:SCONNECT}}{4:
:20:MI081209
:25:2222222222
:28C:0515/217
:60M:C081209VEF000059112932,61
:61:081209C000000000505,00NTRF000000141195//180008
PAGO
:61:081209C000000000200,00NTRF000000141207//180008
PAGO
:61:081209C000000000100,00NTRF000000141208//180008
PAGO
:61:081209C000000003000,00NTRF000000141215//180008
PAGO
:61:081209C000000000200,00NTRF000000141264//180008
PAGO
:61:081209C000000001000,00NTRF000000141374//180008
PAGO
:61:081209C000000002500,00NTRF000000140533//180008
PAGO
:61:081209C000000005000,00NTRF000000140538//180008
PAGO
:61:081209C000000000500,00NTRF000000140572//180008
PAGO
:62M:C081209VEF000059125937,61
-}{5:{CHK:1143FB20924B}}{S:{COP:S}}${1:F21VZCRVECAAXXX5410610696}{4:{177:0404021720}{451:0}}{1:F01VZCRVECAAXXX5410610696}{2:09501717040402VZCRVECAAXXX40812675430404021720N}{3:{108:SCONNECT}}{4:
:20:MI081209
:25:2222222222
:28C:0515/218
:60M:C081209VEF000059125937,61
:61:081209C000000001500,00NTRF000000140583//180008
PAGO
:61:081209C000000002000,00NTRF000000140596//180008
PAGO
:61:081209C000000001500,00NTRF000000140639//180008
PAGO
:61:081209C000000000600,00NTRF000000140673//180008
PAGO
:61:081209C000000000270,00NTRF000000140711//180008
PAGO
:61:081209C000000001000,00NTRF000000140820//180008
PAGO
:61:081209C000000002300,00NTRF000000140870//180008
PAGO
:61:081209C000000000470,00NTRF000000140955//180008
PAGO
:61:081209C000000000765,00NTRF000000140963//180008
PAGO
:62M:C081209VEF000059136342,61
-}{5:{CHK:1143FB20924B}}{S:{COP:S}}${1:F21VZCRVECAAXXX5410610696}{4:{177:0404021720}{451:0}}{1:F01VZCRVECAAXXX5410610696}{2:09501717040402VZCRVECAAXXX40812675430404021720N}{3:{108:SCONNECT}}{4:
:20:MI081209
:25:2222222222
:28C:0515/219
:60M:C081209VEF000059136342,61
:61:081209C000000000500,00NTRF000000140973//180008
PAGO
:61:081209C000000005000,00NTRF000000139904//180008
PAGO
:61:081209C000000000400,00NTRF000000140016//180008
PAGO
:61:081209C000000001000,00NTRF000000140203//180008
PAGO
:61:081209C000000000395,00NTRF000000140211//180008
PAGO
:61:081209C000000002000,00NTRF000000140254//180008
PAGO
:61:081209C000000005000,00NTRF000000140373//180008
PAGO
:61:081209C000000002000,00NTRF000000140406//180008
PAGO
:61:081209C000000010000,00NTRF000000140436//180008
PAGO
:62M:C081209VEF000059162637,61
-}{5:{CHK:1143FB20924B}}{S:{COP:S}}${1:F21VZCRVECAAXXX5410610696}{4:{177:0404021720}{451:0}}{1:F01VZCRVECAAXXX5410610696}{2:09501717040402VZCRVECAAXXX40812675430404021720N}{3:{108:SCONNECT}}{4:
:20:MI081209
:25:2222222222
:28C:0515/220
:60M:C081209VEF000059162637,61
:61:081209C000000004000,00NTRF000000140464//180008
PAGO
:61:081209C000000000700,00NTRF000000140501//180008
PAGO
:61:081209C000000001500,00NTRF000000140510//180008
PAGO
:61:081209C000000019000,00NTRF000000140529//180008
PAGO
:61:081209C000000001330,00NTRF000000140532//180008
PAGO
:61:081209C000000000900,00NTRF000000139281//180008
PAGO
:61:081209C000000025000,00NTRF000000139287//180008
PAGO
:61:081209C000000001500,00NTRF000000139318//180008
PAGO
:61:081209C000000002000,00NTRF000000139348//180008
PAGO
:62M:C081209VEF000059218567,61
-}{5:{CHK:1143FB20924B}}{S:{COP:S}}${1:F21VZCRVECAAXXX5410610696}{4:{177:0404021720}{451:0}}{1:F01VZCRVECAAXXX5410610696}{2:09501717040402VZCRVECAAXXX40812675430404021720N}{3:{108:SCONNECT}}{4:
:20:MI081209
:25:2222222222
:28C:0515/221
:60M:C081209VEF000059218567,61
:61:081209C000000002750,00NTRF000000139406//180008
PAGO
:61:081209C000000000600,00NTRF000000139417//180008
PAGO
:61:081209C000000000336,00NTRF000009122008//180008
PAGO
:61:081209C000000005310,00NTRF000009122008//180008
PAGO
:61:081209C000000000250,00NTRF000009122008//180008
PAGO
:61:081209C000000001000,00NTRF000009122008//180008
PAGO
:61:081209C000000000095,70NTRF000009122008//180008
PAGO
:61:081209C000000010836,00NTRF000009122008//180008
PAGO
:61:081209C000000000600,00NTRF000009122008//180008
PAGO
:62M:C081209VEF000059240345,31
-}{5:{CHK:1143FB20924B}}{S:{COP:S}}${1:F21VZCRVECAAXXX5410610696}{4:{177:0404021720}{451:0}}{1:F01VZCRVECAAXXX5410610696}{2:09501717040402VZCRVECAAXXX40812675430404021720N}{3:{108:SCONNECT}}{4:
:20:MI081209
:25:2222222222
:28C:0515/222
:60M:C081209VEF000059240345,31
:61:081209C000000000350,00NTRF000009122008//180008
PAGO
:61:081209C000000000210,00NTRF000009122008//180008
PAGO
:61:081209C000000001000,00NTRF000009122008//180008
PAGO
:61:081209C000000000700,00NTRF000009122008//180008
PAGO
:61:081209C000000004000,00NTRF000009122008//180008
PAGO
:61:081209C000000000200,00NTRF000009122008//180008
PAGO
:61:081209C000000004683,05NTRF000009122008//180008
PAGO
:61:081209C000000007000,00NTRF000009122008//180008
PAGO
:61:081209C000000000100,00NTRF000009122008//180008
PAGO
:62M:C081209VEF000059258588,36
-}{5:{CHK:1143FB20924B}}{S:{COP:S}}${1:F21VZCRVECAAXXX5410610696}{4:{177:0404021720}{451:0}}{1:F01VZCRVECAAXXX5410610696}{2:09501717040402VZCRVECAAXXX40812675430404021720N}{3:{108:SCONNECT}}{4:
:20:MI081209
:25:2222222222
:28C:0515/223
:60M:C081209VEF000059258588,36
:61:081209C000000002500,00NTRF000009122008//180008
PAGO
:61:081209C000000000780,00NTRF000009122008//180008
PAGO
:61:081209C000000000100,00NTRF000009122008//180008
PAGO
:61:081209C000000000200,00NTRF000009122008//180008
PAGO
:61:081209C000000000500,00NTRF000009122008//180008
PAGO
:61:081209C000000000280,00NTRF000009122008//180008
PAGO
:61:081209C000000000500,00NTRF000009122008//180008
PAGO
:61:081209C000000000153,65NTRF000009122008//180008
PAGO
:61:081209C000000000077,52NTRF000009122008//180008
PAGO
:62M:C081209VEF000059263679,53
-}{5:{CHK:1143FB20924B}}{S:{COP:S}}${1:F21VZCRVECAAXXX5410610696}{4:{177:0404021720}{451:0}}{1:F01VZCRVECAAXXX5410610696}{2:09501717040402VZCRVECAAXXX40812675430404021720N}{3:{108:SCONNECT}}{4:
:20:MI081209
:25:2222222222
:28C:0515/224
:60M:C081209VEF000059263679,53
:61:081209C000000000150,00NTRF000009122008//180008
PAGO
:61:081209C000000000500,00NTRF000009122008//180008
PAGO
:61:081209C000000000250,00NTRF000009122008//180008
PAGO
:61:081209C000000000200,00NTRF000009122008//180008
PAGO
:61:081209C000000000200,00NTRF000009122008//180008
PAGO
:61:081209C000000003000,00NTRF000009122008//180008
PAGO
:61:081209C000000001000,00NTRF000009122008//180008
PAGO
:61:081209C000000000250,00NTRF000009122008//180008
PAGO
:61:081209C000000001000,00NTRF000009122008//180008
PAGO
:62M:C081209VEF000059270229,53
-}{5:{CHK:1143FB20924B}}{S:{COP:S}}${1:F21VZCRVECAAXXX5410610696}{4:{177:0404021720}{451:0}}{1:F01VZCRVECAAXXX5410610696}{2:09501717040402VZCRVECAAXXX40812675430404021720N}{3:{108:SCONNECT}}{4:
:20:MI081209
:25:2222222222
:28C:0515/225
:60M:C081209VEF000059270229,53
:61:081209C000000001000,00NTRF000009122008//180008
PAGO
:61:081209C000000000200,00NTRF000009122008//180008
PAGO
:61:081209C000000000500,00NTRF000009122008//180008
PAGO
:61:081209C000000002000,00NTRF000009122008//180008
PAGO
:61:081209C000000001000,00NTRF000009122008//180008
PAGO
:61:081209C000000000400,00NTRF000009122008//180008
PAGO
:61:081209C000000000400,00NTRF000009122008//180008
PAGO
:61:081209C000000000500,00NTRF000009122008//180008
PAGO
:61:081209C000000001500,00NTRF000009122008//180008
PAGO
:62M:C081209VEF000059277729,53
-}{5:{CHK:1143FB20924B}}{S:{COP:S}}${1:F21VZCRVECAAXXX5410610696}{4:{177:0404021720}{451:0}}{1:F01VZCRVECAAXXX5410610696}{2:09501717040402VZCRVECAAXXX40812675430404021720N}{3:{108:SCONNECT}}{4:
:20:MI081209
:25:2222222222
:28C:0515/226
:60M:C081209VEF000059277729,53
:61:081209C000000000350,00NTRF000009122008//180008
PAGO
:61:081209C000000000080,00NTRF000009122008//180008
PAGO
:61:081209C000000000068,00NTRF000009122008//180008
PAGO
:61:081209C000000000160,00NTRF000009122008//180008
PAGO
:61:081209C000000001950,00NTRF000009122008//180008
PAGO
:61:081209C000000000300,00NTRF000009122008//180008
PAGO
:61:081209C000000000500,00NTRF000009122008//180008
PAGO
:61:081209C000000000760,00NTRF000009122008//180008
PAGO
:61:081209C000000000359,00NTRF000009122008//180008
PAGO
:62M:C081209VEF000059282256,53
-}{5:{CHK:1143FB20924B}}{S:{COP:S}}${1:F21VZCRVECAAXXX5410610696}{4:{177:0404021720}{451:0}}{1:F01VZCRVECAAXXX5410610696}{2:09501717040402VZCRVECAAXXX40812675430404021720N}{3:{108:SCONNECT}}{4:
:20:MI081209
:25:2222222222
:28C:0515/227
:60M:C081209VEF000059282256,53
:61:081209C000000000700,00NTRF000009122008//180008
PAGO
:61:081209C000000000010,00NTRF000009122008//180008
PAGO
:61:081209C000000001385,00NTRF000009122008//180008
PAGO
:61:081209C000000001200,00NTRF000009122008//180008
PAGO
:61:081209C000000006000,00NTRF000009122008//180008
PAGO
:61:081209C000000000125,00NTRF000009122008//180008
PAGO
:61:081209C000000000232,93NTRF000009122008//180008
PAGO
:61:081209C000000000100,00NTRF000009122008//180008
PAGO
:61:081209C000000000060,00NTRF000009122008//180008
PAGO
:62M:C081209VEF000059292069,46
-}{5:{CHK:1143FB20924B}}{S:{COP:S}}${1:F21VZCRVECAAXXX5410610696}{4:{177:0404021720}{451:0}}{1:F01VZCRVECAAXXX5410610696}{2:09501717040402VZCRVECAAXXX40812675430404021720N}{3:{108:SCONNECT}}{4:
:20:MI081209
:25:2222222222
:28C:0515/228
:60M:C081209VEF000059292069,46
:61:081209C000000000500,00NTRF000009122008//180008
PAGO
:61:081209C000000005000,00NTRF000009122008//180008
PAGO
:61:081209C000000000150,00NTRF000009122008//180008
PAGO
:61:081209C000000001091,35NTRF000009122008//180008
PAGO
:61:081209C000000000400,00NTRF000009122008//180008
PAGO
:61:081209C000000000200,00NTRF000088723396//180008
PAGO
:61:081209C000000000302,18NTRF000059612809//180008
PAGO
:61:081209C000000000427,00NTRF000051624701//180008
PAGO
:61:081209C000000002000,00NTRF000099546389//180008
PAGO
:62M:C081209VEF000059302139,99
-}{5:{CHK:1143FB20924B}}{S:{COP:S}}${1:F21VZCRVECAAXXX5410610696}{4:{177:0404021720}{451:0}}{1:F01VZCRVECAAXXX5410610696}{2:09501717040402VZCRVECAAXXX40812675430404021720N}{3:{108:SCONNECT}}{4:
:20:MI081209
:25:2222222222
:28C:0515/229
:60M:C081209VEF000059302139,99
:61:081209C000000000200,00NTRF000045944324//180008
PAGO
:61:081209C000000003000,00NTRF000046493729//180008
PAGO
:61:081209C000000002500,00NTRF000019988402//180008
PAGO
:61:081209C000000000654,00NTRF000098463514//180008
PAGO
:61:081209C000000000700,00NTRF000040985381//180008
PAGO
:61:081209C000000000368,50NTRF000060076905//180008
PAGO
:61:081209C000000000220,00NTRF000075713262//180008
PAGO
:61:081209C000000003000,00NTRF000044596615//180008
PAGO
:61:081209C000000002800,00NTRF000078647737//180008
PAGO
:62M:C081209VEF000059315582,49
-}{5:{CHK:1143FB20924B}}{S:{COP:S}}${1:F21VZCRVECAAXXX5410610696}{4:{177:0404021720}{451:0}}{1:F01VZCRVECAAXXX5410610696}{2:09501717040402VZCRVECAAXXX40812675430404021720N}{3:{108:SCONNECT}}{4:
:20:MI081209
:25:2222222222
:28C:0515/230
:60M:C081209VEF000059315582,49
:61:081209C000000003478,77NTRF000017081539//180008
PAGO
:61:081209C000000002000,00NTRF000044502436//180008
PAGO
:61:081209C000000002700,00NTRF000004574399//180008
PAGO
:61:081209C000000000200,00NTRF000000000000//180008
PAGO
:61:081209C000000000337,00NTRF000008122008//180008
PAGO
:61:081209C000000000100,00NTRF000005049736//180008
PAGO
:61:081209C000000000100,00NTRF000002873492//180008
PAGO
:61:081209C000000000200,00NTRF000000161683//180008
PAGO
:61:081209C000000001500,00NTRF000000162206//180008
PAGO
:62M:C081209VEF000059326198,26
-}{5:{CHK:1143FB20924B}}{S:{COP:S}}${1:F21VZCRVECAAXXX5410610696}{4:{177:0404021720}{451:0}}{1:F01VZCRVECAAXXX5410610696}{2:09501717040402VZCRVECAAXXX40812675430404021720N}{3:{108:SCONNECT}}{4:
:20:MI081209
:25:2222222222
:28C:0515/231
:60M:C081209VEF000059326198,26
:61:081209C000000000110,89NTRF000000162628//180008
PAGO
:61:081209C000000001100,00NTRF000022904842//180008
PAGO
:61:081209C000000000140,00NTRF000022859972//180008
PAGO
:61:081209C000000000050,00NTRF000022881165//180008
PAGO
:61:081209C000000003200,00NTRF000022976521//180008
PAGO
:61:081209C000000000300,00NTRF000022975142//180008
PAGO
:61:081209C000000001100,00NTRF000000000000//180008
PAGO
:61:081209C000000000100,00NTRF000000000000//180008
PAGO
:61:081209C000000132713,85NTRF000035579418//180008
PAGO
:62M:C081209VEF000059465013,00
-}{5:{CHK:1143FB20924B}}{S:{COP:S}}${1:F21VZCRVECAAXXX5410610696}{4:{177:0404021720}{451:0}}{1:F01VZCRVECAAXXX5410610696}{2:09501717040402VZCRVECAAXXX40812675430404021720N}{3:{108:SCONNECT}}{4:
:20:MI081209
:25:2222222222
:28C:0515/232
:60M:C081209VEF000059465013,00
:61:081209C000000037622,98NTRF000035579431//180008
PAGO
:61:081209C000000018329,01NTRF000035579436//180008
PAGO
:61:081209C000000005000,00NTRF000000000000//180008
PAGO
:61:081209C000000005000,00NTRF000000000000//180008
PAGO
:61:081209C000000000500,00NTRF000000000000//180008
PAGO
:61:081209C000000002000,00NTRF000000000000//180008
PAGO
:61:081209C000000005000,00NTRF000000000000//180008
PAGO
:61:081209C000000001000,00NTRF000000000000//180008
PAGO
:61:081209C000000003500,00NTRF000000000000//180008
PAGO
:62M:C081209VEF000059542964,99
-}{5:{CHK:1143FB20924B}}{S:{COP:S}}${1:F21VZCRVECAAXXX5410610696}{4:{177:0404021720}{451:0}}{1:F01VZCRVECAAXXX5410610696}{2:09501717040402VZCRVECAAXXX40812675430404021720N}{3:{108:SCONNECT}}{4:
:20:MI081209
:25:2222222222
:28C:0515/233
:60M:C081209VEF000059542964,99
:61:081209C000000000150,00NTRF000000000000//180008
PAGO
:61:081209C000000000450,00NTRF000051220084//180008
PAGO
:61:081209C000000002950,00NTRF000000000000//180008
PAGO
:61:081209C000000005000,00NTRF000000000002//180008
PAGO
:61:081209C000000005000,00NTRF000000000000//180008
PAGO
:61:081209C000000000700,00NTRF000000000000//180008
PAGO
:61:081209C000000000100,00NTRF000000000001//180008
PAGO
:61:081209C000000001650,00NTRF000000000000//180008
PAGO
:61:081209C000000002035,00NTRF000000000000//180008
PAGO
:62M:C081209VEF000059560999,99
-}{5:{CHK:1143FB20924B}}{S:{COP:S}}${1:F21VZCRVECAAXXX5410610696}{4:{177:0404021720}{451:0}}{1:F01VZCRVECAAXXX5410610696}{2:09501717040402VZCRVECAAXXX40812675430404021720N}{3:{108:SCONNECT}}{4:
:20:MI081209
:25:2222222222
:28C:0515/234
:60M:C081209VEF000059560999,99
:61:081209C000000002000,00NTRF000000000000//180008
PAGO
:61:081209C000000005000,00NTRF000000000000//180008
PAGO
:61:081209C000000000800,00NTRF000008120601//180008
PAGO
:61:081209C000000001425,00NTRF000000000000//180008
PAGO
:61:081209C000000000400,00NTRF000000000000//180008
PAGO
:61:081209C000000000500,00NTRF000000000000//180008
PAGO
:61:081209C000000006184,08NTRF000036088397//180008
PAGO
:61:081209C000000289891,98NTRF000036088628//180008
PAGO
:61:081209C000000001166,67NTRF000000000000//180008
PAGO
:62M:C081209VEF000059868367,72
-}{5:{CHK:1143FB20924B}}{S:{COP:S}}${1:F21VZCRVECAAXXX5410610696}{4:{177:0404021720}{451:0}}{1:F01VZCRVECAAXXX5410610696}{2:09501717040402VZCRVECAAXXX40812675430404021720N}{3:{108:SCONNECT}}{4:
:20:MI081209
:25:2222222222
:28C:0515/235
:60M:C081209VEF000059868367,72
:61:081209C000000005000,00NTRF000000000000//180008
PAGO
:61:081209C000000000179,85NTRF000027073523//180008
PAGO
:61:081209C000000000100,00NTRF000027073151//180008
PAGO
:61:081209C000000000319,70NTRF000081643914//180008
PAGO
:61:081209C000000008828,94NTRF000081621175//180008
PAGO
:61:081209C000000005050,00NTRF000081623636//180008
PAGO
:61:081209C000000010947,13NTRF000081626086//180008
PAGO
:61:081209C000000003578,75NTRF000081613254//180008
PAGO
:61:081209C000000000064,66NTRF000081613313//180008
PAGO
:62M:C081209VEF000059902436,75
-}{5:{CHK:1143FB20924B}}{S:{COP:S}}${1:F21VZCRVECAAXXX5410610696}{4:{177:0404021720}{451:0}}{1:F01VZCRVECAAXXX5410610696}{2:09501717040402VZCRVECAAXXX40812675430404021720N}{3:{108:SCONNECT}}{4:
:20:MI081209
:25:2222222222
:28C:0515/236
:60M:C081209VEF000059902436,75
:61:081209C000000005183,04NTRF000081613814//180008
PAGO
:61:081209C000000012316,56NTRF000081614993//180008
PAGO
:61:081209C000000002150,45NTRF000081615531//180008
PAGO
:61:081209C000000002546,35NTRF000081619370//180008
PAGO
:61:081209C000000000549,46NTRF000081619871//180008
PAGO
:61:081209C000000004990,54NTRF000081626123//180008
PAGO
:61:081209C000000007350,91NTRF000081626322//180008
PAGO
:61:081209C000000007694,31NTRF000081628002//180008
PAGO
:61:081209C000000011879,48NTRF000081628304//180008
PAGO
:62M:C081209VEF000059957097,85
-}{5:{CHK:1143FB20924B}}{S:{COP:S}}${1:F21VZCRVECAAXXX5410610696}{4:{177:0404021720}{451:0}}{1:F01VZCRVECAAXXX5410610696}{2:09501717040402VZCRVECAAXXX40812675430404021720N}{3:{108:SCONNECT}}{4:
:20:MI081209
:25:2222222222
:28C:0515/237
:60M:C081209VEF000059957097,85
:61:081209C000000085564,84NTRF000081631701//180008
PAGO
:61:081209C000000005790,18NTRF000081634103//180008
PAGO
:61:081209C000000001361,50NTRF000081634346//180008
PAGO
:61:081209C000000000310,77NTRF000081635525//180008
PAGO
:61:081209C000000001673,17NTRF000081635562//180008
PAGO
:61:081209C000000002586,45NTRF000081635606//180008
PAGO
:61:081209C000000002726,80NTRF000081635621//180008
PAGO
:61:081209C000000003786,44NTRF000081635886//180008
PAGO
:61:081209C000000000231,10NTRF000081637603//180008
PAGO
:62M:C081209VEF000060061129,10
-}{5:{CHK:1143FB20924B}}{S:{COP:S}}${1:F21VZCRVECAAXXX5410610696}{4:{177:0404021720}{451:0}}{1:F01VZCRVECAAXXX5410610696}{2:09501717040402VZCRVECAAXXX40812675430404021720N}{3:{108:SCONNECT}}{4:
:20:MI081209
:25:2222222222
:28C:0515/238
:60M:C081209VEF000060061129,10
:61:081209C000000674504,85NTRF000081615936//180008
PAGO
:61:081209C000000021690,28NTRF000081615995//180008
PAGO
:61:081209C000000000886,00NTRF000081616452//180008
PAGO
:61:081209C000000000178,94NTRF000081618051//180008
PAGO
:61:081209C000000195861,62NTRF000081618095//180008
PAGO
:61:081209C000000001752,34NTRF000081618176//180008
PAGO
:61:081209C000000000459,87NTRF000081618272//180008
PAGO
:61:081209C000000195000,00NTRF000081618670//180008
PAGO
:61:081209C000000002000,00NTRF000081620836//180008
PAGO
:62M:C081209VEF000061153463,00
-}{5:{CHK:1143FB20924B}}{S:{COP:S}}${1:F21VZCRVECAAXXX5410610696}{4:{177:0404021720}{451:0}}{1:F01VZCRVECAAXXX5410610696}{2:09501717040402VZCRVECAAXXX40812675430404021720N}{3:{108:SCONNECT}}{4:
:20:MI081209
:25:2222222222
:28C:0515/239
:60M:C081209VEF000061153463,00
:61:081209C000000004000,00NTRF000081620910//180008
PAGO
:61:081209C000000048247,66NTRF000081619031//180008
PAGO
:61:081209C000000000319,70NTRF000081643903//180008
PAGO
:61:081209C000000000319,69NTRF000081642374//180008
PAGO
:61:081209C000000000250,00NTRF000081640506//180008
PAGO
:61:081209C000000000319,70NTRF000081643170//180008
PAGO
:61:081209C000000006951,96NTRF000081638395//180008
PAGO
:61:081209C000000007683,00NTRF000027048423//180008
PAGO
:61:081209C000000038006,49NTRF000027044778//180008
PAGO
:62M:C081209VEF000061259561,20
-}{5:{CHK:1143FB20924B}}{S:{COP:S}}${1:F21VZCRVECAAXXX5410610696}{4:{177:0404021720}{451:0}}{1:F01VZCRVECAAXXX5410610696}{2:09501717040402VZCRVECAAXXX40812675430404021720N}{3:{108:SCONNECT}}{4:
:20:MI081209
:25:2222222222
:28C:0515/240
:60M:C081209VEF000061259561,20
:61:081209C000000006714,76NTRF000000238406//180008
PAGO
:61:081209C000000014035,86NTRF000000238770//180008
PAGO
:61:081209C000000002650,00NTRF000027049631//180008
PAGO
:61:081209C000000019896,91NTRF000000003864//180008
PAGO
:61:081209C000000010454,37NTRF000000003928//180008
PAGO
:61:081209C000000090431,02NTRF000000003924//180008
PAGO
:61:081209C000000000636,59NTRF000000030769//180008
PAGO
:61:081209C000000002270,29NTRF000000030856//180008
PAGO
:61:081209C000000002045,00NTRF000000030827//180008
PAGO
:62M:C081209VEF000061408696,00
-}{5:{CHK:1143FB20924B}}{S:{COP:S}}${1:F21VZCRVECAAXXX5410610696}{4:{177:0404021720}{451:0}}{1:F01VZCRVECAAXXX5410610696}{2:09501717040402VZCRVECAAXXX40812675430404021720N}{3:{108:SCONNECT}}{4:
:20:MI081209
:25:2222222222
:28C:0515/241
:60M:C081209VEF000061408696,00
:61:081209C000000001845,41NTRF000000030747//180008
PAGO
:61:081209C000000015000,00NTRF000027044506//180008
PAGO
:61:081209C000000000330,46NTRF000027051106//180008
PAGO
:61:081209C000000000500,00NTRF000027063089//180008
PAGO
:61:081209C000000001250,00NTRF000027062761//180008
PAGO
:61:081209C000000001445,20NTRF000027050697//180008
PAGO
:61:081209C000000003004,24NTRF000027065043//180008
PAGO
:61:081209C000000000250,00NTRF000027063660//180008
PAGO
:61:081209C000000000250,00NTRF000027063691//180008
PAGO
:62M:C081209VEF000061432571,31
-}{5:{CHK:1143FB20924B}}{S:{COP:S}}${1:F21VZCRVECAAXXX5410610696}{4:{177:0404021720}{451:0}}{1:F01VZCRVECAAXXX5410610696}{2:09501717040402VZCRVECAAXXX40812675430404021720N}{3:{108:SCONNECT}}{4:
:20:MI081209
:25:2222222222
:28C:0515/242
:60M:C081209VEF000061432571,31
:61:081209C000000001800,00NTRF000027053348//180008
PAGO
:61:081209C000000002543,73NTRF000000000001//180008
PAGO
:61:081209C000000032124,11NTRF000000000001//180008
PAGO
:61:081209C000000005618,72NTRF000000000001//180008
PAGO
:61:081209C000000000682,00NTRF000027060802//180008
PAGO
:61:081209C000000014371,59NTRF000027045573//180008
PAGO
:61:081209C000000002100,00NTRF000020114328//180008
PAGO
:61:081209C000000004772,38NTRF000027067666//180008
PAGO
:61:081209C000000002000,00NTRF000027067418//180008
PAGO
:62M:C081209VEF000061498583,84
-}{5:{CHK:1143FB20924B}}{S:{COP:S}}${1:F21VZCRVECAAXXX5410610696}{4:{177:0404021720}{451:0}}{1:F01VZCRVECAAXXX5410610696}{2:09501717040402VZCRVECAAXXX40812675430404021720N}{3:{108:SCONNECT}}{4:
:20:MI081209
:25:2222222222
:28C:0515/243
:60M:C081209VEF000061498583,84
:61:081209C000000000850,00NTRF000027069318//180008
PAGO
:61:081209C000000000200,00NTRF000027070585//180008
PAGO
:61:081209C000000000300,00NTRF000027071336//180008
PAGO
:61:081209C000000000346,75NTRF000027067110//180008
PAGO
:61:081209C000000000200,00NTRF000027069127//180008
PAGO
:61:081209C000000000670,00NTRF000027068293//180008
PAGO
:61:081209C000000000450,00NTRF000027066453//180008
PAGO
:61:081209C000000000350,00NTRF000027063365//180008
PAGO
:61:081209C000000005471,00NTRF000027063009//180008
PAGO
:62M:C081209VEF000061507421,59
-}{5:{CHK:1143FB20924B}}{S:{COP:S}}${1:F21VZCRVECAAXXX5410610696}{4:{177:0404021720}{451:0}}{1:F01VZCRVECAAXXX5410610696}{2:09501717040402VZCRVECAAXXX40812675430404021720N}{3:{108:SCONNECT}}{4:
:20:MI081209
:25:2222222222
:28C:0515/244
:60M:C081209VEF000061507421,59
:61:081209C000000000100,00NTRF000027061163//180008
PAGO
:61:081209C000000000500,00NTRF000027060157//180008
PAGO
:61:081209C000000000220,00NTRF000027061589//180008
PAGO
:61:081209C000000000440,00NTRF000027062088//180008
PAGO
:61:081209C000000000500,00NTRF000027062973//180008
PAGO
:61:081209C000000000600,00NTRF000027066195//180008
PAGO
:61:081209C000000003411,85NTRF000027048136//180008
PAGO
:61:081209C000000001500,00NTRF000027050045//180008
PAGO
:61:081209C000000000786,00NTRF000027046405//180008
PAGO
:62M:C081209VEF000061515479,44
-}{5:{CHK:1143FB20924B}}{S:{COP:S}}${1:F21VZCRVECAAXXX5410610696}{4:{177:0404021720}{451:0}}{1:F01VZCRVECAAXXX5410610696}{2:09501717040402VZCRVECAAXXX40812675430404021720N}{3:{108:SCONNECT}}{4:
:20:MI081209
:25:2222222222
:28C:0515/245
:60M:C081209VEF000061515479,44
:61:081209C000000000500,00NTRF000027044001//180008
PAGO
:61:081209C000000000150,00NTRF000027052483//180008
PAGO
:61:081209C000000000320,00NTRF000027053954//180008
PAGO
:61:081209C000000001000,00NTRF000027047261//180008
PAGO
:61:081209C000000000380,00NTRF000027052429//180008
PAGO
:61:081209C000000005000,00NTRF000027058110//180008
PAGO
:61:081209C000000004000,00NTRF000027057272//180008
PAGO
:61:081209C000000000220,00NTRF000027056516//180008
PAGO
:61:081209C000000005000,00NTRF000081568616//180008
PAGO
:62M:C081209VEF000061532049,44
-}{5:{CHK:1143FB20924B}}{S:{COP:S}}${1:F21VZCRVECAAXXX5410610696}{4:{177:0404021720}{451:0}}{1:F01VZCRVECAAXXX5410610696}{2:09501717040402VZCRVECAAXXX40812675430404021720N}{3:{108:SCONNECT}}{4:
:20:MI081209
:25:2222222222
:28C:0515/246
:60M:C081209VEF000061532049,44
:61:081209C000000001800,00NTRF000081579234//180008
PAGO
:61:081209C000000000050,00NTRF000081578490//180008
PAGO
:61:081209C000000004000,00NTRF000081569994//180008
PAGO
:61:081209C000000000300,00NTRF000081582200//180008
PAGO
:61:081209C000000002100,00NTRF000081555762//180008
PAGO
:61:081209C000000002000,00NTRF000081558363//180008
PAGO
:61:081209C000000005000,00NTRF000081565632//180008
PAGO
:61:081209C000000000860,00NTRF000081604051//180008
PAGO
:61:081209C000000001598,00NTRF000081604515//180008
PAGO
:62M:C081209VEF000061549757,44
-}{5:{CHK:1143FB20924B}}{S:{COP:S}}${1:F21VZCRVECAAXXX5410610696}{4:{177:0404021720}{451:0}}{1:F01VZCRVECAAXXX5410610696}{2:09501717040402VZCRVECAAXXX40812675430404021720N}{3:{108:SCONNECT}}{4:
:20:MI081209
:25:2222222222
:28C:0515/247
:60M:C081209VEF000061549757,44
:61:081209C000000005000,00NTRF000081605532//180008
PAGO
:61:081209C000000001180,00NTRF000081604412//180008
PAGO
:61:081209C000000001840,00NTRF000081584974//180008
PAGO
:61:081209C000000000150,00NTRF000081557652//180008
PAGO
:61:081209C000000000450,00NTRF000081559321//180008
PAGO
:61:081209C000000007000,00NTRF000081605786//180008
PAGO
:61:081209C000000001900,00NTRF000081554826//180008
PAGO
:61:081209C000000003000,00NTRF000081608881//180008
PAGO
:61:081209C000000000350,00NTRF000081561351//180008
PAGO
:62M:C081209VEF000061570627,44
-}{5:{CHK:1143FB20924B}}{S:{COP:S}}${1:F21VZCRVECAAXXX5410610696}{4:{177:0404021720}{451:0}}{1:F01VZCRVECAAXXX5410610696}{2:09501717040402VZCRVECAAXXX40812675430404021720N}{3:{108:SCONNECT}}{4:
:20:MI081209
:25:2222222222
:28C:0515/248
:60M:C081209VEF000061570627,44
:61:081209C000000002920,00NTRF000081560920//180008
PAGO
:61:081209C000000000150,00NTRF000081561071//180008
PAGO
:61:081209C000000002000,00NTRF000081571932//180008
PAGO
:61:081209C000000001500,00NTRF000081562714//180008
PAGO
:61:081209C000000000878,00NTRF000081609640//180008
PAGO
:61:081209C000000008529,25NTRF000081550733//180008
PAGO
:61:081209C000000004500,00NTRF000081550954//180008
PAGO
:61:081209C000000004675,23NTRF000081555740//180008
PAGO
:61:081209C000000001500,00NTRF000081583062//180008
PAGO
:62M:C081209VEF000061597279,92
-}{5:{CHK:1143FB20924B}}{S:{COP:S}}${1:F21VZCRVECAAXXX5410610696}{4:{177:0404021720}{451:0}}{1:F01VZCRVECAAXXX5410610696}{2:09501717040402VZCRVECAAXXX40812675430404021720N}{3:{108:SCONNECT}}{4:
:20:MI081209
:25:2222222222
:28C:0515/249
:60M:C081209VEF000061597279,92
:61:081209C000000002000,00NTRF000081578910//180008
PAGO
:61:081209C000000000900,00NTRF000081564313//180008
PAGO
:61:081209C000000003000,00NTRF000081578324//180008
PAGO
:61:081209C000000000300,00NTRF000081563742//180008
PAGO
:61:081209C000000005000,00NTRF000081580774//180008
PAGO
:61:081209C000000000763,00NTRF000081556031//180008
PAGO
:61:081209C000000000105,05NTRF000081611563//180008
PAGO
:61:081209C000000002500,00NTRF000081602640//180008
PAGO
:61:081209C000000000200,00NTRF000081603340//180008
PAGO
:62M:C081209VEF000061612047,97
-}{5:{CHK:1143FB20924B}}{S:{COP:S}}${1:F21VZCRVECAAXXX5410610696}{4:{177:0404021720}{451:0}}{1:F01VZCRVECAAXXX5410610696}{2:09501717040402VZCRVECAAXXX40812675430404021720N}{3:{108:SCONNECT}}{4:
:20:MI081209
:25:2222222222
:28C:0515/250
:60M:C081209VEF000061612047,97
:61:081209C000000000105,00NTRF000081603045//180008
PAGO
:61:081209C000000015000,00NTRF000081548191//180008
PAGO
:61:081209C000000001000,00NTRF000081592022//180008
PAGO
:61:081209C000000001000,00NTRF000081575782//180008
PAGO
:61:081209C000000000500,00NTRF000081603830//180008
PAGO
:61:081209C000000004000,00NTRF000081607002//180008
PAGO
:61:081209C000000001600,00NTRF000081542801//180008
PAGO
:61:081209C000000000370,00NTRF000081550173//180008
PAGO
:61:081209C000000000650,00NTRF000081550405//180008
PAGO
:62M:C081209VEF000061636272,97
-}{5:{CHK:1143FB20924B}}{S:{COP:S}}${1:F21VZCRVECAAXXX5410610696}{4:{177:0404021720}{451:0}}{1:F01VZCRVECAAXXX5410610696}{2:09501717040402VZCRVECAAXXX40812675430404021720N}{3:{108:SCONNECT}}{4:
:20:MI081209
:25:2222222222
:28C:0515/251
:60M:C081209VEF000061636272,97
:61:081209C000000000100,00NTRF000081563543//180008
PAGO
:61:081209C000000003600,00NTRF000081587914//180008
PAGO
:61:081209C000000000300,00NTRF000081597876//180008
PAGO
:61:081209C000000002000,00NTRF000081587424//180008
PAGO
:61:081209C000000001600,00NTRF000081591661//180008
PAGO
:61:081209C000000005000,00NTRF000081595496//180008
PAGO
:61:081209C000000000400,40NTRF000081548821//180008
PAGO
:61:081209C000000001100,00NTRF000081548692//180008
PAGO
:61:081209C000000000080,00NTRF000081594052//180008
PAGO
:62M:C081209VEF000061650453,37
-}{5:{CHK:1143FB20924B}}{S:{COP:S}}${1:F21VZCRVECAAXXX5410610696}{4:{177:0404021720}{451:0}}{1:F01VZCRVECAAXXX5410610696}{2:09501717040402VZCRVECAAXXX40812675430404021720N}{3:{108:SCONNECT}}{4:
:20:MI081209
:25:2222222222
:28C:0515/252
:60M:C081209VEF000061650453,37
:61:081209C000000001300,00NTRF000081601833//180008
PAGO
:61:081209C000000000200,00NTRF000081593831//180008
PAGO
:61:081209C000000003500,00NTRF000081590246//180008
PAGO
:61:081209C000000004000,00NTRF000081596734//180008
PAGO
:61:081209C000000005000,00NTRF000081590456//180008
PAGO
:61:081209C000000000600,00NTRF000081586956//180008
PAGO
:61:081209C000000004000,00NTRF000081549580//180008
PAGO
:61:081209C000000000280,00NTRF000081602791//180008
PAGO
:61:081209C000000000370,00NTRF000081602894//180008
PAGO
:62M:C081209VEF000061669703,37
-}{5:{CHK:1143FB20924B}}{S:{COP:S}}${1:F21VZCRVECAAXXX5410610696}{4:{177:0404021720}{451:0}}{1:F01VZCRVECAAXXX5410610696}{2:09501717040402VZCRVECAAXXX40812675430404021720N}{3:{108:SCONNECT}}{4:
:20:MI081209
:25:2222222222
:28C:0515/253
:60M:C081209VEF000061669703,37
:61:081209C000000005000,00NTRF000081603071//180008
PAGO
:61:081209C000000001200,00NTRF000081611600//180008
PAGO
:61:081209C000000000400,00NTRF000081611246//180008
PAGO
:61:081209C000000001000,00NTRF000081550663//180008
PAGO
:61:081209C000000000020,00NTRF000081557011//180008
PAGO
:61:081209C000000000400,00NTRF000081551260//180008
PAGO
:61:081209C000000001217,00NTRF000081611596//180008
PAGO
:61:081209C000000000500,00NTRF000081562386//180008
PAGO
:61:081209C000000000250,00NTRF000081568782//180008
PAGO
:62M:C081209VEF000061679690,37
-}{5:{CHK:1143FB20924B}}{S:{COP:S}}${1:F21VZCRVECAAXXX5410610696}{4:{177:0404021720}{451:0}}{1:F01VZCRVECAAXXX5410610696}{2:09501717040402VZCRVECAAXXX40812675430404021720N}{3:{108:SCONNECT}}{4:
:20:MI081209
:25:2222222222
:28C:0515/254
:60M:C081209VEF000061679690,37
:61:081209C000000000650,00NTRF000009122008//180008
PAGO
:61:081209C000000000200,00NTRF000009122008//180008
PAGO
:61:081209C000000000235,00NTRF000009122008//180008
PAGO
:61:081209C000000000180,00NTRF000009122008//180008
PAGO
:61:081209C000000000056,00NTRF000009122008//180008
PAGO
:61:081209C000000000800,00NTRF000009122008//180008
PAGO
:61:081209C000000001000,00NTRF000009122008//180008
PAGO
:61:081209C000000000383,18NTRF000009122008//180008
PAGO
:61:081209C000000000125,00NTRF000009122008//180008
PAGO
:62M:C081209VEF000061683319,55
-}{5:{CHK:1143FB20924B}}{S:{COP:S}}${1:F21VZCRVECAAXXX5410610696}{4:{177:0404021720}{451:0}}{1:F01VZCRVECAAXXX5410610696}{2:09501717040402VZCRVECAAXXX40812675430404021720N}{3:{108:SCONNECT}}{4:
:20:MI081209
:25:2222222222
:28C:0515/255
:60M:C081209VEF000061683319,55
:61:081209C000000005000,00NTRF000009122008//180008
PAGO
:61:081209C000000000500,00NTRF000009122008//180008
PAGO
:61:081209C000000001000,00NTRF000009122008//180008
PAGO
:61:081209C000000000050,00NTRF000009122008//180008
PAGO
:61:081209C000000000400,00NTRF000009122008//180008
PAGO
:61:081209C000000000207,38NTRF000009122008//180008
PAGO
:61:081209C000000003000,00NTRF000009122008//180008
PAGO
:61:081209C000000000100,00NTRF000009122008//180008
PAGO
:61:081209C000000000150,00NTRF000009122008//180008
PAGO
:62M:C081209VEF000061693726,93
-}{5:{CHK:1143FB20924B}}{S:{COP:S}}${1:F21VZCRVECAAXXX5410610696}{4:{177:0404021720}{451:0}}{1:F01VZCRVECAAXXX5410610696}{2:09501717040402VZCRVECAAXXX40812675430404021720N}{3:{108:SCONNECT}}{4:
:20:MI081209
:25:2222222222
:28C:0515/256
:60M:C081209VEF000061693726,93
:61:081209C000000001500,00NTRF000009122008//180008
PAGO
:61:081209C000000000250,00NTRF000009122008//180008
PAGO
:61:081209C000000000200,00NTRF000009122008//180008
PAGO
:61:081209C000000001500,00NTRF000009122008//180008
PAGO
:61:081209C000000000285,26NTRF000009122008//180008
PAGO
:61:081209C000000000500,00NTRF000009122008//180008
PAGO
:61:081209C000000000533,00NTRF000009122008//180008
PAGO
:61:081209C000000000100,00NTRF000009122008//180008
PAGO
:61:081209C000000000440,00NTRF000000128929//180008
PAGO
:62M:C081209VEF000061699035,19
-}{5:{CHK:1143FB20924B}}{S:{COP:S}}${1:F21VZCRVECAAXXX5410610696}{4:{177:0404021720}{451:0}}{1:F01VZCRVECAAXXX5410610696}{2:09501717040402VZCRVECAAXXX40812675430404021720N}{3:{108:SCONNECT}}{4:
:20:MI081209
:25:2222222222
:28C:0515/257
:60M:C081209VEF000061699035,19
:61:081209C000000000728,00NTRF000000128329//180008
PAGO
:61:081209C000000000500,00NTRF000000128330//180008
PAGO
:61:081209C000000001500,00NTRF000000128348//180008
PAGO
:61:081209C000000001500,00NTRF000000128357//180008
PAGO
:61:081209C000000002130,00NTRF000000128380//180008
PAGO
:61:081209C000000001900,00NTRF000000128452//180008
PAGO
:61:081209C000000000500,00NTRF000000132869//180008
PAGO
:61:081209C000000000500,00NTRF000000132894//180008
PAGO
:61:081209C000000002500,00NTRF000000132897//180008
PAGO
:62M:C081209VEF000061710793,19
-}{5:{CHK:1143FB20924B}}{S:{COP:S}}${1:F21VZCRVECAAXXX5410610696}{4:{177:0404021720}{451:0}}{1:F01VZCRVECAAXXX5410610696}{2:09501717040402VZCRVECAAXXX40812675430404021720N}{3:{108:SCONNECT}}{4:
:20:MI081209
:25:2222222222
:28C:0515/258
:60M:C081209VEF000061710793,19
:61:081209C000000002000,00NTRF000000132956//180008
PAGO
:61:081209C000000001100,00NTRF000000131926//180008
PAGO
:61:081209C000000000500,00NTRF000000131954//180008
PAGO
:61:081209C000000002000,00NTRF000000131970//180008
PAGO
:61:081209C000000006135,00NTRF000002447144//180008
PAGO
:61:081209C000000002434,62NTRF000002447192//180008
PAGO
:61:081209C000000002286,98NTRF000002447193//180008
PAGO
:61:081209C000000005212,83NTRF000002447194//180008
PAGO
:61:081209C000000029670,89NTRF000002447195//180008
PAGO
:62M:C081209VEF000061762133,51
-}{5:{CHK:1143FB20924B}}{S:{COP:S}}${1:F21VZCRVECAAXXX5410610696}{4:{177:0404021720}{451:0}}{1:F01VZCRVECAAXXX5410610696}{2:09501717040402VZCRVECAAXXX40812675430404021720N}{3:{108:SCONNECT}}{4:
:20:MI081209
:25:2222222222
:28C:0515/259
:60M:C081209VEF000061762133,51
:61:081209C000000000450,00NTRF000002447277//180008
PAGO
:61:081209C000000013123,60NTRF000002447287//180008
PAGO
:61:081209C000000000500,00NTRF000000132233//180008
PAGO
:61:081209C000000002000,00NTRF000000132258//180008
PAGO
:61:081209C000000003600,00NTRF000000132298//180008
PAGO
:61:081209C000000000800,00NTRF000000131353//180008
PAGO
:61:081209C000000002000,00NTRF000000131390//180008
PAGO
:61:081209C000000000450,00NTRF000000131451//180008
PAGO
:61:081209C000000000900,00NTRF000000131490//180008
PAGO
:62M:C081209VEF000061785957,11
-}{5:{CHK:1143FB20924B}}{S:{COP:S}}${1:F21VZCRVECAAXXX5410610696}{4:{177:0404021720}{451:0}}{1:F01VZCRVECAAXXX5410610696}{2:09501717040402VZCRVECAAXXX40812675430404021720N}{3:{108:SCONNECT}}{4:
:20:MI081209
:25:2222222222
:28C:0515/260
:60M:C081209VEF000061785957,11
:61:081209C000000001672,00NTRF000000131493//180008
PAGO
:61:081209C000000001009,00NTRF000000131500//180008
PAGO
:61:081209C000000006000,00NTRF000000131511//180008
PAGO
:61:081209C000000000310,00NTRF000000389035//180008
PAGO
:61:081209C000000006947,50NTRF000000388914//180008
PAGO
:61:081209C000000003256,55NTRF000000388877//180008
PAGO
:61:081209C000000000600,00NTRF000000388700//180008
PAGO
:61:081209C000000000460,00NTRF000000388448//180008
PAGO
:61:081209C000000000460,00NTRF000000388453//180008
PAGO
:62M:C081209VEF000061806672,16
-}{5:{CHK:1143FB20924B}}{S:{COP:S}}${1:F21VZCRVECAAXXX5410610696}{4:{177:0404021720}{451:0}}{1:F01VZCRVECAAXXX5410610696}{2:09501717040402VZCRVECAAXXX40812675430404021720N}{3:{108:SCONNECT}}{4:
:20:MI081209
:25:2222222222
:28C:0515/261
:60M:C081209VEF000061806672,16
:61:081209C000000000200,00NTRF000000388457//180008
PAGO
:61:081209C000000000460,00NTRF000000388444//180008
PAGO
:61:081209C000000000460,00NTRF000000388445//180008
PAGO
:61:081209C000000000300,00NTRF000000388426//180008
PAGO
:61:081209C000000002518,41NTRF000000388280//180008
PAGO
:61:081209C000000000436,73NTRF000000000962//180008
PAGO
:61:081209C000000000300,00NTRF000000389006//180008
PAGO
:61:081209C000000001760,00NTRF000000389207//180008
PAGO
:61:081209C000000005353,72NTRF000000391906//180008
PAGO
:62M:C081209VEF000061818461,02
-}{5:{CHK:1143FB20924B}}{S:{COP:S}}${1:F21VZCRVECAAXXX5410610696}{4:{177:0404021720}{451:0}}{1:F01VZCRVECAAXXX5410610696}{2:09501717040402VZCRVECAAXXX40812675430404021720N}{3:{108:SCONNECT}}{4:
:20:MI081209
:25:2222222222
:28C:0515/262
:60M:C081209VEF000061818461,02
:61:081209C000000000970,00NTRF000000391878//180008
PAGO
:61:081209C000000004000,00NTRF000000391848//180008
PAGO
:61:081209C000000001500,00NTRF000000392150//180008
PAGO
:61:081209C000000000750,00NTRF000000390359//180008
PAGO
:61:081209C000000000300,00NTRF000000390350//180008
PAGO
:61:081209C000000001400,00NTRF000000389560//180008
PAGO
:61:081209C000000000410,00NTRF000000390279//180008
PAGO
:61:081209C000000000240,00NTRF000000390240//180008
PAGO
:61:081209C000000002000,00NTRF000000390170//180008
PAGO
:62M:C081209VEF000061830031,02
-}{5:{CHK:1143FB20924B}}{S:{COP:S}}${1:F21VZCRVECAAXXX5410610696}{4:{177:0404021720}{451:0}}{1:F01VZCRVECAAXXX5410610696}{2:09501717040402VZCRVECAAXXX40812675430404021720N}{3:{108:SCONNECT}}{4:
:20:MI081209
:25:2222222222
:28C:0515/263
:60M:C081209VEF000061830031,02
:61:081209C000000005960,00NTRF000000390064//180008
PAGO
:61:081209C000000002000,00NTRF000000389820//180008
PAGO
:61:081209C000000002500,00NTRF000000389699//180008
PAGO
:61:081209C000000012500,00NTRF000000389675//180008
PAGO
:61:081209C000000000050,00NTRF000000389637//180008
PAGO
:61:081209C000000000300,00NTRF000000389624//180008
PAGO
:61:081209C000000005000,00NTRF000000389475//180008
PAGO
:61:081209C000000001000,00NTRF000000389430//180008
PAGO
:61:081209C000000000200,00NTRF000000389375//180008
PAGO
:62M:C081209VEF000061859541,02
-}{5:{CHK:1143FB20924B}}{S:{COP:S}}${1:F21VZCRVECAAXXX5410610696}{4:{177:0404021720}{451:0}}{1:F01VZCRVECAAXXX5410610696}{2:09501717040402VZCRVECAAXXX40812675430404021720N}{3:{108:SCONNECT}}{4:
:20:MI081209
:25:2222222222
:28C:0515/264
:60M:C081209VEF000061859541,02
:61:081209C000000000900,00NTRF000000389386//180008
PAGO
:61:081209C000000000900,00NTRF000000390433//180008
PAGO
:61:081209C000000000060,00NTRF000000391622//180008
PAGO
:61:081209C000000005128,18NTRF000000391490//180008
PAGO
:61:081209C000000000888,10NTRF000000391304//180008
PAGO
:61:081209C000000003010,00NTRF000000391440//180008
PAGO
:61:081209C000000001200,00NTRF000000391253//180008
PAGO
:61:081209C000000026832,00NTRF000000391075//180008
PAGO
:61:081209C000000012000,00NTRF000000390912//180008
PAGO
:62M:C081209VEF000061910459,30
-}{5:{CHK:1143FB20924B}}{S:{COP:S}}${1:F21VZCRVECAAXXX5410610696}{4:{177:0404021720}{451:0}}{1:F01VZCRVECAAXXX5410610696}{2:09501717040402VZCRVECAAXXX40812675430404021720N}{3:{108:SCONNECT}}{4:
:20:MI081209
:25:2222222222
:28C:0515/265
:60M:C081209VEF000061910459,30
:61:081209C000000013603,20NTRF000000390627//180008
PAGO
:61:081209C000000000535,00NTRF000000391416//180008
PAGO
:61:081209C000000003000,00NTRF000000391615//180008
PAGO
:61:081209C000000001300,00NTRF000000271660//180008
PAGO
:61:081209C000000000100,00NTRF000000271179//180008
PAGO
:61:081209C000000000100,20NTRF000000271702//180008
PAGO
:61:081209C000000001000,00NTRF000000272306//180008
PAGO
:61:081209C000000009000,00NTRF000000000000//180008
PAGO
:61:081209C000000005795,00NTRF000000000000//180008
PAGO
:62M:C081209VEF000061944892,70
-}{5:{CHK:1143FB20924B}}{S:{COP:S}}${1:F21VZCRVECAAXXX5410610696}{4:{177:0404021720}{451:0}}{1:F01VZCRVECAAXXX5410610696}{2:09501717040402VZCRVECAAXXX40812675430404021720N}{3:{108:SCONNECT}}{4:
:20:MI081209
:25:2222222222
:28C:0515/266
:60M:C081209VEF000061944892,70
:61:081209C000000013000,00NTRF000000000000//180008
PAGO
:61:081209C000000011005,00NTRF000000000000//180008
PAGO
:61:081209C000000008500,00NTRF000000000000//180008
PAGO
:61:081209C000000000244,00NTRF000000000000//180008
PAGO
:61:081209C000000012700,00NTRF000000000000//180008
PAGO
:61:081209C000000000850,00NTRF000081776855//180008
PAGO
:61:081209C000000003000,00NTRF000081805113//180008
PAGO
:61:081209C000000000400,00NTRF000081653552//180008
PAGO
:61:081209C000000000300,00NTRF000081773565//180008
PAGO
:62M:C081209VEF000061994891,70
-}{5:{CHK:1143FB20924B}}{S:{COP:S}}${1:F21VZCRVECAAXXX5410610696}{4:{177:0404021720}{451:0}}{1:F01VZCRVECAAXXX5410610696}{2:09501717040402VZCRVECAAXXX40812675430404021720N}{3:{108:SCONNECT}}{4:
:20:MI081209
:25:2222222222
:28C:0515/267
:60M:C081209VEF000061994891,70
:61:081209C000000002000,00NTRF000081660095//180008
PAGO
:61:081209C000000001400,00NTRF000081678936//180008
PAGO
:61:081209C000000000500,00NTRF000081684632//180008
PAGO
:61:081209C000000000300,00NTRF000081705131//180008
PAGO
:61:081209C000000000300,00NTRF000081722141//180008
PAGO
:61:081209C000000000280,00NTRF000081733164//180008
PAGO
:61:081209C000000000120,00NTRF000081737191//180008
PAGO
:61:081209C000000000201,00NTRF000081699380//180008
PAGO
:61:081209C000000000600,00NTRF000081679813//180008
PAGO
:62M:C081209VEF000062000592,70
-}{5:{CHK:1143FB20924B}}{S:{COP:S}}${1:F21VZCRVECAAXXX5410610696}{4:{177:0404021720}{451:0}}{1:F01VZCRVECAAXXX5410610696}{2:09501717040402VZCRVECAAXXX40812675430404021720N}{3:{108:SCONNECT}}{4:
:20:MI081209
:25:2222222222
:28C:0515/268
:60M:C081209VEF000062000592,70
:61:081209C000000000200,00NTRF000081662560//180008
PAGO
:61:081209C000000001000,00NTRF000081656702//180008
PAGO
:61:081209C000000000860,00NTRF000081758880//180008
PAGO
:61:081209C000000007308,00NTRF000081756345//180008
PAGO
:61:081209C000000000150,00NTRF000081738996//180008
PAGO
:61:081209C000000013000,00NTRF000000372923//180008
PAGO
:61:081209C000000005333,33NTRF000000372856//180008
PAGO
:61:081209C000000000650,00NTRF000054429672//180008
PAGO
:61:081209C000000000600,00NTRF000054428744//180008
PAGO
:62M:C081209VEF000062029694,03
-}{5:{CHK:1143FB20924B}}{S:{COP:S}}${1:F21VZCRVECAAXXX5410610696}{4:{177:0404021720}{451:0}}{1:F01VZCRVECAAXXX5410610696}{2:09501717040402VZCRVECAAXXX40812675430404021720N}{3:{108:SCONNECT}}{4:
:20:MI081209
:25:2222222222
:28C:0515/269
:60M:C081209VEF000062029694,03
:61:081209C000000002000,00NTRF000054140320//180008
PAGO
:61:081209C000000000500,00NTRF000054302838//180008
PAGO
:61:081209C000000000350,00NTRF000054433968//180008
PAGO
:61:081209C000000000440,00NTRF000054433788//180008
PAGO
:61:081209C000000000100,00NTRF000054286490//180008
PAGO
:61:081209C000000000850,00NTRF000054282906//180008
PAGO
:61:081209C000000000300,00NTRF000054281007//180008
PAGO
:61:081209C000000000225,00NTRF000054115876//180008
PAGO
:61:081209C000000006000,00NTRF000054448050//180008
PAGO
:62M:C081209VEF000062040459,03
-}{5:{CHK:1143FB20924B}}{S:{COP:S}}${1:F21VZCRVECAAXXX5410610696}{4:{177:0404021720}{451:0}}{1:F01VZCRVECAAXXX5410610696}{2:09501717040402VZCRVECAAXXX40812675430404021720N}{3:{108:SCONNECT}}{4:
:20:MI081209
:25:2222222222
:28C:0515/270
:60M:C081209VEF000062040459,03
:61:081209C000000001500,00NTRF000054287431//180008
PAGO
:61:081209C000000004000,00NTRF000054248574//180008
PAGO
:61:081209C000000000590,00NTRF000054190482//180008
PAGO
:61:081209C000000000150,00NTRF000054195466//180008
PAGO
:61:081209C000000000280,00NTRF000054261782//180008
PAGO
:61:081209C000000003000,00NTRF000054180932//180008
PAGO
:61:081209C000000001350,00NTRF000054261624//180008
PAGO
:61:081209C000000000600,00NTRF000054150540//180008
PAGO
:61:081209C000000000270,00NTRF000054384314//180008
PAGO
:62M:C081209VEF000062052199,03
-}{5:{CHK:1143FB20924B}}{S:{COP:S}}${1:F21VZCRVECAAXXX5410610696}{4:{177:0404021720}{451:0}}{1:F01VZCRVECAAXXX5410610696}{2:09501717040402VZCRVECAAXXX40812675430404021720N}{3:{108:SCONNECT}}{4:
:20:MI081209
:25:2222222222
:28C:0515/271
:60M:C081209VEF000062052199,03
:61:081209C000000000200,00NTRF000054356236//180008
PAGO
:61:081209C000000002000,00NTRF000054361506//180008
PAGO
:61:081209C000000000170,00NTRF000054382978//180008
PAGO
:61:081209C000000000780,89NTRF000054388959//180008
PAGO
:61:081209C000000001500,00NTRF000054336242//180008
PAGO
:61:081209C000000001000,00NTRF000054483331//180008
PAGO
:61:081209C000000001000,00NTRF000054460916//180008
PAGO
:61:081209C000000000175,00NTRF000054316336//180008
PAGO
:61:081209C000000001000,00NTRF000005120783//180008
PAGO
:62M:C081209VEF000062060024,92
-}{5:{CHK:1143FB20924B}}{S:{COP:S}}${1:F21VZCRVECAAXXX5410610696}{4:{177:0404021720}{451:0}}{1:F01VZCRVECAAXXX5410610696}{2:09501717040402VZCRVECAAXXX40812675430404021720N}{3:{108:SCONNECT}}{4:
:20:MI081209
:25:2222222222
:28C:0515/272
:60M:C081209VEF000062060024,92
:61:081209C000000000185,00NTRF000054308688//180008
PAGO
:61:081209C000000000105,87NTRF000054522852//180008
PAGO
:61:081209C000000001909,50NTRF000000443176//180008
PAGO
:61:081209C000000000220,00NTRF000054506978//180008
PAGO
:61:081209C000000000250,00NTRF000054505855//180008
PAGO
:61:081209C000000005000,00NTRF000054496864//180008
PAGO
:61:081209C000000000800,00NTRF000054495593//180008
PAGO
:61:081209C000000000300,00NTRF000054332180//180008
PAGO
:61:081209C000000000400,00NTRF000054159026//180008
PAGO
:62M:C081209VEF000062069195,29
-}{5:{CHK:1143FB20924B}}{S:{COP:S}}${1:F21VZCRVECAAXXX5410610696}{4:{177:0404021720}{451:0}}{1:F01VZCRVECAAXXX5410610696}{2:09501717040402VZCRVECAAXXX40812675430404021720N}{3:{108:SCONNECT}}{4:
:20:MI081209
:25:2222222222
:28C:0515/273
:60M:C081209VEF000062069195,29
:61:081209C000000003000,00NTRF000000002621//180008
PAGO
:61:081209C000000001467,00NTRF000000002622//180008
PAGO
:61:081209C000000003000,00NTRF000000002555//180008
PAGO
:61:081209C000000000500,00NTRF000000002477//180008
PAGO
:61:081209C000000000928,49NTRF000000002554//180008
PAGO
:61:081209C000000003000,00NTRF000000002600//180008
PAGO
:61:081209C000000003000,00NTRF000000002373//180008
PAGO
:61:081209C000000000800,00NTRF000000001957//180008
PAGO
:61:081209C000000121872,38NTRF000000001922//180008
PAGO
:62M:C081209VEF000062206763,16
-}{5:{CHK:1143FB20924B}}{S:{COP:S}}${1:F21VZCRVECAAXXX5410610696}{4:{177:0404021720}{451:0}}{1:F01VZCRVECAAXXX5410610696}{2:09501717040402VZCRVECAAXXX40812675430404021720N}{3:{108:SCONNECT}}{4:
:20:MI081209
:25:2222222222
:28C:0515/274
:60M:C081209VEF000062206763,16
:61:081209C000000050000,00NTRF000000002751//180008
PAGO
:61:081209C000000000600,00NTRF000000002739//180008
PAGO
:61:081209C000000000734,38NTRF000000002281//180008
PAGO
:61:081209C000000000300,00NTRF000000002222//180008
PAGO
:61:081209C000000000200,00NTRF000000002223//180008
PAGO
:61:081209C000000000150,00NTRF000000002181//180008
PAGO
:61:081209C000000000113,00NTRF000000002097//180008
PAGO
:61:081209C000000000300,00NTRF000000002027//180008
PAGO
:61:081209C000000001000,00NTRF000000002010//180008
PAGO
:62M:C081209VEF000062260160,54
-}{5:{CHK:1143FB20924B}}{S:{COP:S}}${1:F21VZCRVECAAXXX5410610696}{4:{177:0404021720}{451:0}}{1:F01VZCRVECAAXXX5410610696}{2:09501717040402VZCRVECAAXXX40812675430404021720N}{3:{108:SCONNECT}}{4:
:20:MI081209
:25:2222222222
:28C:0515/275
:60M:C081209VEF000062260160,54
:61:081209C000000000550,00NTRF000000002011//180008
PAGO
:61:081209C000000000300,00NTRF000000002015//180008
PAGO
:61:081209C000000001820,00NTRF000000001927//180008
PAGO
:61:081209C000000002699,40NTRF000000001903//180008
PAGO
:61:081209C000000033884,15NTRF000000001827//180008
PAGO
:61:081209C000000006600,50NTRF000000002655//180008
PAGO
:61:081209C000000000500,00NTRF000000835509//180008
PAGO
:61:081209C000000002400,00NTRF000081753416//180008
PAGO
:61:081209C000000000218,00NTRF000081753630//180008
PAGO
:62M:C081209VEF000062309132,59
-}{5:{CHK:1143FB20924B}}{S:{COP:S}}${1:F21VZCRVECAAXXX5410610696}{4:{177:0404021720}{451:0}}{1:F01VZCRVECAAXXX5410610696}{2:09501717040402VZCRVECAAXXX40812675430404021720N}{3:{108:SCONNECT}}{4:
:20:MI081209
:25:2222222222
:28C:0515/276
:60M:C081209VEF000062309132,59
:61:081209C000000000080,00NTRF000081753685//180008
PAGO
:61:081209C000000000586,68NTRF000081753781//180008
PAGO
:61:081209D000062309799,27NTRF000020081209//180008
N/D
:62F:C081209VEF000000000000,00
-}{5:{CHK:96FA6004455F}}{S:{COP:S}}
