{1:F21VZCRVECAAXXX5410610696}{4:{177:0404021720}{451:0}}{1:F01VZCRVECAAXXX5410610696}{2:09501717040402VZCRVECAAXXX40812675430404021720N}{3:{108:SCONNECT}}{4:
:20:MI081210
:25:2222222222
:28C:0516/001
:60F:C081210VEF000000000000,00
:62M:C081210VEF000000000000,00
-}{5:{CHK:1143FB20924B}}{S:{COP:S}}${1:F21VZCRVECAAXXX5410610696}{4:{177:0404021720}{451:0}}{1:F01VZCRVECAAXXX5410610696}{2:09501717040402VZCRVECAAXXX40812675430404021720N}{3:{108:SCONNECT}}{4:
:20:MI081210
:25:2222222222
:28C:0516/002
:60M:C081210VEF000000000000,00
:61:081210C000000050000,00NTRF000027169967//180008
PAGO
:61:081210C000000004950,00NTRF000027170279//180008
PAGO
:61:081210C000000001000,00NTRF000027153422//180008
PAGO
:61:081210C000000000686,00NTRF000027158817//180008
PAGO
:61:081210C000000009564,75NTRF000027159058//180008
PAGO
:61:081210C000000002168,00NTRF000027168722//180008
PAGO
:61:081210C000000000800,00NTRF000027167977//180008
PAGO
:61:081210C000000000300,00NTRF000027166109//180008
PAGO
:61:081210C000000001500,00NTRF000027165691//180008
PAGO
:62M:C081210VEF000000070968,75
-}{5:{CHK:1143FB20924B}}{S:{COP:S}}${1:F21VZCRVECAAXXX5410610696}{4:{177:0404021720}{451:0}}{1:F01VZCRVECAAXXX5410610696}{2:09501717040402VZCRVECAAXXX40812675430404021720N}{3:{108:SCONNECT}}{4:
:20:MI081210
:25:2222222222
:28C:0516/003
:60M:C081210VEF000000070968,75
:61:081210C000000003870,00NTRF000027170796//180008
PAGO
:61:081210C000000000080,00NTRF000027171883//180008
PAGO
:61:081210C000000000050,00NTRF000027167665//180008
PAGO
:61:081210C000000000500,00NTRF000027169289//180008
PAGO
:61:081210C000000002116,00NTRF000027169350//180008
PAGO
:61:081210C000000098728,65NTRF000000002322//180008
PAGO
:61:081210C000000010481,36NTRF000000002321//180008
PAGO
:61:081210C000000175267,05NTRF000000002320//180008
PAGO
:61:081210C000000001540,00NTRF000000108345//180008
PAGO
:62M:C081210VEF000000363601,81
-}{5:{CHK:1143FB20924B}}{S:{COP:S}}${1:F21VZCRVECAAXXX5410610696}{4:{177:0404021720}{451:0}}{1:F01VZCRVECAAXXX5410610696}{2:09501717040402VZCRVECAAXXX40812675430404021720N}{3:{108:SCONNECT}}{4:
:20:MI081210
:25:2222222222
:28C:0516/004
:60M:C081210VEF000000363601,81
:61:081210C000000000480,00NTRF000027157655//180008
PAGO
:61:081210C000000000500,00NTRF000027156558//180008
PAGO
:61:081210C000000000110,00NTRF000027161264//180008
PAGO
:61:081210C000000007462,78NTRF000027160469//180008
PAGO
:61:081210C000000003827,00NTRF000027157972//180008
PAGO
:61:081210C000000011000,00NTRF000027158120//180008
PAGO
:61:081210C000000001000,00NTRF000027153153//180008
PAGO
:61:081210C000000000478,00NTRF000027154264//180008
PAGO
:61:081210C000000002310,00NTRF000027164498//180008
PAGO
:62M:C081210VEF000000390769,59
-}{5:{CHK:1143FB20924B}}{S:{COP:S}}${1:F21VZCRVECAAXXX5410610696}{4:{177:0404021720}{451:0}}{1:F01VZCRVECAAXXX5410610696}{2:09501717040402VZCRVECAAXXX40812675430404021720N}{3:{108:SCONNECT}}{4:
:20:MI081210
:25:2222222222
:28C:0516/005
:60M:C081210VEF000000390769,59
:61:081210C000000000165,00NTRF000027160156//180008
PAGO
:61:081210C000000000606,00NTRF000027159466//180008
PAGO
:61:081210C000000002000,00NTRF000027159354//180008
PAGO
:61:081210C000000008047,59NTRF000002448020//180008
PAGO
:61:081210C000000003000,00NTRF000000160434//180008
PAGO
:61:081210C000000004625,00NTRF000000160436//180008
PAGO
:61:081210C000000002300,00NTRF000000160454//180008
PAGO
:61:081210C000000000100,00NTRF000000160470//180008
PAGO
:61:081210C000000000380,00NTRF000000160498//180008
PAGO
:62M:C081210VEF000000411993,18
-}{5:{CHK:1143FB20924B}}{S:{COP:S}}${1:F21VZCRVECAAXXX5410610696}{4:{177:0404021720}{451:0}}{1:F01VZCRVECAAXXX5410610696}{2:09501717040402VZCRVECAAXXX40812675430404021720N}{3:{108:SCONNECT}}{4:
:20:MI081210
:25:2222222222
:28C:0516/006
:60M:C081210VEF000000411993,18
:61:081210C000000000600,00NTRF000000160547//180008
PAGO
:61:081210C000000000600,00NTRF000000160606//180008
PAGO
:61:081210C000000005000,00NTRF000000160643//180008
PAGO
:61:081210C000000000079,90NTRF000000160662//180008
PAGO
:61:081210C000000000250,00NTRF000000160674//180008
PAGO
:61:081210C000000001000,00NTRF000027174520//180008
PAGO
:61:081210C000000000700,00NTRF000027176688//180008
PAGO
:61:081210C000000000500,00NTRF000027173786//180008
PAGO
:61:081210C000000001400,15NTRF000027173776//180008
PAGO
:62M:C081210VEF000000422123,23
-}{5:{CHK:1143FB20924B}}{S:{COP:S}}${1:F21VZCRVECAAXXX5410610696}{4:{177:0404021720}{451:0}}{1:F01VZCRVECAAXXX5410610696}{2:09501717040402VZCRVECAAXXX40812675430404021720N}{3:{108:SCONNECT}}{4:
:20:MI081210
:25:2222222222
:28C:0516/007
:60M:C081210VEF000000422123,23
:61:081210C000000005000,00NTRF000027177215//180008
PAGO
:61:081210C000000000486,04NTRF000027173923//180008
PAGO
:61:081210C000000018545,00NTRF000000002305//180008
PAGO
:61:081210C000000030938,54NTRF000000001956//180008
PAGO
:61:081210C000000001799,98NTRF000000001794//180008
PAGO
:61:081210C000000000176,99NTRF000000001751//180008
PAGO
:61:081210C000000003995,00NTRF000000002304//180008
PAGO
:61:081210C000000004956,22NTRF000000000055//180008
PAGO
:61:081210C000000002091,71NTRF000000000034//180008
PAGO
:62M:C081210VEF000000490112,71
-}{5:{CHK:1143FB20924B}}{S:{COP:S}}${1:F21VZCRVECAAXXX5410610696}{4:{177:0404021720}{451:0}}{1:F01VZCRVECAAXXX5410610696}{2:09501717040402VZCRVECAAXXX40812675430404021720N}{3:{108:SCONNECT}}{4:
:20:MI081210
:25:2222222222
:28C:0516/008
:60M:C081210VEF000000490112,71
:61:081210C000000005882,65NTRF000000000062//180008
PAGO
:61:081210C000000000271,63NTRF000000000047//180008
PAGO
:61:081210C000000004531,83NTRF000000000035//180008
PAGO
:61:081210C000000003839,12NTRF000000000064//180008
PAGO
:61:081210C000000000100,00NTRF000075500961//180008
PAGO
:61:081210C000000000100,00NTRF000075500820//180008
PAGO
:61:081210C000000000100,00NTRF000075500816//180008
PAGO
:61:081210C000000000200,00NTRF000075500209//180008
PAGO
:61:081210C000000000300,00NTRF000075500894//180008
PAGO
:62M:C081210VEF000000505437,94
-}{5:{CHK:1143FB20924B}}{S:{COP:S}}${1:F21VZCRVECAAXXX5410610696}{4:{177:0404021720}{451:0}}{1:F01VZCRVECAAXXX5410610696}{2:09501717040402VZCRVECAAXXX40812675430404021720N}{3:{108:SCONNECT}}{4:
:20:MI081210
:25:2222222222
:28C:0516/009
:60M:C081210VEF000000505437,94
:61:081210C000000000100,00NTRF000075501146//180008
PAGO
:61:081210C000000093254,24NTRF000000002317//180008
PAGO
:61:081210C000000169648,54NTRF000000002319//180008
PAGO
:61:081210C000000009829,83NTRF000000002318//180008
PAGO
:61:081210C000000016589,91NTRF000000002324//180008
PAGO
:61:081210C000000000431,24NTRF000000000513//180008
PAGO
:61:081210C000000058678,89NTRF000000000485//180008
PAGO
:61:081210C000000027957,52NTRF000000000491//180008
PAGO
:61:081210C000000001703,34NTRF000000000474//180008
PAGO
:62M:C081210VEF000000883631,45
-}{5:{CHK:1143FB20924B}}{S:{COP:S}}${1:F21VZCRVECAAXXX5410610696}{4:{177:0404021720}{451:0}}{1:F01VZCRVECAAXXX5410610696}{2:09501717040402VZCRVECAAXXX40812675430404021720N}{3:{108:SCONNECT}}{4:
:20:MI081210
:25:2222222222
:28C:0516/010
:60M:C081210VEF000000883631,45
:61:081210C000000000613,50NTRF000000000928//180008
PAGO
:61:081210C000000000699,39NTRF000000000929//180008
PAGO
:61:081210C000000000229,04NTRF000000000919//180008
PAGO
:61:081210C000000010907,60NTRF000000000897//180008
PAGO
:61:081210C000000000147,40NTRF000000000899//180008
PAGO
:61:081210C000000002255,62NTRF000000000870//180008
PAGO
:61:081210C000000001615,33NTRF000000000670//180008
PAGO
:61:081210C000000001522,51NTRF000000000674//180008
PAGO
:61:081210C000000004393,83NTRF000000000644//180008
PAGO
:62M:C081210VEF000000906015,67
-}{5:{CHK:1143FB20924B}}{S:{COP:S}}${1:F21VZCRVECAAXXX5410610696}{4:{177:0404021720}{451:0}}{1:F01VZCRVECAAXXX5410610696}{2:09501717040402VZCRVECAAXXX40812675430404021720N}{3:{108:SCONNECT}}{4:
:20:MI081210
:25:2222222222
:28C:0516/011
:60M:C081210VEF000000906015,67
:61:081210C000000100637,16NTRF000000002761//180008
PAGO
:61:081210C000000140154,88NTRF000000002740//180008
PAGO
:61:081210C000000188799,60NTRF000000002742//180008
PAGO
:61:081210C000000004325,85NTRF000000002345//180008
PAGO
:61:081210C000000005204,41NTRF000000002316//180008
PAGO
:61:081210C000000000501,75NTRF000000000200//180008
PAGO
:61:081210C000000000888,03NTRF000000000121//180008
PAGO
:61:081210C000000000638,04NTRF000000000922//180008
PAGO
:61:081210C000000000061,35NTRF000000000925//180008
PAGO
:62M:C081210VEF000001347226,74
-}{5:{CHK:1143FB20924B}}{S:{COP:S}}${1:F21VZCRVECAAXXX5410610696}{4:{177:0404021720}{451:0}}{1:F01VZCRVECAAXXX5410610696}{2:09501717040402VZCRVECAAXXX40812675430404021720N}{3:{108:SCONNECT}}{4:
:20:MI081210
:25:2222222222
:28C:0516/012
:60M:C081210VEF000001347226,74
:61:081210C000000426775,00NTRF000000000821//180008
PAGO
:61:081210C000000003420,00NTRF000000000306//180008
PAGO
:61:081210C000000002767,90NTRF000000000281//180008
PAGO
:61:081210C000000034664,12NTRF000000002323//180008
PAGO
:61:081210C000000000206,00NTRF000081881100//180008
PAGO
:61:081210C000000000282,00NTRF000081815285//180008
PAGO
:61:081210C000000000200,00NTRF000081867796//180008
PAGO
:61:081210C000000000500,00NTRF000081855513//180008
PAGO
:61:081210C000000000860,00NTRF000081890185//180008
PAGO
:62M:C081210VEF000001816901,76
-}{5:{CHK:1143FB20924B}}{S:{COP:S}}${1:F21VZCRVECAAXXX5410610696}{4:{177:0404021720}{451:0}}{1:F01VZCRVECAAXXX5410610696}{2:09501717040402VZCRVECAAXXX40812675430404021720N}{3:{108:SCONNECT}}{4:
:20:MI081210
:25:2222222222
:28C:0516/013
:60M:C081210VEF000001816901,76
:61:081210C000000000950,00NTRF000081865571//180008
PAGO
:61:081210C000000000300,00NTRF000000000104//180008
PAGO
:61:081210C000000001627,50NTRF000027157675//180008
PAGO
:61:081210C000000000177,24NTRF000027165040//180008
PAGO
:61:081210C000000001565,05NTRF000010944509//180008
PAGO
:61:081210C000000004355,00NTRF000027136188//180008
PAGO
:61:081210C000000009047,50NTRF000027146783//180008
PAGO
:61:081210C000000000800,00NTRF000027164046//180008
PAGO
:61:081210C000000000330,00NTRF000027171057//180008
PAGO
:62M:C081210VEF000001836054,05
-}{5:{CHK:1143FB20924B}}{S:{COP:S}}${1:F21VZCRVECAAXXX5410610696}{4:{177:0404021720}{451:0}}{1:F01VZCRVECAAXXX5410610696}{2:09501717040402VZCRVECAAXXX40812675430404021720N}{3:{108:SCONNECT}}{4:
:20:MI081210
:25:2222222222
:28C:0516/014
:60M:C081210VEF000001836054,05
:61:081210C000000004000,00NTRF000027153788//180008
PAGO
:61:081210C000000005989,66NTRF000027147694//180008
PAGO
:61:081210C000000010721,08NTRF000027147801//180008
PAGO
:61:081210C000000000200,00NTRF000027155823//180008
PAGO
:61:081210C000000001768,00NTRF000000000320//180008
PAGO
:61:081210C000000000016,35NTRF000000000730//180008
PAGO
:61:081210C000000014382,05NTRF000000007072//180008
PAGO
:61:081210C000000004517,93NTRF000010002100//180008
PAGO
:61:081210C000000003825,76NTRF000027148620//180008
PAGO
:62M:C081210VEF000001881474,88
-}{5:{CHK:1143FB20924B}}{S:{COP:S}}${1:F21VZCRVECAAXXX5410610696}{4:{177:0404021720}{451:0}}{1:F01VZCRVECAAXXX5410610696}{2:09501717040402VZCRVECAAXXX40812675430404021720N}{3:{108:SCONNECT}}{4:
:20:MI081210
:25:2222222222
:28C:0516/015
:60M:C081210VEF000001881474,88
:61:081210C000000000705,59NTRF000027154439//180008
PAGO
:61:081210C000000025000,00NTRF000027153982//180008
PAGO
:61:081210C000000000344,23NTRF000014030154//180008
PAGO
:61:081210C000000001725,49NTRF000010944584//180008
PAGO
:61:081210C000000001713,68NTRF000013039632//180008
PAGO
:61:081210C000000000863,99NTRF000013039626//180008
PAGO
:61:081210C000000005000,00NTRF000027152641//180008
PAGO
:61:081210C000000016582,70NTRF000010944611//180008
PAGO
:61:081210C000000000500,00NTRF000010122008//180008
PAGO
:62M:C081210VEF000001933910,56
-}{5:{CHK:1143FB20924B}}{S:{COP:S}}${1:F21VZCRVECAAXXX5410610696}{4:{177:0404021720}{451:0}}{1:F01VZCRVECAAXXX5410610696}{2:09501717040402VZCRVECAAXXX40812675430404021720N}{3:{108:SCONNECT}}{4:
:20:MI081210
:25:2222222222
:28C:0516/016
:60M:C081210VEF000001933910,56
:61:081210C000000001676,31NTRF000010122008//180008
PAGO
:61:081210C000000000100,00NTRF000010122008//180008
PAGO
:61:081210C000000000500,00NTRF000010122008//180008
PAGO
:61:081210C000000000400,00NTRF000010122008//180008
PAGO
:61:081210C000000000076,00NTRF000010122008//180008
PAGO
:61:081210C000000000906,86NTRF000010122008//180008
PAGO
:61:081210C000000000300,00NTRF000010122008//180008
PAGO
:61:081210C000000000500,00NTRF000010122008//180008
PAGO
:61:081210C000000000350,00NTRF000010122008//180008
PAGO
:62M:C081210VEF000001938719,73
-}{5:{CHK:1143FB20924B}}{S:{COP:S}}${1:F21VZCRVECAAXXX5410610696}{4:{177:0404021720}{451:0}}{1:F01VZCRVECAAXXX5410610696}{2:09501717040402VZCRVECAAXXX40812675430404021720N}{3:{108:SCONNECT}}{4:
:20:MI081210
:25:2222222222
:28C:0516/017
:60M:C081210VEF000001938719,73
:61:081210C000000000514,97NTRF000010122008//180008
PAGO
:61:081210C000000000300,00NTRF000010122008//180008
PAGO
:61:081210C000000001000,00NTRF000010122008//180008
PAGO
:61:081210C000000001200,00NTRF000010122008//180008
PAGO
:61:081210C000000000500,00NTRF000010122008//180008
PAGO
:61:081210C000000000400,00NTRF000010122008//180008
PAGO
:61:081210C000000000362,85NTRF000010122008//180008
PAGO
:61:081210C000000001400,00NTRF000010122008//180008
PAGO
:61:081210C000000000040,00NTRF000010122008//180008
PAGO
:62M:C081210VEF000001944437,55
-}{5:{CHK:1143FB20924B}}{S:{COP:S}}${1:F21VZCRVECAAXXX5410610696}{4:{177:0404021720}{451:0}}{1:F01VZCRVECAAXXX5410610696}{2:09501717040402VZCRVECAAXXX40812675430404021720N}{3:{108:SCONNECT}}{4:
:20:MI081210
:25:2222222222
:28C:0516/018
:60M:C081210VEF000001944437,55
:61:081210C000000000200,00NTRF000010122008//180008
PAGO
:61:081210C000000000225,09NTRF000010122008//180008
PAGO
:61:081210C000000003000,00NTRF000010122008//180008
PAGO
:61:081210C000000000200,00NTRF000010122008//180008
PAGO
:61:081210C000000000394,30NTRF000000159992//180008
PAGO
:61:081210C000000025000,00NTRF000000160037//180008
PAGO
:61:081210C000000005000,00NTRF000000160195//180008
PAGO
:61:081210C000000001000,00NTRF000000160213//180008
PAGO
:61:081210C000000003500,00NTRF000000160316//180008
PAGO
:62M:C081210VEF000001982956,94
-}{5:{CHK:1143FB20924B}}{S:{COP:S}}${1:F21VZCRVECAAXXX5410610696}{4:{177:0404021720}{451:0}}{1:F01VZCRVECAAXXX5410610696}{2:09501717040402VZCRVECAAXXX40812675430404021720N}{3:{108:SCONNECT}}{4:
:20:MI081210
:25:2222222222
:28C:0516/019
:60M:C081210VEF000001982956,94
:61:081210C000000002250,00NTRF000002447967//180008
PAGO
:61:081210C000000003308,25NTRF000002447972//180008
PAGO
:61:081210C000000001000,00NTRF000000164046//180008
PAGO
:61:081210C000000002100,00NTRF000000164155//180008
PAGO
:61:081210C000000000590,00NTRF000000164158//180008
PAGO
:61:081210C000000000542,00NTRF000000164265//180008
PAGO
:61:081210C000000001500,00NTRF000000164316//180008
PAGO
:61:081210C000000000150,00NTRF000000164322//180008
PAGO
:61:081210C000000000190,00NTRF000000164323//180008
PAGO
:62M:C081210VEF000001994587,19
-}{5:{CHK:1143FB20924B}}{S:{COP:S}}${1:F21VZCRVECAAXXX5410610696}{4:{177:0404021720}{451:0}}{1:F01VZCRVECAAXXX5410610696}{2:09501717040402VZCRVECAAXXX40812675430404021720N}{3:{108:SCONNECT}}{4:
:20:MI081210
:25:2222222222
:28C:0516/020
:60M:C081210VEF000001994587,19
:61:081210C000000000310,00NTRF000000164402//180008
PAGO
:61:081210C000000015375,00NTRF000000164444//180008
PAGO
:61:081210C000000008000,00NTRF000000164500//180008
PAGO
:61:081210C000000000325,00NTRF000000164537//180008
PAGO
:61:081210C000000000090,00NTRF000000163467//180008
PAGO
:61:081210C000000000179,56NTRF000000163469//180008
PAGO
:61:081210C000000000600,00NTRF000000163471//180008
PAGO
:61:081210C000000003277,11NTRF000003236938//180008
PAGO
:61:081210C000000000357,70NTRF000003236943//180008
PAGO
:62M:C081210VEF000002023101,56
-}{5:{CHK:1143FB20924B}}{S:{COP:S}}${1:F21VZCRVECAAXXX5410610696}{4:{177:0404021720}{451:0}}{1:F01VZCRVECAAXXX5410610696}{2:09501717040402VZCRVECAAXXX40812675430404021720N}{3:{108:SCONNECT}}{4:
:20:MI081210
:25:2222222222
:28C:0516/021
:60M:C081210VEF000002023101,56
:61:081210C000000000336,59NTRF000003236971//180008
PAGO
:61:081210C000000024790,08NTRF000003236972//180008
PAGO
:61:081210C000000002000,00NTRF000000163763//180008
PAGO
:61:081210C000000001700,00NTRF000000163824//180008
PAGO
:61:081210C000000000675,00NTRF000000163839//180008
PAGO
:61:081210C000000000394,30NTRF000000163897//180008
PAGO
:61:081210C000000000200,00NTRF000000163924//180008
PAGO
:61:081210C000000010000,00NTRF000000162827//180008
PAGO
:61:081210C000000000500,00NTRF000000162847//180008
PAGO
:62M:C081210VEF000002063697,53
-}{5:{CHK:1143FB20924B}}{S:{COP:S}}${1:F21VZCRVECAAXXX5410610696}{4:{177:0404021720}{451:0}}{1:F01VZCRVECAAXXX5410610696}{2:09501717040402VZCRVECAAXXX40812675430404021720N}{3:{108:SCONNECT}}{4:
:20:MI081210
:25:2222222222
:28C:0516/022
:60M:C081210VEF000002063697,53
:61:081210C000000000160,00NTRF000000162851//180008
PAGO
:61:081210C000000000532,67NTRF000000162860//180008
PAGO
:61:081210C000000000200,00NTRF000000162862//180008
PAGO
:61:081210C000000005800,00NTRF000000162885//180008
PAGO
:61:081210C000000017150,00NTRF000000162970//180008
PAGO
:61:081210C000000002250,00NTRF000002448061//180008
PAGO
:61:081210C000000002500,00NTRF000000163287//180008
PAGO
:61:081210C000000000500,00NTRF000000163362//180008
PAGO
:61:081210C000000000400,00NTRF000000163369//180008
PAGO
:62M:C081210VEF000002093190,20
-}{5:{CHK:1143FB20924B}}{S:{COP:S}}${1:F21VZCRVECAAXXX5410610696}{4:{177:0404021720}{451:0}}{1:F01VZCRVECAAXXX5410610696}{2:09501717040402VZCRVECAAXXX40812675430404021720N}{3:{108:SCONNECT}}{4:
:20:MI081210
:25:2222222222
:28C:0516/023
:60M:C081210VEF000002093190,20
:61:081210C000000000400,00NTRF000000163377//180008
PAGO
:61:081210C000000000500,00NTRF000000163402//180008
PAGO
:61:081210C000000003000,00NTRF000000162091//180008
PAGO
:61:081210C000000008000,00NTRF000000162213//180008
PAGO
:61:081210C000000001472,00NTRF000000162224//180008
PAGO
:61:081210C000000001400,00NTRF000000162345//180008
PAGO
:61:081210C000000002000,00NTRF000000162429//180008
PAGO
:61:081210C000000000300,00NTRF000000162495//180008
PAGO
:61:081210C000000003000,00NTRF000000162512//180008
PAGO
:62M:C081210VEF000002113262,20
-}{5:{CHK:1143FB20924B}}{S:{COP:S}}${1:F21VZCRVECAAXXX5410610696}{4:{177:0404021720}{451:0}}{1:F01VZCRVECAAXXX5410610696}{2:09501717040402VZCRVECAAXXX40812675430404021720N}{3:{108:SCONNECT}}{4:
:20:MI081210
:25:2222222222
:28C:0516/024
:60M:C081210VEF000002113262,20
:61:081210C000000000200,00NTRF000000162534//180008
PAGO
:61:081210C000000003500,00NTRF000000162554//180008
PAGO
:61:081210C000000024500,00NTRF000000162717//180008
PAGO
:61:081210C000000001000,00NTRF000000162735//180008
PAGO
:61:081210C000000000250,00NTRF000000162754//180008
PAGO
:61:081210C000000000860,00NTRF000000162757//180008
PAGO
:61:081210C000000004800,00NTRF000000161708//180008
PAGO
:61:081210C000000006095,61NTRF000000161717//180008
PAGO
:61:081210C000000003342,00NTRF000000161727//180008
PAGO
:62M:C081210VEF000002157809,81
-}{5:{CHK:1143FB20924B}}{S:{COP:S}}${1:F21VZCRVECAAXXX5410610696}{4:{177:0404021720}{451:0}}{1:F01VZCRVECAAXXX5410610696}{2:09501717040402VZCRVECAAXXX40812675430404021720N}{3:{108:SCONNECT}}{4:
:20:MI081210
:25:2222222222
:28C:0516/025
:60M:C081210VEF000002157809,81
:61:081210C000000001000,00NTRF000000161763//180008
PAGO
:61:081210C000000000500,00NTRF000000161792//180008
PAGO
:61:081210C000000008000,00NTRF000000161795//180008
PAGO
:61:081210C000000000175,59NTRF000000161880//180008
PAGO
:61:081210C000000000475,00NTRF000000161985//180008
PAGO
:61:081210C000000003000,00NTRF000000162024//180008
PAGO
:61:081210C000000000400,00NTRF000000162035//180008
PAGO
:61:081210C000000000071,73NTRF000000162037//180008
PAGO
:61:081210C000000000093,29NTRF000000162054//180008
PAGO
:62M:C081210VEF000002171525,42
-}{5:{CHK:1143FB20924B}}{S:{COP:S}}${1:F21VZCRVECAAXXX5410610696}{4:{177:0404021720}{451:0}}{1:F01VZCRVECAAXXX5410610696}{2:09501717040402VZCRVECAAXXX40812675430404021720N}{3:{108:SCONNECT}}{4:
:20:MI081210
:25:2222222222
:28C:0516/026
:60M:C081210VEF000002171525,42
:61:081210C000000000721,70NTRF000000162066//180008
PAGO
:61:081210C000000000900,00NTRF000000161174//180008
PAGO
:61:081210C000000004230,00NTRF000000161210//180008
PAGO
:61:081210C000000001500,00NTRF000000161244//180008
PAGO
:61:081210C000000000489,00NTRF000000161256//180008
PAGO
:61:081210C000000003000,00NTRF000000161272//180008
PAGO
:61:081210C000000000835,18NTRF000000161291//180008
PAGO
:61:081210C000000001067,54NTRF000000161474//180008
PAGO
:61:081210C000000000900,00NTRF000000161534//180008
PAGO
:62M:C081210VEF000002185168,84
-}{5:{CHK:1143FB20924B}}{S:{COP:S}}${1:F21VZCRVECAAXXX5410610696}{4:{177:0404021720}{451:0}}{1:F01VZCRVECAAXXX5410610696}{2:09501717040402VZCRVECAAXXX40812675430404021720N}{3:{108:SCONNECT}}{4:
:20:MI081210
:25:2222222222
:28C:0516/027
:60M:C081210VEF000002185168,84
:61:081210C000000000100,00NTRF000000161560//180008
PAGO
:61:081210C000000003000,00NTRF000000167594//180008
PAGO
:61:081210C000000000700,00NTRF000000167626//180008
PAGO
:61:081210C000000004040,74NTRF000003237360//180008
PAGO
:61:081210C000000000867,61NTRF000003237391//180008
PAGO
:61:081210C000000000205,78NTRF000003237443//180008
PAGO
:61:081210C000000000052,62NTRF000003237444//180008
PAGO
:61:081210C000000001500,00NTRF000000166625//180008
PAGO
:61:081210C000000001000,00NTRF000000166678//180008
PAGO
:62M:C081210VEF000002196635,59
-}{5:{CHK:1143FB20924B}}{S:{COP:S}}${1:F21VZCRVECAAXXX5410610696}{4:{177:0404021720}{451:0}}{1:F01VZCRVECAAXXX5410610696}{2:09501717040402VZCRVECAAXXX40812675430404021720N}{3:{108:SCONNECT}}{4:
:20:MI081210
:25:2222222222
:28C:0516/028
:60M:C081210VEF000002196635,59
:61:081210C000000000447,14NTRF000000166679//180008
PAGO
:61:081210C000000006000,00NTRF000000166689//180008
PAGO
:61:081210C000000000103,00NTRF000000166690//180008
PAGO
:61:081210C000000000103,00NTRF000000166707//180008
PAGO
:61:081210C000000005000,00NTRF000000166727//180008
PAGO
:61:081210C000000017770,47NTRF000000166740//180008
PAGO
:61:081210C000000001000,00NTRF000000166759//180008
PAGO
:61:081210C000000005000,00NTRF000000166774//180008
PAGO
:61:081210C000000000515,00NTRF000000166780//180008
PAGO
:62M:C081210VEF000002232574,20
-}{5:{CHK:1143FB20924B}}{S:{COP:S}}${1:F21VZCRVECAAXXX5410610696}{4:{177:0404021720}{451:0}}{1:F01VZCRVECAAXXX5410610696}{2:09501717040402VZCRVECAAXXX40812675430404021720N}{3:{108:SCONNECT}}{4:
:20:MI081210
:25:2222222222
:28C:0516/029
:60M:C081210VEF000002232574,20
:61:081210C000000001075,69NTRF000000166811//180008
PAGO
:61:081210C000000000360,00NTRF000000166816//180008
PAGO
:61:081210C000000005000,00NTRF000000166127//180008
PAGO
:61:081210C000000002500,00NTRF000000166146//180008
PAGO
:61:081210C000000016000,00NTRF000000166151//180008
PAGO
:61:081210C000000004600,00NTRF000000166209//180008
PAGO
:61:081210C000000001546,00NTRF000000166224//180008
PAGO
:61:081210C000000013000,00NTRF000000166304//180008
PAGO
:61:081210C000000019600,00NTRF000000166340//180008
PAGO
:62M:C081210VEF000002296255,89
-}{5:{CHK:1143FB20924B}}{S:{COP:S}}${1:F21VZCRVECAAXXX5410610696}{4:{177:0404021720}{451:0}}{1:F01VZCRVECAAXXX5410610696}{2:09501717040402VZCRVECAAXXX40812675430404021720N}{3:{108:SCONNECT}}{4:
:20:MI081210
:25:2222222222
:28C:0516/030
:60M:C081210VEF000002296255,89
:61:081210C000000004000,00NTRF000000166372//180008
PAGO
:61:081210C000000005000,00NTRF000000166378//180008
PAGO
:61:081210C000000004000,00NTRF000000166379//180008
PAGO
:61:081210C000000004000,00NTRF000000166389//180008
PAGO
:61:081210C000000000500,00NTRF000000166401//180008
PAGO
:61:081210C000000000103,00NTRF000000166578//180008
PAGO
:61:081210C000000025000,00NTRF000000165710//180008
PAGO
:61:081210C000000000459,00NTRF000000165727//180008
PAGO
:61:081210C000000000557,50NTRF000000165742//180008
PAGO
:62M:C081210VEF000002339875,39
-}{5:{CHK:1143FB20924B}}{S:{COP:S}}${1:F21VZCRVECAAXXX5410610696}{4:{177:0404021720}{451:0}}{1:F01VZCRVECAAXXX5410610696}{2:09501717040402VZCRVECAAXXX40812675430404021720N}{3:{108:SCONNECT}}{4:
:20:MI081210
:25:2222222222
:28C:0516/031
:60M:C081210VEF000002339875,39
:61:081210C000000001600,00NTRF000000165787//180008
PAGO
:61:081210C000000000200,00NTRF000000165792//180008
PAGO
:61:081210C000000000420,00NTRF000000165807//180008
PAGO
:61:081210C000000000200,00NTRF000000165915//180008
PAGO
:61:081210C000000000646,00NTRF000000165923//180008
PAGO
:61:081210C000000001600,00NTRF000000165984//180008
PAGO
:61:081210C000000000065,00NTRF000000166014//180008
PAGO
:61:081210C000000004500,00NTRF000000166069//180008
PAGO
:61:081210C000000005000,00NTRF000000166118//180008
PAGO
:62M:C081210VEF000002354106,39
-}{5:{CHK:1143FB20924B}}{S:{COP:S}}${1:F21VZCRVECAAXXX5410610696}{4:{177:0404021720}{451:0}}{1:F01VZCRVECAAXXX5410610696}{2:09501717040402VZCRVECAAXXX40812675430404021720N}{3:{108:SCONNECT}}{4:
:20:MI081210
:25:2222222222
:28C:0516/032
:60M:C081210VEF000002354106,39
:61:081210C000000021257,77NTRF000003237232//180008
PAGO
:61:081210C000000000600,00NTRF000003237283//180008
PAGO
:61:081210C000000001972,85NTRF000000165310//180008
PAGO
:61:081210C000000000180,00NTRF000000165341//180008
PAGO
:61:081210C000000000425,00NTRF000000165416//180008
PAGO
:61:081210C000000023250,00NTRF000000165439//180008
PAGO
:61:081210C000000001600,00NTRF000000165471//180008
PAGO
:61:081210C000000001000,00NTRF000000165473//180008
PAGO
:61:081210C000000001000,00NTRF000000165531//180008
PAGO
:62M:C081210VEF000002405392,01
-}{5:{CHK:1143FB20924B}}{S:{COP:S}}${1:F21VZCRVECAAXXX5410610696}{4:{177:0404021720}{451:0}}{1:F01VZCRVECAAXXX5410610696}{2:09501717040402VZCRVECAAXXX40812675430404021720N}{3:{108:SCONNECT}}{4:
:20:MI081210
:25:2222222222
:28C:0516/033
:60M:C081210VEF000002405392,01
:61:081210C000000002340,00NTRF000000165535//180008
PAGO
:61:081210C000000000500,00NTRF000000165546//180008
PAGO
:61:081210C000000006800,00NTRF000000165550//180008
PAGO
:61:081210C000000000300,00NTRF000000164646//180008
PAGO
:61:081210C000000000070,00NTRF000000164682//180008
PAGO
:61:081210C000000019023,79NTRF000002448135//180008
PAGO
:61:081210C000000001484,76NTRF000002448239//180008
PAGO
:61:081210C000000012000,00NTRF000000165048//180008
PAGO
:61:081210C000000002000,00NTRF000000165086//180008
PAGO
:62M:C081210VEF000002449910,56
-}{5:{CHK:1143FB20924B}}{S:{COP:S}}${1:F21VZCRVECAAXXX5410610696}{4:{177:0404021720}{451:0}}{1:F01VZCRVECAAXXX5410610696}{2:09501717040402VZCRVECAAXXX40812675430404021720N}{3:{108:SCONNECT}}{4:
:20:MI081210
:25:2222222222
:28C:0516/034
:60M:C081210VEF000002449910,56
:61:081210C000000000200,00NTRF000000165097//180008
PAGO
:61:081210C000000000200,00NTRF000000165102//180008
PAGO
:61:081210C000000000200,00NTRF000000165111//180008
PAGO
:61:081210C000000000226,50NTRF000000165163//180008
PAGO
:61:081210C000000000200,00NTRF000000165168//180008
PAGO
:61:081210C000000001500,00NTRF000000165169//180008
PAGO
:61:081210C000000012546,00NTRF000003237222//180008
PAGO
:61:081210C000000009300,00NTRF000000163934//180008
PAGO
:61:081210C000000000900,00NTRF000000163994//180008
PAGO
:62M:C081210VEF000002475183,06
-}{5:{CHK:1143FB20924B}}{S:{COP:S}}${1:F21VZCRVECAAXXX5410610696}{4:{177:0404021720}{451:0}}{1:F01VZCRVECAAXXX5410610696}{2:09501717040402VZCRVECAAXXX40812675430404021720N}{3:{108:SCONNECT}}{4:
:20:MI081210
:25:2222222222
:28C:0516/035
:60M:C081210VEF000002475183,06
:61:081210C000000000121,35NTRF000003237668//180008
PAGO
:61:081210C000000016221,10NTRF000003237687//180008
PAGO
:61:081210C000000003628,20NTRF000003237699//180008
PAGO
:61:081210C000000017018,75NTRF000003237774//180008
PAGO
:61:081210C000000000697,60NTRF000003237787//180008
PAGO
:61:081210C000000058662,87NTRF000003237802//180008
PAGO
:61:081210C000000003856,87NTRF000003237808//180008
PAGO
:61:081210C000000002807,84NTRF000003237820//180008
PAGO
:61:081210C000000008400,00NTRF000000168186//180008
PAGO
:62M:C081210VEF000002586597,64
-}{5:{CHK:1143FB20924B}}{S:{COP:S}}${1:F21VZCRVECAAXXX5410610696}{4:{177:0404021720}{451:0}}{1:F01VZCRVECAAXXX5410610696}{2:09501717040402VZCRVECAAXXX40812675430404021720N}{3:{108:SCONNECT}}{4:
:20:MI081210
:25:2222222222
:28C:0516/036
:60M:C081210VEF000002586597,64
:61:081210C000000002000,00NTRF000000168864//180008
PAGO
:61:081210C000000000150,00NTRF000000168299//180008
PAGO
:61:081210C000000001274,00NTRF000000168308//180008
PAGO
:61:081210C000000007000,00NTRF000000168409//180008
PAGO
:61:081210C000000000200,00NTRF000000168420//180008
PAGO
:61:081210C000000000700,00NTRF000000168448//180008
PAGO
:61:081210C000000001000,00NTRF000000168542//180008
PAGO
:61:081210C000000002000,00NTRF000000168545//180008
PAGO
:61:081210C000000002000,00NTRF000000168562//180008
PAGO
:62M:C081210VEF000002602921,64
-}{5:{CHK:1143FB20924B}}{S:{COP:S}}${1:F21VZCRVECAAXXX5410610696}{4:{177:0404021720}{451:0}}{1:F01VZCRVECAAXXX5410610696}{2:09501717040402VZCRVECAAXXX40812675430404021720N}{3:{108:SCONNECT}}{4:
:20:MI081210
:25:2222222222
:28C:0516/037
:60M:C081210VEF000002602921,64
:61:081210C000000001000,00NTRF000000168808//180008
PAGO
:61:081210C000000002850,00NTRF000000168851//180008
PAGO
:61:081210C000000001700,00NTRF000000168692//180008
PAGO
:61:081210C000000009500,00NTRF000000168733//180008
PAGO
:61:081210C000000010000,00NTRF000000168740//180008
PAGO
:61:081210C000000000800,00NTRF000000168759//180008
PAGO
:61:081210C000000001000,00NTRF000000168794//180008
PAGO
:61:081210C000000000811,83NTRF000003237469//180008
PAGO
:61:081210C000000000131,37NTRF000003237498//180008
PAGO
:62M:C081210VEF000002630714,84
-}{5:{CHK:1143FB20924B}}{S:{COP:S}}${1:F21VZCRVECAAXXX5410610696}{4:{177:0404021720}{451:0}}{1:F01VZCRVECAAXXX5410610696}{2:09501717040402VZCRVECAAXXX40812675430404021720N}{3:{108:SCONNECT}}{4:
:20:MI081210
:25:2222222222
:28C:0516/038
:60M:C081210VEF000002630714,84
:61:081210C000000000311,20NTRF000003237667//180008
PAGO
:61:081210C000000002600,00NTRF000000168273//180008
PAGO
:61:081210C000000003000,00NTRF000000166956//180008
PAGO
:61:081210C000000003000,00NTRF000000166971//180008
PAGO
:61:081210C000000000610,00NTRF000000167269//180008
PAGO
:61:081210C000000004000,00NTRF000000167285//180008
PAGO
:61:081210C000000000450,00NTRF000000167328//180008
PAGO
:61:081210C000000000300,00NTRF000000167352//180008
PAGO
:61:081210C000000001199,88NTRF000000167526//180008
PAGO
:62M:C081210VEF000002646185,92
-}{5:{CHK:1143FB20924B}}{S:{COP:S}}${1:F21VZCRVECAAXXX5410610696}{4:{177:0404021720}{451:0}}{1:F01VZCRVECAAXXX5410610696}{2:09501717040402VZCRVECAAXXX40812675430404021720N}{3:{108:SCONNECT}}{4:
:20:MI081210
:25:2222222222
:28C:0516/039
:60M:C081210VEF000002646185,92
:61:081210C000000000200,00NTRF000000161588//180008
PAGO
:61:081210C000000000100,00NTRF000000161666//180008
PAGO
:61:081210C000000000213,00NTRF000000160681//180008
PAGO
:61:081210C000000000300,00NTRF000000160693//180008
PAGO
:61:081210C000000001400,00NTRF000000160742//180008
PAGO
:61:081210C000000000375,00NTRF000000160764//180008
PAGO
:61:081210C000000001041,75NTRF000000160779//180008
PAGO
:61:081210C000000000403,00NTRF000000160897//180008
PAGO
:61:081210C000000001500,00NTRF000000160929//180008
PAGO
:62M:C081210VEF000002651718,67
-}{5:{CHK:1143FB20924B}}{S:{COP:S}}${1:F21VZCRVECAAXXX5410610696}{4:{177:0404021720}{451:0}}{1:F01VZCRVECAAXXX5410610696}{2:09501717040402VZCRVECAAXXX40812675430404021720N}{3:{108:SCONNECT}}{4:
:20:MI081210
:25:2222222222
:28C:0516/040
:60M:C081210VEF000002651718,67
:61:081210C000000001000,00NTRF000000160980//180008
PAGO
:61:081210C000000000128,73NTRF000000161002//180008
PAGO
:61:081210C000000000080,00NTRF000000161026//180008
PAGO
:61:081210C000000001067,18NTRF000000161049//180008
PAGO
:61:081210C000000020000,00NTRF000000161113//180008
PAGO
:61:081210C000000000162,02NTRF000000161164//180008
PAGO
:61:081210C000000003308,25NTRF000002447998//180008
PAGO
:61:081210C000000002184,03NTRF000002448019//180008
PAGO
:61:081210C000000000560,00NTRF000000000000//180008
PAGO
:62M:C081210VEF000002680208,88
-}{5:{CHK:1143FB20924B}}{S:{COP:S}}${1:F21VZCRVECAAXXX5410610696}{4:{177:0404021720}{451:0}}{1:F01VZCRVECAAXXX5410610696}{2:09501717040402VZCRVECAAXXX40812675430404021720N}{3:{108:SCONNECT}}{4:
:20:MI081210
:25:2222222222
:28C:0516/041
:60M:C081210VEF000002680208,88
:61:081210C000000004500,00NTRF000000115990//180008
PAGO
:61:081210C000000002000,00NTRF000000115965//180008
PAGO
:61:081210C000000001400,00NTRF000000115818//180008
PAGO
:61:081210C000000000930,00NTRF000000115756//180008
PAGO
:61:081210C000000001500,00NTRF000000115790//180008
PAGO
:61:081210C000000004000,00NTRF000000115868//180008
PAGO
:61:081210C000000001020,00NTRF000000115960//180008
PAGO
:61:081210C000000000350,00NTRF000000115987//180008
PAGO
:61:081210C000000000800,00NTRF000000116172//180008
PAGO
:62M:C081210VEF000002696708,88
-}{5:{CHK:1143FB20924B}}{S:{COP:S}}${1:F21VZCRVECAAXXX5410610696}{4:{177:0404021720}{451:0}}{1:F01VZCRVECAAXXX5410610696}{2:09501717040402VZCRVECAAXXX40812675430404021720N}{3:{108:SCONNECT}}{4:
:20:MI081210
:25:2222222222
:28C:0516/042
:60M:C081210VEF000002696708,88
:61:081210C000000001680,00NTRF000000116047//180008
PAGO
:61:081210C000000004480,00NTRF000000116262//180008
PAGO
:61:081210C000000066451,26NTRF000000560528//180008
PAGO
:61:081210C000000000692,58NTRF000000916873//180008
PAGO
:61:081210C000000001365,15NTRF000000918485//180008
PAGO
:61:081210C000000004860,27NTRF000000560593//180008
PAGO
:61:081210C000000000684,87NTRF000000560574//180008
PAGO
:61:081210C000000005091,84NTRF000000915041//180008
PAGO
:61:081210C000000000759,85NTRF000000915043//180008
PAGO
:62M:C081210VEF000002782774,70
-}{5:{CHK:1143FB20924B}}{S:{COP:S}}${1:F21VZCRVECAAXXX5410610696}{4:{177:0404021720}{451:0}}{1:F01VZCRVECAAXXX5410610696}{2:09501717040402VZCRVECAAXXX40812675430404021720N}{3:{108:SCONNECT}}{4:
:20:MI081210
:25:2222222222
:28C:0516/043
:60M:C081210VEF000002782774,70
:61:081210C000000000100,00NTRF000000555731//180008
PAGO
:61:081210C000000000350,00NTRF000000000000//180008
PAGO
:61:081210C000000001600,00NTRF000000391346//180008
PAGO
:61:081210C000000004000,00NTRF000000391654//180008
PAGO
:61:081210C000000000350,00NTRF000000391159//180008
PAGO
:61:081210C000000008400,00NTRF000000392348//180008
PAGO
:61:081210C000000003000,00NTRF000000392614//180008
PAGO
:61:081210C000000004000,00NTRF000000392752//180008
PAGO
:61:081210C000000000194,00NTRF000000392860//180008
PAGO
:62M:C081210VEF000002804768,70
-}{5:{CHK:1143FB20924B}}{S:{COP:S}}${1:F21VZCRVECAAXXX5410610696}{4:{177:0404021720}{451:0}}{1:F01VZCRVECAAXXX5410610696}{2:09501717040402VZCRVECAAXXX40812675430404021720N}{3:{108:SCONNECT}}{4:
:20:MI081210
:25:2222222222
:28C:0516/044
:60M:C081210VEF000002804768,70
:61:081210C000000000385,00NTRF000000393037//180008
PAGO
:61:081210C000000029000,00NTRF000000393051//180008
PAGO
:61:081210C000000000500,00NTRF000000393200//180008
PAGO
:61:081210C000000013500,00NTRF000000393346//180008
PAGO
:61:081210C000000002940,00NTRF000000393699//180008
PAGO
:61:081210C000000001000,00NTRF000000392957//180008
PAGO
:61:081210C000000000090,00NTRF000000392806//180008
PAGO
:61:081210C000000000900,00NTRF000000392689//180008
PAGO
:61:081210C000000002000,00NTRF000000392518//180008
PAGO
:62M:C081210VEF000002855083,70
-}{5:{CHK:1143FB20924B}}{S:{COP:S}}${1:F21VZCRVECAAXXX5410610696}{4:{177:0404021720}{451:0}}{1:F01VZCRVECAAXXX5410610696}{2:09501717040402VZCRVECAAXXX40812675430404021720N}{3:{108:SCONNECT}}{4:
:20:MI081210
:25:2222222222
:28C:0516/045
:60M:C081210VEF000002855083,70
:61:081210C000000002600,00NTRF000000390748//180008
PAGO
:61:081210C000000001872,72NTRF000000393926//180008
PAGO
:61:081210C000000002071,94NTRF000000393910//180008
PAGO
:61:081210C000000002245,54NTRF000000393993//180008
PAGO
:61:081210C000000000100,00NTRF000000273073//180008
PAGO
:61:081210C000000000350,00NTRF000000273074//180008
PAGO
:61:081210C000000000900,00NTRF000000393941//180008
PAGO
:61:081210C000000000700,00NTRF000000393914//180008
PAGO
:61:081210C000000000600,00NTRF000000393917//180008
PAGO
:62M:C081210VEF000002866523,90
-}{5:{CHK:1143FB20924B}}{S:{COP:S}}${1:F21VZCRVECAAXXX5410610696}{4:{177:0404021720}{451:0}}{1:F01VZCRVECAAXXX5410610696}{2:09501717040402VZCRVECAAXXX40812675430404021720N}{3:{108:SCONNECT}}{4:
:20:MI081210
:25:2222222222
:28C:0516/046
:60M:C081210VEF000002866523,90
:61:081210C000000007500,00NTRF000000393873//180008
PAGO
:61:081210C000000000200,00NTRF000000273837//180008
PAGO
:61:081210C000000000048,00NTRF000000000083//180008
PAGO
:61:081210C000000000090,00NTRF000003785783//180008
PAGO
:61:081210C000000000765,00NTRF000081957805//180008
PAGO
:61:081210C000000000400,00NTRF000081958284//180008
PAGO
:61:081210C000000006710,00NTRF000081958601//180008
PAGO
:61:081210C000000000200,00NTRF000081951925//180008
PAGO
:61:081210C000000001500,00NTRF000081952651//180008
PAGO
:62M:C081210VEF000002883936,90
-}{5:{CHK:1143FB20924B}}{S:{COP:S}}${1:F21VZCRVECAAXXX5410610696}{4:{177:0404021720}{451:0}}{1:F01VZCRVECAAXXX5410610696}{2:09501717040402VZCRVECAAXXX40812675430404021720N}{3:{108:SCONNECT}}{4:
:20:MI081210
:25:2222222222
:28C:0516/047
:60M:C081210VEF000002883936,90
:61:081210C000000060000,00NTRF000081952916//180008
PAGO
:61:081210C000000000100,00NTRF000081938076//180008
PAGO
:61:081210C000000004000,00NTRF000081931146//180008
PAGO
:61:081210C000000005000,00NTRF000081932303//180008
PAGO
:61:081210C000000000100,00NTRF000081935545//180008
PAGO
:61:081210C000000000306,00NTRF000081936713//180008
PAGO
:61:081210C000000001760,00NTRF000081953535//180008
PAGO
:61:081210C000000005000,00NTRF000081925001//180008
PAGO
:61:081210C000000000400,00NTRF000081925373//180008
PAGO
:62M:C081210VEF000002960602,90
-}{5:{CHK:1143FB20924B}}{S:{COP:S}}${1:F21VZCRVECAAXXX5410610696}{4:{177:0404021720}{451:0}}{1:F01VZCRVECAAXXX5410610696}{2:09501717040402VZCRVECAAXXX40812675430404021720N}{3:{108:SCONNECT}}{4:
:20:MI081210
:25:2222222222
:28C:0516/048
:60M:C081210VEF000002960602,90
:61:081210C000000001650,00NTRF000081925712//180008
PAGO
:61:081210C000000001049,00NTRF000081927366//180008
PAGO
:61:081210C000000001500,00NTRF000081927775//180008
PAGO
:61:081210C000000002000,00NTRF000081928630//180008
PAGO
:61:081210C000000000267,00NTRF000081930074//180008
PAGO
:61:081210C000000000100,00NTRF000081930844//180008
PAGO
:61:081210C000000003500,00NTRF000081939524//180008
PAGO
:61:081210C000000000319,69NTRF000081939826//180008
PAGO
:61:081210C000000003000,00NTRF000081939863//180008
PAGO
:62M:C081210VEF000002973988,59
-}{5:{CHK:1143FB20924B}}{S:{COP:S}}${1:F21VZCRVECAAXXX5410610696}{4:{177:0404021720}{451:0}}{1:F01VZCRVECAAXXX5410610696}{2:09501717040402VZCRVECAAXXX40812675430404021720N}{3:{108:SCONNECT}}{4:
:20:MI081210
:25:2222222222
:28C:0516/049
:60M:C081210VEF000002973988,59
:61:081210C000000000220,00NTRF000081941086//180008
PAGO
:61:081210C000000002000,00NTRF000081943050//180008
PAGO
:61:081210C000000000200,00NTRF000081944892//180008
PAGO
:61:081210C000000001750,00NTRF000081945975//180008
PAGO
:61:081210C000000002000,00NTRF000081948650//180008
PAGO
:61:081210C000000001100,00NTRF000081953502//180008
PAGO
:61:081210C000000000200,00NTRF000081939443//180008
PAGO
:61:081210C000000002000,00NTRF000081937660//180008
PAGO
:61:081210C000000003000,00NTRF000081952791//180008
PAGO
:62M:C081210VEF000002986458,59
-}{5:{CHK:1143FB20924B}}{S:{COP:S}}${1:F21VZCRVECAAXXX5410610696}{4:{177:0404021720}{451:0}}{1:F01VZCRVECAAXXX5410610696}{2:09501717040402VZCRVECAAXXX40812675430404021720N}{3:{108:SCONNECT}}{4:
:20:MI081210
:25:2222222222
:28C:0516/050
:60M:C081210VEF000002986458,59
:61:081210C000000000065,00NTRF000081952065//180008
PAGO
:61:081210C000000040000,00NTRF000081950466//180008
PAGO
:61:081210C000000005000,00NTRF000081957691//180008
PAGO
:61:081210C000000000705,00NTRF000081955705//180008
PAGO
:61:081210C000000001760,00NTRF000081954305//180008
PAGO
:61:081210C000000000500,00NTRF000081953690//180008
PAGO
:61:081210C000000000070,00NTRF000081940773//180008
PAGO
:61:081210C000000002000,00NTRF000000001187//180008
PAGO
:61:081210C000001841865,85NTRF000000001104//180008
PAGO
:62M:C081210VEF000004878424,44
-}{5:{CHK:1143FB20924B}}{S:{COP:S}}${1:F21VZCRVECAAXXX5410610696}{4:{177:0404021720}{451:0}}{1:F01VZCRVECAAXXX5410610696}{2:09501717040402VZCRVECAAXXX40812675430404021720N}{3:{108:SCONNECT}}{4:
:20:MI081210
:25:2222222222
:28C:0516/051
:60M:C081210VEF000004878424,44
:61:081210C000000358134,59NTRF000000001101//180008
PAGO
:61:081210C000000005729,88NTRF000000001080//180008
PAGO
:61:081210C000000003547,49NTRF000000001044//180008
PAGO
:61:081210C000000019533,84NTRF000000001072//180008
PAGO
:61:081210C000000013266,10NTRF000000001079//180008
PAGO
:61:081210C000000000500,00NTRF000000001327//180008
PAGO
:61:081210C000000002250,00NTRF000000001332//180008
PAGO
:61:081210C000000000199,00NTRF000000001400//180008
PAGO
:61:081210C000000001082,89NTRF000000000000//180008
PAGO
:62M:C081210VEF000005282668,23
-}{5:{CHK:1143FB20924B}}{S:{COP:S}}${1:F21VZCRVECAAXXX5410610696}{4:{177:0404021720}{451:0}}{1:F01VZCRVECAAXXX5410610696}{2:09501717040402VZCRVECAAXXX40812675430404021720N}{3:{108:SCONNECT}}{4:
:20:MI081210
:25:2222222222
:28C:0516/052
:60M:C081210VEF000005282668,23
:61:081210C000000000100,00NTRF000054567632//180008
PAGO
:61:081210C000000002400,00NTRF000054581129//180008
PAGO
:61:081210C000000005000,00NTRF000054546193//180008
PAGO
:61:081210C000000015000,00NTRF000054539337//180008
PAGO
:61:081210C000000003000,00NTRF000054538321//180008
PAGO
:61:081210C000000000255,00NTRF000054538080//180008
PAGO
:61:081210C000000000290,00NTRF000054535238//180008
PAGO
:61:081210C000000001000,00NTRF000054626782//180008
PAGO
:61:081210C000000000050,00NTRF000054663987//180008
PAGO
:62M:C081210VEF000005309763,23
-}{5:{CHK:1143FB20924B}}{S:{COP:S}}${1:F21VZCRVECAAXXX5410610696}{4:{177:0404021720}{451:0}}{1:F01VZCRVECAAXXX5410610696}{2:09501717040402VZCRVECAAXXX40812675430404021720N}{3:{108:SCONNECT}}{4:
:20:MI081210
:25:2222222222
:28C:0516/053
:60M:C081210VEF000005309763,23
:61:081210C000000002400,00NTRF000054685856//180008
PAGO
:61:081210C000000002500,00NTRF000054626249//180008
PAGO
:61:081210C000000001770,00NTRF000054538046//180008
PAGO
:61:081210C000000001300,00NTRF000054542631//180008
PAGO
:61:081210C000000400000,00NTRF000000081876//180008
PAGO
:61:081210C000000001000,00NTRF000000081945//180008
PAGO
:61:081210C000000000195,00NTRF000000081916//180008
PAGO
:61:081210C000000000348,50NTRF000000081471//180008
PAGO
:61:081210C000000001980,00NTRF000000081433//180008
PAGO
:62M:C081210VEF000005721256,73
-}{5:{CHK:1143FB20924B}}{S:{COP:S}}${1:F21VZCRVECAAXXX5410610696}{4:{177:0404021720}{451:0}}{1:F01VZCRVECAAXXX5410610696}{2:09501717040402VZCRVECAAXXX40812675430404021720N}{3:{108:SCONNECT}}{4:
:20:MI081210
:25:2222222222
:28C:0516/054
:60M:C081210VEF000005721256,73
:61:081210C000000000400,00NTRF000000081023//180008
PAGO
:61:081210C000000001340,00NTRF000000081005//180008
PAGO
:61:081210C000000001340,00NTRF000000081006//180008
PAGO
:61:081210C000000000262,55NTRF000000080996//180008
PAGO
:61:081210C000000000250,00NTRF000000081760//180008
PAGO
:61:081210C000000000170,00NTRF000000081763//180008
PAGO
:61:081210C000000002970,00NTRF000000081737//180008
PAGO
:61:081210C000000010000,00NTRF000000081714//180008
PAGO
:61:081210C000000001000,00NTRF000000081685//180008
PAGO
:62M:C081210VEF000005738989,28
-}{5:{CHK:1143FB20924B}}{S:{COP:S}}${1:F21VZCRVECAAXXX5410610696}{4:{177:0404021720}{451:0}}{1:F01VZCRVECAAXXX5410610696}{2:09501717040402VZCRVECAAXXX40812675430404021720N}{3:{108:SCONNECT}}{4:
:20:MI081210
:25:2222222222
:28C:0516/055
:60M:C081210VEF000005738989,28
:61:081210C000000000750,00NTRF000000081616//180008
PAGO
:61:081210C000000001000,00NTRF000000081623//180008
PAGO
:61:081210C000000000550,00NTRF000000081567//180008
PAGO
:61:081210C000000002500,00NTRF000000088925//180008
PAGO
:61:081210C000000000380,00NTRF000000088968//180008
PAGO
:61:081210C000000020000,00NTRF000000089036//180008
PAGO
:61:081210C000000000396,00NTRF000000088515//180008
PAGO
:61:081210C000000004500,00NTRF000000088574//180008
PAGO
:61:081210C000000001028,00NTRF000000088593//180008
PAGO
:62M:C081210VEF000005770093,28
-}{5:{CHK:1143FB20924B}}{S:{COP:S}}${1:F21VZCRVECAAXXX5410610696}{4:{177:0404021720}{451:0}}{1:F01VZCRVECAAXXX5410610696}{2:09501717040402VZCRVECAAXXX40812675430404021720N}{3:{108:SCONNECT}}{4:
:20:MI081210
:25:2222222222
:28C:0516/056
:60M:C081210VEF000005770093,28
:61:081210C000000000800,00NTRF000000088594//180008
PAGO
:61:081210C000000000130,00NTRF000000088699//180008
PAGO
:61:081210C000000003000,00NTRF000000088722//180008
PAGO
:61:081210C000000003120,00NTRF000000088800//180008
PAGO
:61:081210C000000004000,00NTRF000000088801//180008
PAGO
:61:081210C000000000080,00NTRF000000088440//180008
PAGO
:61:081210C000000000500,00NTRF000000088659//180008
PAGO
:61:081210C000000002000,00NTRF000000082090//180008
PAGO
:61:081210C000000000300,00NTRF000000081536//180008
PAGO
:62M:C081210VEF000005784023,28
-}{5:{CHK:1143FB20924B}}{S:{COP:S}}${1:F21VZCRVECAAXXX5410610696}{4:{177:0404021720}{451:0}}{1:F01VZCRVECAAXXX5410610696}{2:09501717040402VZCRVECAAXXX40812675430404021720N}{3:{108:SCONNECT}}{4:
:20:MI081210
:25:2222222222
:28C:0516/057
:60M:C081210VEF000005784023,28
:61:081210C000000000150,00NTRF000000081366//180008
PAGO
:61:081210C000000006000,00NTRF000000081340//180008
PAGO
:61:081210C000000000300,00NTRF000000081299//180008
PAGO
:61:081210C000000000240,00NTRF000000080977//180008
PAGO
:61:081210C000000023000,00NTRF000000080891//180008
PAGO
:61:081210C000000001348,05NTRF000000082489//180008
PAGO
:61:081210C000000000675,00NTRF000000082468//180008
PAGO
:61:081210C000000001760,00NTRF000000080741//180008
PAGO
:61:081210C000000001400,00NTRF000000080719//180008
PAGO
:62M:C081210VEF000005818896,33
-}{5:{CHK:1143FB20924B}}{S:{COP:S}}${1:F21VZCRVECAAXXX5410610696}{4:{177:0404021720}{451:0}}{1:F01VZCRVECAAXXX5410610696}{2:09501717040402VZCRVECAAXXX40812675430404021720N}{3:{108:SCONNECT}}{4:
:20:MI081210
:25:2222222222
:28C:0516/058
:60M:C081210VEF000005818896,33
:61:081210C000000002268,70NTRF000000080720//180008
PAGO
:61:081210C000000002000,00NTRF000000089503//180008
PAGO
:61:081210C000000000200,00NTRF000000089287//180008
PAGO
:61:081210C000000000500,00NTRF000000089288//180008
PAGO
:61:081210C000000005000,00NTRF000000089216//180008
PAGO
:61:081210C000000048000,00NTRF000000082539//180008
PAGO
:61:081210C000000000100,00NTRF000000088884//180008
PAGO
:61:081210C000000001720,00NTRF000000088901//180008
PAGO
:61:081210C000000003000,00NTRF000000082159//180008
PAGO
:62M:C081210VEF000005881685,03
-}{5:{CHK:1143FB20924B}}{S:{COP:S}}${1:F21VZCRVECAAXXX5410610696}{4:{177:0404021720}{451:0}}{1:F01VZCRVECAAXXX5410610696}{2:09501717040402VZCRVECAAXXX40812675430404021720N}{3:{108:SCONNECT}}{4:
:20:MI081210
:25:2222222222
:28C:0516/059
:60M:C081210VEF000005881685,03
:61:081210C000000000500,00NTRF000000082173//180008
PAGO
:61:081210C000000006995,00NTRF000000089178//180008
PAGO
:61:081210C000000000060,00NTRF000000089081//180008
PAGO
:61:081210C000000000600,00NTRF000000089101//180008
PAGO
:61:081210C000000010800,00NTRF000000080789//180008
PAGO
:61:081210C000000001500,00NTRF000000081794//180008
PAGO
:61:081210C000000000150,00NTRF000000081971//180008
PAGO
:61:081210C000000002000,00NTRF000094739554//180008
PAGO
:61:081210C000000001880,00NTRF000000529705//180008
PAGO
:62M:C081210VEF000005906170,03
-}{5:{CHK:1143FB20924B}}{S:{COP:S}}${1:F21VZCRVECAAXXX5410610696}{4:{177:0404021720}{451:0}}{1:F01VZCRVECAAXXX5410610696}{2:09501717040402VZCRVECAAXXX40812675430404021720N}{3:{108:SCONNECT}}{4:
:20:MI081210
:25:2222222222
:28C:0516/060
:60M:C081210VEF000005906170,03
:61:081210C000000000020,00NTRF000000529768//180008
PAGO
:61:081210C000000002000,00NTRF000000529941//180008
PAGO
:61:081210C000000005000,00NTRF000000530070//180008
PAGO
:61:081210C000000000050,00NTRF000000530013//180008
PAGO
:61:081210C000000000240,00NTRF000000529869//180008
PAGO
:61:081210C000000000250,00NTRF000000530209//180008
PAGO
:61:081210C000000003000,00NTRF000000530302//180008
PAGO
:61:081210C000000002000,00NTRF000000530470//180008
PAGO
:61:081210C000000000535,00NTRF000000530594//180008
PAGO
:62M:C081210VEF000005919265,03
-}{5:{CHK:1143FB20924B}}{S:{COP:S}}${1:F21VZCRVECAAXXX5410610696}{4:{177:0404021720}{451:0}}{1:F01VZCRVECAAXXX5410610696}{2:09501717040402VZCRVECAAXXX40812675430404021720N}{3:{108:SCONNECT}}{4:
:20:MI081210
:25:2222222222
:28C:0516/061
:60M:C081210VEF000005919265,03
:61:081210C000000000082,00NTRF000000530682//180008
PAGO
:61:081210C000000015188,80NTRF000000530715//180008
PAGO
:61:081210C000000001340,00NTRF000000529704//180008
PAGO
:61:081210C000000002000,00NTRF000000529699//180008
PAGO
:61:081210C000000006700,00NTRF000000004396//180008
PAGO
:61:081210C000000008000,00NTRF000000004395//180008
PAGO
:61:081210C000000004500,00NTRF000066109203//180008
PAGO
:61:081210C000000001757,00NTRF000002998511//180008
PAGO
:61:081210C000000000690,48NTRF000027191309//180008
PAGO
:62M:C081210VEF000005959523,31
-}{5:{CHK:1143FB20924B}}{S:{COP:S}}${1:F21VZCRVECAAXXX5410610696}{4:{177:0404021720}{451:0}}{1:F01VZCRVECAAXXX5410610696}{2:09501717040402VZCRVECAAXXX40812675430404021720N}{3:{108:SCONNECT}}{4:
:20:MI081210
:25:2222222222
:28C:0516/062
:60M:C081210VEF000005959523,31
:61:081210C000000038010,73NTRF000011111101//180008
PAGO
:61:081210C000000129636,10NTRF000005029209//180008
PAGO
:61:081210C000000001708,00NTRF000000344807//180008
PAGO
:61:081210C000000004957,00NTRF000003448071//180008
PAGO
:61:081210C000000002498,00NTRF000000344807//180008
PAGO
:61:081210C000000001723,00NTRF000003448073//180008
PAGO
:61:081210C000000001565,00NTRF000003448075//180008
PAGO
:61:081210C000000001694,00NTRF000000344807//180008
PAGO
:61:081210C000000001826,00NTRF000003448072//180008
PAGO
:62M:C081210VEF000006143141,14
-}{5:{CHK:1143FB20924B}}{S:{COP:S}}${1:F21VZCRVECAAXXX5410610696}{4:{177:0404021720}{451:0}}{1:F01VZCRVECAAXXX5410610696}{2:09501717040402VZCRVECAAXXX40812675430404021720N}{3:{108:SCONNECT}}{4:
:20:MI081210
:25:2222222222
:28C:0516/063
:60M:C081210VEF000006143141,14
:61:081210C000000000417,00NTRF000003448074//180008
PAGO
:61:081210C000000002747,00NTRF000000344807//180008
PAGO
:61:081210C000000002473,00NTRF000000344807//180008
PAGO
:61:081210C000000001056,00NTRF000000344807//180008
PAGO
:61:081210C000000001961,00NTRF000003448079//180008
PAGO
:61:081210C000000003925,00NTRF000003448077//180008
PAGO
:61:081210C000000002806,00NTRF000003448078//180008
PAGO
:61:081210C000000001722,00NTRF000003448076//180008
PAGO
:61:081210C000000000500,00NTRF000050066541//180008
PAGO
:62M:C081210VEF000006160748,14
-}{5:{CHK:1143FB20924B}}{S:{COP:S}}${1:F21VZCRVECAAXXX5410610696}{4:{177:0404021720}{451:0}}{1:F01VZCRVECAAXXX5410610696}{2:09501717040402VZCRVECAAXXX40812675430404021720N}{3:{108:SCONNECT}}{4:
:20:MI081210
:25:2222222222
:28C:0516/064
:60M:C081210VEF000006160748,14
:61:081210C000000005000,00NTRF000000000000//180008
PAGO
:61:081210C000000004000,00NTRF000000029791//180008
PAGO
:61:081210C000000000530,00NTRF000027189159//180008
PAGO
:61:081210C000000000126,00NTRF000027190166//180008
PAGO
:61:081210C000000000500,00NTRF000027190275//180008
PAGO
:61:081210C000000000100,00NTRF000027188831//180008
PAGO
:61:081210C000000000560,00NTRF000000174928//180008
PAGO
:61:081210C000000000900,00NTRF000000173453//180008
PAGO
:61:081210C000000005000,00NTRF000000173538//180008
PAGO
:62M:C081210VEF000006177464,14
-}{5:{CHK:1143FB20924B}}{S:{COP:S}}${1:F21VZCRVECAAXXX5410610696}{4:{177:0404021720}{451:0}}{1:F01VZCRVECAAXXX5410610696}{2:09501717040402VZCRVECAAXXX40812675430404021720N}{3:{108:SCONNECT}}{4:
:20:MI081210
:25:2222222222
:28C:0516/065
:60M:C081210VEF000006177464,14
:61:081210C000000001540,00NTRF000000173543//180008
PAGO
:61:081210C000000005000,00NTRF000000173734//180008
PAGO
:61:081210C000000000800,00NTRF000000173771//180008
PAGO
:61:081210C000000001500,00NTRF000000173811//180008
PAGO
:61:081210C000000000275,00NTRF000000172859//180008
PAGO
:61:081210C000000000275,00NTRF000000172869//180008
PAGO
:61:081210C000000000500,00NTRF000000172931//180008
PAGO
:61:081210C000000000600,00NTRF000000173103//180008
PAGO
:61:081210C000000000400,00NTRF000000173117//180008
PAGO
:62M:C081210VEF000006188354,14
-}{5:{CHK:1143FB20924B}}{S:{COP:S}}${1:F21VZCRVECAAXXX5410610696}{4:{177:0404021720}{451:0}}{1:F01VZCRVECAAXXX5410610696}{2:09501717040402VZCRVECAAXXX40812675430404021720N}{3:{108:SCONNECT}}{4:
:20:MI081210
:25:2222222222
:28C:0516/066
:60M:C081210VEF000006188354,14
:61:081210C000000000100,00NTRF000000173152//180008
PAGO
:61:081210C000000002000,00NTRF000000173188//180008
PAGO
:61:081210C000000000200,00NTRF000000173204//180008
PAGO
:61:081210C000000014234,50NTRF000000165713//180008
PAGO
:61:081210C000000009630,00NTRF000000165873//180008
PAGO
:61:081210C000002292002,63NTRF000000165950//180008
PAGO
:61:081210C000000005702,20NTRF000000165994//180008
PAGO
:61:081210C000000026071,92NTRF000000166013//180008
PAGO
:61:081210C000000000550,00NTRF000000172687//180008
PAGO
:62M:C081210VEF000008538845,39
-}{5:{CHK:1143FB20924B}}{S:{COP:S}}${1:F21VZCRVECAAXXX5410610696}{4:{177:0404021720}{451:0}}{1:F01VZCRVECAAXXX5410610696}{2:09501717040402VZCRVECAAXXX40812675430404021720N}{3:{108:SCONNECT}}{4:
:20:MI081210
:25:2222222222
:28C:0516/067
:60M:C081210VEF000008538845,39
:61:081210C000000215000,00NTRF000000159496//180008
PAGO
:61:081210C000000000515,00NTRF000000160417//180008
PAGO
:61:081210C000000000060,58NTRF000000161013//180008
PAGO
:61:081210C000000000143,00NTRF000000161161//180008
PAGO
:61:081210C000000000450,00NTRF000000161302//180008
PAGO
:61:081210C000000001940,00NTRF000000161319//180008
PAGO
:61:081210C000000001984,85NTRF000000161380//180008
PAGO
:61:081210C000000000400,00NTRF000000161555//180008
PAGO
:61:081210C000000000746,20NTRF000000161798//180008
PAGO
:62M:C081210VEF000008760085,02
-}{5:{CHK:1143FB20924B}}{S:{COP:S}}${1:F21VZCRVECAAXXX5410610696}{4:{177:0404021720}{451:0}}{1:F01VZCRVECAAXXX5410610696}{2:09501717040402VZCRVECAAXXX40812675430404021720N}{3:{108:SCONNECT}}{4:
:20:MI081210
:25:2222222222
:28C:0516/068
:60M:C081210VEF000008760085,02
:61:081210C000001000000,00NTRF000000162410//180008
PAGO
:61:081210C000000000750,00NTRF000000162879//180008
PAGO
:61:081210C000000001500,00NTRF000000173206//180008
PAGO
:61:081210C000000000500,00NTRF000000173234//180008
PAGO
:61:081210C000000000450,00NTRF000000162949//180008
PAGO
:61:081210C000000000750,00NTRF000000163011//180008
PAGO
:61:081210C000000001050,00NTRF000000163041//180008
PAGO
:61:081210C000000001800,00NTRF000000163062//180008
PAGO
:61:081210C000000001350,00NTRF000000163081//180008
PAGO
:62M:C081210VEF000009768235,02
-}{5:{CHK:1143FB20924B}}{S:{COP:S}}${1:F21VZCRVECAAXXX5410610696}{4:{177:0404021720}{451:0}}{1:F01VZCRVECAAXXX5410610696}{2:09501717040402VZCRVECAAXXX40812675430404021720N}{3:{108:SCONNECT}}{4:
:20:MI081210
:25:2222222222
:28C:0516/069
:60M:C081210VEF000009768235,02
:61:081210C000000000750,00NTRF000000163110//180008
PAGO
:61:081210C000000003409,33NTRF000000164629//180008
PAGO
:61:081210C000000000200,00NTRF000000173952//180008
PAGO
:61:081210C000000005000,00NTRF000000174029//180008
PAGO
:61:081210C000000000478,00NTRF000000174041//180008
PAGO
:61:081210C000000000500,00NTRF000000174129//180008
PAGO
:61:081210C000000000207,02NTRF000000174150//180008
PAGO
:61:081210C000000001500,00NTRF000000174198//180008
PAGO
:61:081210C000000008500,00NTRF000000172699//180008
PAGO
:62M:C081210VEF000009788779,37
-}{5:{CHK:1143FB20924B}}{S:{COP:S}}${1:F21VZCRVECAAXXX5410610696}{4:{177:0404021720}{451:0}}{1:F01VZCRVECAAXXX5410610696}{2:09501717040402VZCRVECAAXXX40812675430404021720N}{3:{108:SCONNECT}}{4:
:20:MI081210
:25:2222222222
:28C:0516/070
:60M:C081210VEF000009788779,37
:61:081210C000000001145,00NTRF000000172714//180008
PAGO
:61:081210C000000002000,00NTRF000000172791//180008
PAGO
:61:081210C000000003000,00NTRF000000174482//180008
PAGO
:61:081210C000000003000,00NTRF000000174483//180008
PAGO
:61:081210C000000000400,00NTRF000000174492//180008
PAGO
:61:081210C000000003000,00NTRF000000174566//180008
PAGO
:61:081210C000000002500,00NTRF000000174585//180008
PAGO
:61:081210C000000000920,00NTRF000000174604//180008
PAGO
:61:081210C000000001065,00NTRF000000174682//180008
PAGO
:62M:C081210VEF000009805809,37
-}{5:{CHK:1143FB20924B}}{S:{COP:S}}${1:F21VZCRVECAAXXX5410610696}{4:{177:0404021720}{451:0}}{1:F01VZCRVECAAXXX5410610696}{2:09501717040402VZCRVECAAXXX40812675430404021720N}{3:{108:SCONNECT}}{4:
:20:MI081210
:25:2222222222
:28C:0516/071
:60M:C081210VEF000009805809,37
:61:081210C000000001300,00NTRF000000174688//180008
PAGO
:61:081210C000000001170,00NTRF000000174728//180008
PAGO
:61:081210C000000005000,00NTRF000000174327//180008
PAGO
:61:081210C000000003000,00NTRF000000175144//180008
PAGO
:61:081210C000000004000,00NTRF000000175139//180008
PAGO
:61:081210C000000001500,00NTRF000000174253//180008
PAGO
:61:081210C000000001700,00NTRF000000174316//180008
PAGO
:61:081210C000000000950,00NTRF000000175043//180008
PAGO
:61:081210C000000004000,00NTRF000000175038//180008
PAGO
:62M:C081210VEF000009828429,37
-}{5:{CHK:1143FB20924B}}{S:{COP:S}}${1:F21VZCRVECAAXXX5410610696}{4:{177:0404021720}{451:0}}{1:F01VZCRVECAAXXX5410610696}{2:09501717040402VZCRVECAAXXX40812675430404021720N}{3:{108:SCONNECT}}{4:
:20:MI081210
:25:2222222222
:28C:0516/072
:60M:C081210VEF000009828429,37
:61:081210C000000003000,00NTRF000000174980//180008
PAGO
:61:081210C000000001000,00NTRF000000174939//180008
PAGO
:61:081210C000000002666,00NTRF000000542393//180008
PAGO
:61:081210C000000001529,04NTRF000000542469//180008
PAGO
:61:081210C000000261265,84NTRF000000010000//180008
PAGO
:61:081210C000000000500,00NTRF000000164051//180008
PAGO
:61:081210C000000046193,52NTRF000000067574//180008
PAGO
:61:081210C000000200000,00NTRF000000000000//180008
PAGO
:61:081210C000000000600,00NTRF000010122008//180008
PAGO
:62M:C081210VEF000010345183,77
-}{5:{CHK:1143FB20924B}}{S:{COP:S}}${1:F21VZCRVECAAXXX5410610696}{4:{177:0404021720}{451:0}}{1:F01VZCRVECAAXXX5410610696}{2:09501717040402VZCRVECAAXXX40812675430404021720N}{3:{108:SCONNECT}}{4:
:20:MI081210
:25:2222222222
:28C:0516/073
:60M:C081210VEF000010345183,77
:61:081210C000000002150,00NTRF000010122008//180008
PAGO
:61:081210C000000000110,00NTRF000010122008//180008
PAGO
:61:081210C000000005329,00NTRF000081210007//180008
PAGO
:61:081210C000000000930,00NTRF000000029767//180008
PAGO
:61:081210C000000003000,00NTRF000024373628//180008
PAGO
:61:081210C000000000300,00NTRF000024383631//180008
PAGO
:61:081210C000000007000,00NTRF000003192555//180008
PAGO
:61:081210C000000050000,00NTRF000000345807//180008
PAGO
:61:081210C000000000220,00NTRF000000000000//180008
PAGO
:62M:C081210VEF000010414222,77
-}{5:{CHK:1143FB20924B}}{S:{COP:S}}${1:F21VZCRVECAAXXX5410610696}{4:{177:0404021720}{451:0}}{1:F01VZCRVECAAXXX5410610696}{2:09501717040402VZCRVECAAXXX40812675430404021720N}{3:{108:SCONNECT}}{4:
:20:MI081210
:25:2222222222
:28C:0516/074
:60M:C081210VEF000010414222,77
:61:081210C000000002000,00NTRF000000000003//180008
PAGO
:61:081210C000000000070,00NTRF000027184788//180008
PAGO
:61:081210C000000000600,00NTRF000027184014//180008
PAGO
:61:081210C000000000580,00NTRF000027184817//180008
PAGO
:61:081210C000000001357,50NTRF000027185785//180008
PAGO
:61:081210C000000001420,00NTRF000027186081//180008
PAGO
:61:081210C000000001100,00NTRF000027186801//180008
PAGO
:61:081210C000000035000,00NTRF000027183704//180008
PAGO
:61:081210C000000000800,00NTRF000000523514//180008
PAGO
:62M:C081210VEF000010457150,27
-}{5:{CHK:1143FB20924B}}{S:{COP:S}}${1:F21VZCRVECAAXXX5410610696}{4:{177:0404021720}{451:0}}{1:F01VZCRVECAAXXX5410610696}{2:09501717040402VZCRVECAAXXX40812675430404021720N}{3:{108:SCONNECT}}{4:
:20:MI081210
:25:2222222222
:28C:0516/075
:60M:C081210VEF000010457150,27
:61:081210C000000000110,00NTRF000000458967//180008
PAGO
:61:081210C000000002000,00NTRF000000516473//180008
PAGO
:61:081210C000000005000,00NTRF000000402279//180008
PAGO
:61:081210C000000000210,00NTRF000000420256//180008
PAGO
:61:081210C000000000500,00NTRF000000000000//180008
PAGO
:61:081210C000000000748,38NTRF000010122008//180008
PAGO
:61:081210C000000000500,00NTRF000000000000//180008
PAGO
:61:081210C000000000710,00NTRF000000000000//180008
PAGO
:61:081210C000000000115,00NTRF000000002226//180008
PAGO
:62M:C081210VEF000010467043,65
-}{5:{CHK:1143FB20924B}}{S:{COP:S}}${1:F21VZCRVECAAXXX5410610696}{4:{177:0404021720}{451:0}}{1:F01VZCRVECAAXXX5410610696}{2:09501717040402VZCRVECAAXXX40812675430404021720N}{3:{108:SCONNECT}}{4:
:20:MI081210
:25:2222222222
:28C:0516/076
:60M:C081210VEF000010467043,65
:61:081210C000000016126,37NTRF000000009559//180008
PAGO
:61:081210C000000000520,00NTRF000000009602//180008
PAGO
:61:081210C000000056132,22NTRF000000009628//180008
PAGO
:61:081210C000000041953,95NTRF000000009585//180008
PAGO
:61:081210C000000002082,84NTRF000012081840//180008
PAGO
:61:081210C000000006330,00NTRF000014727755//180008
PAGO
:61:081210C000000008301,79NTRF000003448070//180008
PAGO
:61:081210C000000001269,94NTRF000004822008//180008
PAGO
:61:081210C000000000086,93NTRF000000001601//180008
PAGO
:62M:C081210VEF000010599847,69
-}{5:{CHK:1143FB20924B}}{S:{COP:S}}${1:F21VZCRVECAAXXX5410610696}{4:{177:0404021720}{451:0}}{1:F01VZCRVECAAXXX5410610696}{2:09501717040402VZCRVECAAXXX40812675430404021720N}{3:{108:SCONNECT}}{4:
:20:MI081210
:25:2222222222
:28C:0516/077
:60M:C081210VEF000010599847,69
:61:081210C000000007145,75NTRF000000001602//180008
PAGO
:61:081210C000000003864,64NTRF000003448073//180008
PAGO
:61:081210C000000003945,69NTRF000034480740//180008
PAGO
:61:081210C000000000654,17NTRF000000345807//180008
PAGO
:61:081210C000000000144,73NTRF000000001594//180008
PAGO
:61:081210C000000030000,00NTRF000020000001//180008
PAGO
:61:081210C000000006372,85NTRF000002000724//180008
PAGO
:61:081210C000000026340,36NTRF000000009605//180008
PAGO
:61:081210C000000002540,11NTRF000012081840//180008
PAGO
:62M:C081210VEF000010680855,99
-}{5:{CHK:1143FB20924B}}{S:{COP:S}}${1:F21VZCRVECAAXXX5410610696}{4:{177:0404021720}{451:0}}{1:F01VZCRVECAAXXX5410610696}{2:09501717040402VZCRVECAAXXX40812675430404021720N}{3:{108:SCONNECT}}{4:
:20:MI081210
:25:2222222222
:28C:0516/078
:60M:C081210VEF000010680855,99
:61:081210C000000003751,44NTRF000003448078//180008
PAGO
:61:081210C000000003141,81NTRF000012081840//180008
PAGO
:61:081210C000000000094,62NTRF000000001596//180008
PAGO
:61:081210C000000000105,64NTRF000000001598//180008
PAGO
:61:081210C000000400000,00NTRF000003448079//180008
PAGO
:61:081210C000000002616,73NTRF000000344807//180008
PAGO
:61:081210C000000003208,00NTRF000004922008//180008
PAGO
:61:081210C000000034239,03NTRF000000340807//180008
PAGO
:61:081210C000000550000,00NTRF000000081201//180008
PAGO
:62M:C081210VEF000011678013,26
-}{5:{CHK:1143FB20924B}}{S:{COP:S}}${1:F21VZCRVECAAXXX5410610696}{4:{177:0404021720}{451:0}}{1:F01VZCRVECAAXXX5410610696}{2:09501717040402VZCRVECAAXXX40812675430404021720N}{3:{108:SCONNECT}}{4:
:20:MI081210
:25:2222222222
:28C:0516/079
:60M:C081210VEF000011678013,26
:61:081210C000000002122,20NTRF000071200849//180008
PAGO
:61:081210C000000120838,20NTRF000014727731//180008
PAGO
:61:081210C000000043800,92NTRF000014727741//180008
PAGO
:61:081210C000000024099,72NTRF000014737544//180008
PAGO
:61:081210C000000000479,37NTRF000000001597//180008
PAGO
:61:081210C000000000154,40NTRF000000001599//180008
PAGO
:61:081210C000000006211,57NTRF000000340807//180008
PAGO
:61:081210C000000014244,56NTRF000026622008//180008
PAGO
:61:081210C000000000106,35NTRF000000001595//180008
PAGO
:62M:C081210VEF000011890070,55
-}{5:{CHK:1143FB20924B}}{S:{COP:S}}${1:F21VZCRVECAAXXX5410610696}{4:{177:0404021720}{451:0}}{1:F01VZCRVECAAXXX5410610696}{2:09501717040402VZCRVECAAXXX40812675430404021720N}{3:{108:SCONNECT}}{4:
:20:MI081210
:25:2222222222
:28C:0516/080
:60M:C081210VEF000011890070,55
:61:081210C000000015165,67NTRF000003408072//180008
PAGO
:61:081210C000000001760,94NTRF000050001847//180008
PAGO
:61:081210C000000002151,58NTRF000000340807//180008
PAGO
:61:081210C000000005153,60NTRF000000009601//180008
PAGO
:61:081210C000000018416,13NTRF000000009627//180008
PAGO
:61:081210C000001300000,00NTRF000003448070//180008
PAGO
:61:081210C000000236600,00NTRF000000344807//180008
PAGO
:61:081210C000000000740,00NTRF000000340807//180008
PAGO
:61:081210C000000005653,24NTRF000000344807//180008
PAGO
:62M:C081210VEF000013475711,71
-}{5:{CHK:1143FB20924B}}{S:{COP:S}}${1:F21VZCRVECAAXXX5410610696}{4:{177:0404021720}{451:0}}{1:F01VZCRVECAAXXX5410610696}{2:09501717040402VZCRVECAAXXX40812675430404021720N}{3:{108:SCONNECT}}{4:
:20:MI081210
:25:2222222222
:28C:0516/081
:60M:C081210VEF000013475711,71
:61:081210C000000001400,00NTRF000000065057//180008
PAGO
:61:081210C000000000600,00NTRF000000064961//180008
PAGO
:61:081210C000000000120,00NTRF000000064322//180008
PAGO
:61:081210C000000000027,00NTRF000000058554//180008
PAGO
:61:081210C000000000200,00NTRF000000058465//180008
PAGO
:61:081210C000000000929,00NTRF000000058214//180008
PAGO
:61:081210C000000000100,00NTRF000000058140//180008
PAGO
:61:081210C000000001500,00NTRF000000058138//180008
PAGO
:61:081210C000000000084,40NTRF000000058058//180008
PAGO
:62M:C081210VEF000013480672,11
-}{5:{CHK:1143FB20924B}}{S:{COP:S}}${1:F21VZCRVECAAXXX5410610696}{4:{177:0404021720}{451:0}}{1:F01VZCRVECAAXXX5410610696}{2:09501717040402VZCRVECAAXXX40812675430404021720N}{3:{108:SCONNECT}}{4:
:20:MI081210
:25:2222222222
:28C:0516/082
:60M:C081210VEF000013480672,11
:61:081210C000000001000,00NTRF000000057938//180008
PAGO
:61:081210C000000000495,00NTRF000000057239//180008
PAGO
:61:081210C000000003100,00NTRF000000057107//180008
PAGO
:61:081210C000000001100,00NTRF000000064943//180008
PAGO
:61:081210C000000000240,00NTRF000000064782//180008
PAGO
:61:081210C000000001000,00NTRF000000064784//180008
PAGO
:61:081210C000000001000,00NTRF000000064670//180008
PAGO
:61:081210C000000001905,00NTRF000000064611//180008
PAGO
:61:081210C000000000007,60NTRF000000064612//180008
PAGO
:62M:C081210VEF000013490519,71
-}{5:{CHK:1143FB20924B}}{S:{COP:S}}${1:F21VZCRVECAAXXX5410610696}{4:{177:0404021720}{451:0}}{1:F01VZCRVECAAXXX5410610696}{2:09501717040402VZCRVECAAXXX40812675430404021720N}{3:{108:SCONNECT}}{4:
:20:MI081210
:25:2222222222
:28C:0516/083
:60M:C081210VEF000013490519,71
:61:081210C000000000340,00NTRF000000064468//180008
PAGO
:61:081210C000000000300,00NTRF000000064472//180008
PAGO
:61:081210C000000007500,00NTRF000000057557//180008
PAGO
:61:081210C000000003000,00NTRF000000057561//180008
PAGO
:61:081210C000000003155,00NTRF000000057485//180008
PAGO
:61:081210C000000001000,00NTRF000000057473//180008
PAGO
:61:081210C000000005000,00NTRF000000057351//180008
PAGO
:61:081210C000000000390,00NTRF000000057338//180008
PAGO
:61:081210C000000001500,00NTRF000000064430//180008
PAGO
:62M:C081210VEF000013512704,71
-}{5:{CHK:1143FB20924B}}{S:{COP:S}}${1:F21VZCRVECAAXXX5410610696}{4:{177:0404021720}{451:0}}{1:F01VZCRVECAAXXX5410610696}{2:09501717040402VZCRVECAAXXX40812675430404021720N}{3:{108:SCONNECT}}{4:
:20:MI081210
:25:2222222222
:28C:0516/084
:60M:C081210VEF000013512704,71
:61:081210C000000000220,00NTRF000000057872//180008
PAGO
:61:081210C000000000320,00NTRF000000056840//180008
PAGO
:61:081210C000000001580,00NTRF000000056765//180008
PAGO
:61:081210C000000005262,00NTRF000000056760//180008
PAGO
:61:081210C000000004000,00NTRF000000056741//180008
PAGO
:61:081210C000000000305,20NTRF000000056712//180008
PAGO
:61:081210C000000000500,00NTRF000000056716//180008
PAGO
:61:081210C000000000300,00NTRF000000056675//180008
PAGO
:61:081210C000000000166,10NTRF000000065604//180008
PAGO
:62M:C081210VEF000013525358,01
-}{5:{CHK:1143FB20924B}}{S:{COP:S}}${1:F21VZCRVECAAXXX5410610696}{4:{177:0404021720}{451:0}}{1:F01VZCRVECAAXXX5410610696}{2:09501717040402VZCRVECAAXXX40812675430404021720N}{3:{108:SCONNECT}}{4:
:20:MI081210
:25:2222222222
:28C:0516/085
:60M:C081210VEF000013525358,01
:61:081210C000000000500,00NTRF000000065711//180008
PAGO
:61:081210C000000000184,00NTRF000000057293//180008
PAGO
:61:081210C000000003033,00NTRF000000056955//180008
PAGO
:61:081210C000000000620,00NTRF000000065776//180008
PAGO
:61:081210C000000000321,00NTRF000000065755//180008
PAGO
:61:081210C000000000500,00NTRF000000065812//180008
PAGO
:61:081210C000000000130,00NTRF000000065843//180008
PAGO
:61:081210C000000001015,00NTRF000000065756//180008
PAGO
:61:081210C000000001000,00NTRF000000065671//180008
PAGO
:62M:C081210VEF000013532661,01
-}{5:{CHK:1143FB20924B}}{S:{COP:S}}${1:F21VZCRVECAAXXX5410610696}{4:{177:0404021720}{451:0}}{1:F01VZCRVECAAXXX5410610696}{2:09501717040402VZCRVECAAXXX40812675430404021720N}{3:{108:SCONNECT}}{4:
:20:MI081210
:25:2222222222
:28C:0516/086
:60M:C081210VEF000013532661,01
:61:081210C000000000450,00NTRF000000064894//180008
PAGO
:61:081210C000000001340,00NTRF000000064800//180008
PAGO
:61:081210C000000001500,00NTRF000000065586//180008
PAGO
:61:081210C000000000500,00NTRF000000065441//180008
PAGO
:61:081210C000000001800,00NTRF000000065442//180008
PAGO
:61:081210C000000001000,00NTRF000000065320//180008
PAGO
:61:081210C000000000500,00NTRF000000065284//180008
PAGO
:61:081210C000000000650,00NTRF000000065185//180008
PAGO
:61:081210C000000001600,00NTRF000000000987//180008
PAGO
:62M:C081210VEF000013542001,01
-}{5:{CHK:1143FB20924B}}{S:{COP:S}}${1:F21VZCRVECAAXXX5410610696}{4:{177:0404021720}{451:0}}{1:F01VZCRVECAAXXX5410610696}{2:09501717040402VZCRVECAAXXX40812675430404021720N}{3:{108:SCONNECT}}{4:
:20:MI081210
:25:2222222222
:28C:0516/087
:60M:C081210VEF000013542001,01
:61:081210C000000000300,00NTRF000000046944//180008
PAGO
:61:081210C000000000200,00NTRF000000046559//180008
PAGO
:61:081210C000000001425,00NTRF000000046523//180008
PAGO
:61:081210C000000003000,00NTRF000000046573//180008
PAGO
:61:081210C000000001000,00NTRF000000046767//180008
PAGO
:61:081210C000000001500,00NTRF000000046493//180008
PAGO
:61:081210C000000000300,00NTRF000000046416//180008
PAGO
:61:081210C000000000200,00NTRF000000045708//180008
PAGO
:61:081210C000000000495,00NTRF000000045685//180008
PAGO
:62M:C081210VEF000013550421,01
-}{5:{CHK:1143FB20924B}}{S:{COP:S}}${1:F21VZCRVECAAXXX5410610696}{4:{177:0404021720}{451:0}}{1:F01VZCRVECAAXXX5410610696}{2:09501717040402VZCRVECAAXXX40812675430404021720N}{3:{108:SCONNECT}}{4:
:20:MI081210
:25:2222222222
:28C:0516/088
:60M:C081210VEF000013550421,01
:61:081210C000000000747,00NTRF000000045695//180008
PAGO
:61:081210C000000000747,00NTRF000000045696//180008
PAGO
:61:081210C000000001447,30NTRF000000046237//180008
PAGO
:61:081210C000000001300,00NTRF000000046139//180008
PAGO
:61:081210C000000009000,00NTRF000000046140//180008
PAGO
:61:081210C000000010000,00NTRF000000046141//180008
PAGO
:61:081210C000000002182,96NTRF000000046143//180008
PAGO
:61:081210C000000001800,00NTRF000000046042//180008
PAGO
:61:081210C000000000300,00NTRF000000045921//180008
PAGO
:62M:C081210VEF000013577945,27
-}{5:{CHK:1143FB20924B}}{S:{COP:S}}${1:F21VZCRVECAAXXX5410610696}{4:{177:0404021720}{451:0}}{1:F01VZCRVECAAXXX5410610696}{2:09501717040402VZCRVECAAXXX40812675430404021720N}{3:{108:SCONNECT}}{4:
:20:MI081210
:25:2222222222
:28C:0516/089
:60M:C081210VEF000013577945,27
:61:081210C000000001185,00NTRF000000045882//180008
PAGO
:61:081210C000000003176,26NTRF000000045123//180008
PAGO
:61:081210C000000001000,00NTRF000000045346//180008
PAGO
:61:081210C000000000403,00NTRF000000045333//180008
PAGO
:61:081210C000000009100,41NTRF000000045335//180008
PAGO
:61:081210C000000001000,00NTRF000000045292//180008
PAGO
:61:081210C000000002500,00NTRF000000045236//180008
PAGO
:61:081210C000000000080,00NTRF000000045222//180008
PAGO
:61:081210C000000001000,00NTRF000000045164//180008
PAGO
:62M:C081210VEF000013597389,94
-}{5:{CHK:1143FB20924B}}{S:{COP:S}}${1:F21VZCRVECAAXXX5410610696}{4:{177:0404021720}{451:0}}{1:F01VZCRVECAAXXX5410610696}{2:09501717040402VZCRVECAAXXX40812675430404021720N}{3:{108:SCONNECT}}{4:
:20:MI081210
:25:2222222222
:28C:0516/090
:60M:C081210VEF000013597389,94
:61:081210C000000000300,00NTRF000000045163//180008
PAGO
:61:081210C000000000736,00NTRF000000045131//180008
PAGO
:61:081210C000000000810,00NTRF000000041206//180008
PAGO
:61:081210C000000000204,69NTRF000000041193//180008
PAGO
:61:081210C000000000600,00NTRF000000041103//180008
PAGO
:61:081210C000000000305,82NTRF000000045866//180008
PAGO
:61:081210C000000003000,00NTRF000000045873//180008
PAGO
:61:081210C000000000150,00NTRF000000045831//180008
PAGO
:61:081210C000000000690,00NTRF000000045838//180008
PAGO
:62M:C081210VEF000013604186,45
-}{5:{CHK:1143FB20924B}}{S:{COP:S}}${1:F21VZCRVECAAXXX5410610696}{4:{177:0404021720}{451:0}}{1:F01VZCRVECAAXXX5410610696}{2:09501717040402VZCRVECAAXXX40812675430404021720N}{3:{108:SCONNECT}}{4:
:20:MI081210
:25:2222222222
:28C:0516/091
:60M:C081210VEF000013604186,45
:61:081210C000000006000,00NTRF000000045523//180008
PAGO
:61:081210C000000000100,00NTRF000000045425//180008
PAGO
:61:081210C000000010000,00NTRF000000045434//180008
PAGO
:61:081210C000000007300,99NTRF000000045419//180008
PAGO
:61:081210C000000000095,00NTRF000000040301//180008
PAGO
:61:081210C000000002800,00NTRF000000040273//180008
PAGO
:61:081210C000000021150,00NTRF000000039961//180008
PAGO
:61:081210C000000001200,00NTRF000000039856//180008
PAGO
:61:081210C000000000087,20NTRF000000039845//180008
PAGO
:62M:C081210VEF000013652919,64
-}{5:{CHK:1143FB20924B}}{S:{COP:S}}${1:F21VZCRVECAAXXX5410610696}{4:{177:0404021720}{451:0}}{1:F01VZCRVECAAXXX5410610696}{2:09501717040402VZCRVECAAXXX40812675430404021720N}{3:{108:SCONNECT}}{4:
:20:MI081210
:25:2222222222
:28C:0516/092
:60M:C081210VEF000013652919,64
:61:081210C000000000130,80NTRF000000039846//180008
PAGO
:61:081210C000000000381,50NTRF000000039847//180008
PAGO
:61:081210C000000000719,40NTRF000000039848//180008
PAGO
:61:081210C000000001000,00NTRF000000039471//180008
PAGO
:61:081210C000000000364,00NTRF000000039474//180008
PAGO
:61:081210C000000000200,00NTRF000000039819//180008
PAGO
:61:081210C000000005000,00NTRF000000039823//180008
PAGO
:61:081210C000000000300,00NTRF000000039811//180008
PAGO
:61:081210C000000000790,00NTRF000000039771//180008
PAGO
:62M:C081210VEF000013661805,34
-}{5:{CHK:1143FB20924B}}{S:{COP:S}}${1:F21VZCRVECAAXXX5410610696}{4:{177:0404021720}{451:0}}{1:F01VZCRVECAAXXX5410610696}{2:09501717040402VZCRVECAAXXX40812675430404021720N}{3:{108:SCONNECT}}{4:
:20:MI081210
:25:2222222222
:28C:0516/093
:60M:C081210VEF000013661805,34
:61:081210C000000000500,00NTRF000000039749//180008
PAGO
:61:081210C000000000690,00NTRF000000039588//180008
PAGO
:61:081210C000000000350,00NTRF000000039538//180008
PAGO
:61:081210C000000000010,00NTRF000000039495//180008
PAGO
:61:081210C000000000272,50NTRF000000039470//180008
PAGO
:61:081210C000000004000,00NTRF000000045366//180008
PAGO
:61:081210C000000004500,00NTRF000000041062//180008
PAGO
:61:081210C000000000150,00NTRF000000041020//180008
PAGO
:61:081210C000000000130,00NTRF000000040913//180008
PAGO
:62M:C081210VEF000013672407,84
-}{5:{CHK:1143FB20924B}}{S:{COP:S}}${1:F21VZCRVECAAXXX5410610696}{4:{177:0404021720}{451:0}}{1:F01VZCRVECAAXXX5410610696}{2:09501717040402VZCRVECAAXXX40812675430404021720N}{3:{108:SCONNECT}}{4:
:20:MI081210
:25:2222222222
:28C:0516/094
:60M:C081210VEF000013672407,84
:61:081210C000000001000,00NTRF000000040845//180008
PAGO
:61:081210C000000011800,00NTRF000000040817//180008
PAGO
:61:081210C000000007575,00NTRF000000040795//180008
PAGO
:61:081210C000000001000,00NTRF000000040530//180008
PAGO
:61:081210C000000011715,00NTRF000000040319//180008
PAGO
:61:081210C000000000160,00NTRF000000046358//180008
PAGO
:61:081210C000000002000,00NTRF000000046494//180008
PAGO
:61:081210C000000000568,00NTRF000000046933//180008
PAGO
:61:081210C000000000400,00NTRF000000000000//180008
PAGO
:62M:C081210VEF000013708625,84
-}{5:{CHK:1143FB20924B}}{S:{COP:S}}${1:F21VZCRVECAAXXX5410610696}{4:{177:0404021720}{451:0}}{1:F01VZCRVECAAXXX5410610696}{2:09501717040402VZCRVECAAXXX40812675430404021720N}{3:{108:SCONNECT}}{4:
:20:MI081210
:25:2222222222
:28C:0516/095
:60M:C081210VEF000013708625,84
:61:081210C000000000025,00NTRF000000000000//180008
PAGO
:61:081210C000000002000,00NTRF000000000000//180008
PAGO
:61:081210C000000000100,00NTRF000009466831//180008
PAGO
:61:081210C000000001598,47NTRF000000029686//180008
PAGO
:61:081210C000001493713,46NTRF000000031685//180008
PAGO
:61:081210C000000000600,00NTRF000000025566//180008
PAGO
:61:081210C000000000280,00NTRF000000025485//180008
PAGO
:61:081210C000000002000,00NTRF000000025338//180008
PAGO
:61:081210C000000004000,00NTRF000000025246//180008
PAGO
:62M:C081210VEF000015212942,77
-}{5:{CHK:1143FB20924B}}{S:{COP:S}}${1:F21VZCRVECAAXXX5410610696}{4:{177:0404021720}{451:0}}{1:F01VZCRVECAAXXX5410610696}{2:09501717040402VZCRVECAAXXX40812675430404021720N}{3:{108:SCONNECT}}{4:
:20:MI081210
:25:2222222222
:28C:0516/096
:60M:C081210VEF000015212942,77
:61:081210C000000001500,00NTRF000000025060//180008
PAGO
:61:081210C000000015000,00NTRF000000024995//180008
PAGO
:61:081210C000000001300,00NTRF000000024968//180008
PAGO
:61:081210C000000006000,00NTRF000000024880//180008
PAGO
:61:081210C000000009000,00NTRF000000024740//180008
PAGO
:61:081210C000000001100,00NTRF000000024696//180008
PAGO
:61:081210C000000000150,00NTRF000000024674//180008
PAGO
:61:081210C000000000852,00NTRF000000024555//180008
PAGO
:61:081210C000000005909,00NTRF000000014293//180008
PAGO
:62M:C081210VEF000015253753,77
-}{5:{CHK:1143FB20924B}}{S:{COP:S}}${1:F21VZCRVECAAXXX5410610696}{4:{177:0404021720}{451:0}}{1:F01VZCRVECAAXXX5410610696}{2:09501717040402VZCRVECAAXXX40812675430404021720N}{3:{108:SCONNECT}}{4:
:20:MI081210
:25:2222222222
:28C:0516/097
:60M:C081210VEF000015253753,77
:61:081210C000000000300,00NTRF000000014235//180008
PAGO
:61:081210C000000000230,00NTRF000000014223//180008
PAGO
:61:081210C000000000582,00NTRF000000014172//180008
PAGO
:61:081210C000000006000,00NTRF000000014130//180008
PAGO
:61:081210C000000002000,00NTRF000000014050//180008
PAGO
:61:081210C000000000152,82NTRF000000013773//180008
PAGO
:61:081210C000000001000,00NTRF000000013738//180008
PAGO
:61:081210C000000000480,00NTRF000000013662//180008
PAGO
:61:081210C000000001180,00NTRF000000024206//180008
PAGO
:62M:C081210VEF000015265678,59
-}{5:{CHK:1143FB20924B}}{S:{COP:S}}${1:F21VZCRVECAAXXX5410610696}{4:{177:0404021720}{451:0}}{1:F01VZCRVECAAXXX5410610696}{2:09501717040402VZCRVECAAXXX40812675430404021720N}{3:{108:SCONNECT}}{4:
:20:MI081210
:25:2222222222
:28C:0516/098
:60M:C081210VEF000015265678,59
:61:081210C000000000500,00NTRF000000024191//180008
PAGO
:61:081210C000000000600,00NTRF000000024192//180008
PAGO
:61:081210C000000009000,00NTRF000000024144//180008
PAGO
:61:081210C000000010000,00NTRF000000024091//180008
PAGO
:61:081210C000000008000,00NTRF000000024039//180008
PAGO
:61:081210C000000000600,00NTRF000000023974//180008
PAGO
:61:081210C000000000400,00NTRF000000014458//180008
PAGO
:61:081210C000000004500,00NTRF000000014423//180008
PAGO
:61:081210C000000008000,00NTRF000000024541//180008
PAGO
:62M:C081210VEF000015307278,59
-}{5:{CHK:1143FB20924B}}{S:{COP:S}}${1:F21VZCRVECAAXXX5410610696}{4:{177:0404021720}{451:0}}{1:F01VZCRVECAAXXX5410610696}{2:09501717040402VZCRVECAAXXX40812675430404021720N}{3:{108:SCONNECT}}{4:
:20:MI081210
:25:2222222222
:28C:0516/099
:60M:C081210VEF000015307278,59
:61:081210C000000000800,00NTRF000000024505//180008
PAGO
:61:081210C000000000230,00NTRF000000024479//180008
PAGO
:61:081210C000000000500,00NTRF000000024464//180008
PAGO
:61:081210C000000010000,00NTRF000000024392//180008
PAGO
:61:081210C000000004900,00NTRF000000024336//180008
PAGO
:61:081210C000000003450,00NTRF000000024269//180008
PAGO
:61:081210C000000000200,00NTRF000000024262//180008
PAGO
:61:081210C000000000432,00NTRF000000024227//180008
PAGO
:61:081210C000000015000,00NTRF000000013647//180008
PAGO
:62M:C081210VEF000015342790,59
-}{5:{CHK:1143FB20924B}}{S:{COP:S}}${1:F21VZCRVECAAXXX5410610696}{4:{177:0404021720}{451:0}}{1:F01VZCRVECAAXXX5410610696}{2:09501717040402VZCRVECAAXXX40812675430404021720N}{3:{108:SCONNECT}}{4:
:20:MI081210
:25:2222222222
:28C:0516/100
:60M:C081210VEF000015342790,59
:61:081210C000000001200,00NTRF000000013524//180008
PAGO
:61:081210C000000000393,16NTRF000000013530//180008
PAGO
:61:081210C000000001000,00NTRF000000013501//180008
PAGO
:61:081210C000000001400,00NTRF000000013502//180008
PAGO
:61:081210C000000000100,00NTRF000000013466//180008
PAGO
:61:081210C000000001000,00NTRF000000013476//180008
PAGO
:61:081210C000000011000,00NTRF000000013058//180008
PAGO
:61:081210C000000000500,00NTRF000000013002//180008
PAGO
:61:081210C000000001370,95NTRF000000012977//180008
PAGO
:62M:C081210VEF000015360754,70
-}{5:{CHK:1143FB20924B}}{S:{COP:S}}${1:F21VZCRVECAAXXX5410610696}{4:{177:0404021720}{451:0}}{1:F01VZCRVECAAXXX5410610696}{2:09501717040402VZCRVECAAXXX40812675430404021720N}{3:{108:SCONNECT}}{4:
:20:MI081210
:25:2222222222
:28C:0516/101
:60M:C081210VEF000015360754,70
:61:081210C000000001580,50NTRF000000012854//180008
PAGO
:61:081210C000000002000,00NTRF000000012833//180008
PAGO
:61:081210C000000015000,00NTRF000000012819//180008
PAGO
:61:081210C000000000200,00NTRF000000012786//180008
PAGO
:61:081210C000000004000,00NTRF000000012648//180008
PAGO
:61:081210C000000001000,00NTRF000000013477//180008
PAGO
:61:081210C000000001000,00NTRF000000013478//180008
PAGO
:61:081210C000000000100,00NTRF000000013458//180008
PAGO
:61:081210C000000002610,00NTRF000000013388//180008
PAGO
:62M:C081210VEF000015388245,20
-}{5:{CHK:1143FB20924B}}{S:{COP:S}}${1:F21VZCRVECAAXXX5410610696}{4:{177:0404021720}{451:0}}{1:F01VZCRVECAAXXX5410610696}{2:09501717040402VZCRVECAAXXX40812675430404021720N}{3:{108:SCONNECT}}{4:
:20:MI081210
:25:2222222222
:28C:0516/102
:60M:C081210VEF000015388245,20
:61:081210C000000000400,00NTRF000000013376//180008
PAGO
:61:081210C000000012100,00NTRF000000013308//180008
PAGO
:61:081210C000000017427,17NTRF000000013279//180008
PAGO
:61:081210C000000000250,00NTRF000000013220//180008
PAGO
:61:081210C000000000536,25NTRF000000013057//180008
PAGO
:61:081210C000000004000,00NTRF000000025139//180008
PAGO
:61:081210C000000003200,00NTRF000000025290//180008
PAGO
:61:081210C000000000500,00NTRF000000025415//180008
PAGO
:61:081210C000000002500,00NTRF000000025567//180008
PAGO
:62M:C081210VEF000015429158,62
-}{5:{CHK:1143FB20924B}}{S:{COP:S}}${1:F21VZCRVECAAXXX5410610696}{4:{177:0404021720}{451:0}}{1:F01VZCRVECAAXXX5410610696}{2:09501717040402VZCRVECAAXXX40812675430404021720N}{3:{108:SCONNECT}}{4:
:20:MI081210
:25:2222222222
:28C:0516/103
:60M:C081210VEF000015429158,62
:61:081210C000000000550,00NTRF000000025795//180008
PAGO
:61:081210C000000008720,00NTRF000000025856//180008
PAGO
:61:081210C000000008130,00NTRF000000025848//180008
PAGO
:61:081210C000000737013,13NTRF000000033641//180008
PAGO
:61:081210C000000000500,00NTRF000000000000//180008
PAGO
:61:081210C000000001000,00NTRF000000000000//180008
PAGO
:61:081210C000000000100,00NTRF000000000000//180008
PAGO
:61:081210C000000000650,00NTRF000000000000//180008
PAGO
:61:081210C000000183967,33NTRF000038232096//180008
PAGO
:62M:C081210VEF000016369789,08
-}{5:{CHK:1143FB20924B}}{S:{COP:S}}${1:F21VZCRVECAAXXX5410610696}{4:{177:0404021720}{451:0}}{1:F01VZCRVECAAXXX5410610696}{2:09501717040402VZCRVECAAXXX40812675430404021720N}{3:{108:SCONNECT}}{4:
:20:MI081210
:25:2222222222
:28C:0516/104
:60M:C081210VEF000016369789,08
:61:081210C000000001167,08NTRF000000000000//180008
PAGO
:61:081210C000000000900,00NTRF000000000000//180008
PAGO
:61:081210C000000002120,00NTRF000009122008//180008
PAGO
:61:081210C000000001500,00NTRF000000101208//180008
PAGO
:61:081210C000000005000,00NTRF000000000001//180008
PAGO
:61:081210C000000001500,00NTRF000010122008//180008
PAGO
:61:081210C000000004910,00NTRF000000163894//180008
PAGO
:61:081210C000000001200,00NTRF000038014772//180008
PAGO
:61:081210C000000005000,00NTRF000042816764//180008
PAGO
:62M:C081210VEF000016393086,16
-}{5:{CHK:1143FB20924B}}{S:{COP:S}}${1:F21VZCRVECAAXXX5410610696}{4:{177:0404021720}{451:0}}{1:F01VZCRVECAAXXX5410610696}{2:09501717040402VZCRVECAAXXX40812675430404021720N}{3:{108:SCONNECT}}{4:
:20:MI081210
:25:2222222222
:28C:0516/105
:60M:C081210VEF000016393086,16
:61:081210C000000021250,67NTRF000000007868//180008
PAGO
:61:081210C000000002072,02NTRF000000008085//180008
PAGO
:61:081210C000000001814,36NTRF000000008080//180008
PAGO
:61:081210C000000001163,03NTRF000000008062//180008
PAGO
:61:081210C000000001543,37NTRF000000007865//180008
PAGO
:61:081210C000000001756,65NTRF000000007896//180008
PAGO
:61:081210C000000003558,30NTRF000000008118//180008
PAGO
:61:081210C000000008732,61NTRF000000008105//180008
PAGO
:61:081210C000000002829,65NTRF000000007891//180008
PAGO
:62M:C081210VEF000016437806,82
-}{5:{CHK:1143FB20924B}}{S:{COP:S}}${1:F21VZCRVECAAXXX5410610696}{4:{177:0404021720}{451:0}}{1:F01VZCRVECAAXXX5410610696}{2:09501717040402VZCRVECAAXXX40812675430404021720N}{3:{108:SCONNECT}}{4:
:20:MI081210
:25:2222222222
:28C:0516/106
:60M:C081210VEF000016437806,82
:61:081210C000000019397,85NTRF000000007883//180008
PAGO
:61:081210C000000000260,00NTRF000024056440//180008
PAGO
:61:081210C000000000150,00NTRF000024037308//180008
PAGO
:61:081210C000000001251,98NTRF000024098083//180008
PAGO
:61:081210C000000000200,00NTRF000024096131//180008
PAGO
:61:081210C000000006250,00NTRF000024018812//180008
PAGO
:61:081210C000000000110,00NTRF000024048005//180008
PAGO
:61:081210C000000000500,00NTRF000024118475//180008
PAGO
:61:081210C000000000418,89NTRF000005921152//180008
PAGO
:62M:C081210VEF000016466345,54
-}{5:{CHK:1143FB20924B}}{S:{COP:S}}${1:F21VZCRVECAAXXX5410610696}{4:{177:0404021720}{451:0}}{1:F01VZCRVECAAXXX5410610696}{2:09501717040402VZCRVECAAXXX40812675430404021720N}{3:{108:SCONNECT}}{4:
:20:MI081210
:25:2222222222
:28C:0516/107
:60M:C081210VEF000016466345,54
:61:081210C000000000500,00NTRF000004122855//180008
PAGO
:61:081210C000000000300,00NTRF000007905789//180008
PAGO
:61:081210C000000000809,33NTRF000027179001//180008
PAGO
:61:081210C000000001205,00NTRF000027179476//180008
PAGO
:61:081210C000000000250,00NTRF000027179546//180008
PAGO
:61:081210C000000001400,00NTRF000027180992//180008
PAGO
:61:081210C000000004000,00NTRF000027181423//180008
PAGO
:61:081210C000000000300,00NTRF000027182040//180008
PAGO
:61:081210C000000000050,00NTRF000027182063//180008
PAGO
:62M:C081210VEF000016475159,87
-}{5:{CHK:1143FB20924B}}{S:{COP:S}}${1:F21VZCRVECAAXXX5410610696}{4:{177:0404021720}{451:0}}{1:F01VZCRVECAAXXX5410610696}{2:09501717040402VZCRVECAAXXX40812675430404021720N}{3:{108:SCONNECT}}{4:
:20:MI081210
:25:2222222222
:28C:0516/108
:60M:C081210VEF000016475159,87
:61:081210C000000004000,00NTRF000027178383//180008
PAGO
:61:081210C000000000220,00NTRF000027178277//180008
PAGO
:61:081210C000000000200,00NTRF000010122008//180008
PAGO
:61:081210C000000001039,51NTRF000003238448//180008
PAGO
:61:081210C000000000038,77NTRF000003238683//180008
PAGO
:61:081210C000000000062,16NTRF000003238799//180008
PAGO
:61:081210C000000000192,43NTRF000003238953//180008
PAGO
:61:081210C000000266000,48NTRF000003238001//180008
PAGO
:61:081210C000000001046,86NTRF000003238013//180008
PAGO
:62M:C081210VEF000016747960,08
-}{5:{CHK:1143FB20924B}}{S:{COP:S}}${1:F21VZCRVECAAXXX5410610696}{4:{177:0404021720}{451:0}}{1:F01VZCRVECAAXXX5410610696}{2:09501717040402VZCRVECAAXXX40812675430404021720N}{3:{108:SCONNECT}}{4:
:20:MI081210
:25:2222222222
:28C:0516/109
:60M:C081210VEF000016747960,08
:61:081210C000000000058,53NTRF000003238034//180008
PAGO
:61:081210C000000000220,05NTRF000003238078//180008
PAGO
:61:081210C000000000865,16NTRF000003238160//180008
PAGO
:61:081210C000000000029,17NTRF000003238226//180008
PAGO
:61:081210C000000000117,24NTRF000003238243//180008
PAGO
:61:081210C000000000024,39NTRF000003238340//180008
PAGO
:61:081210C000000087158,65NTRF000002448727//180008
PAGO
:61:081210C000000001666,00NTRF000002448728//180008
PAGO
:61:081210C000000006372,00NTRF000002449178//180008
PAGO
:62M:C081210VEF000016844471,27
-}{5:{CHK:1143FB20924B}}{S:{COP:S}}${1:F21VZCRVECAAXXX5410610696}{4:{177:0404021720}{451:0}}{1:F01VZCRVECAAXXX5410610696}{2:09501717040402VZCRVECAAXXX40812675430404021720N}{3:{108:SCONNECT}}{4:
:20:MI081210
:25:2222222222
:28C:0516/110
:60M:C081210VEF000016844471,27
:61:081210C000000000389,40NTRF000002449179//180008
PAGO
:61:081210C000000001000,00NTRF000000168946//180008
PAGO
:61:081210C000000000200,00NTRF000000168961//180008
PAGO
:61:081210C000000004000,00NTRF000000168973//180008
PAGO
:61:081210C000000000080,00NTRF000000168983//180008
PAGO
:61:081210C000000000200,00NTRF000000169015//180008
PAGO
:61:081210C000000000350,00NTRF000000169020//180008
PAGO
:61:081210C000000005300,00NTRF000000169027//180008
PAGO
:61:081210C000000002000,00NTRF000000169032//180008
PAGO
:62M:C081210VEF000016857990,67
-}{5:{CHK:1143FB20924B}}{S:{COP:S}}${1:F21VZCRVECAAXXX5410610696}{4:{177:0404021720}{451:0}}{1:F01VZCRVECAAXXX5410610696}{2:09501717040402VZCRVECAAXXX40812675430404021720N}{3:{108:SCONNECT}}{4:
:20:MI081210
:25:2222222222
:28C:0516/111
:60M:C081210VEF000016857990,67
:61:081210C000000013000,00NTRF000000169194//180008
PAGO
:61:081210C000000000614,51NTRF000000169258//180008
PAGO
:61:081210C000000000883,00NTRF000000169273//180008
PAGO
:61:081210C000000003050,00NTRF000000169372//180008
PAGO
:61:081210C000000010000,00NTRF000000169500//180008
PAGO
:61:081210C000000010000,00NTRF000000169503//180008
PAGO
:61:081210C000000001340,00NTRF000000169545//180008
PAGO
:61:081210C000000000150,00NTRF000000169559//180008
PAGO
:61:081210C000000000050,00NTRF000000169561//180008
PAGO
:62M:C081210VEF000016897078,18
-}{5:{CHK:1143FB20924B}}{S:{COP:S}}${1:F21VZCRVECAAXXX5410610696}{4:{177:0404021720}{451:0}}{1:F01VZCRVECAAXXX5410610696}{2:09501717040402VZCRVECAAXXX40812675430404021720N}{3:{108:SCONNECT}}{4:
:20:MI081210
:25:2222222222
:28C:0516/112
:60M:C081210VEF000016897078,18
:61:081210C000000001594,82NTRF000000169573//180008
PAGO
:61:081210C000000018903,31NTRF000002448726//180008
PAGO
:61:081210C000000005988,31NTRF000003239414//180008
PAGO
:61:081210C000000000191,89NTRF000003239751//180008
PAGO
:61:081210C000000041250,00NTRF000003239776//180008
PAGO
:61:081210C000000000389,00NTRF000003239794//180008
PAGO
:61:081210C000000000500,00NTRF000000170380//180008
PAGO
:61:081210C000000012000,00NTRF000000170420//180008
PAGO
:61:081210C000000008500,00NTRF000000170434//180008
PAGO
:62M:C081210VEF000016986395,51
-}{5:{CHK:1143FB20924B}}{S:{COP:S}}${1:F21VZCRVECAAXXX5410610696}{4:{177:0404021720}{451:0}}{1:F01VZCRVECAAXXX5410610696}{2:09501717040402VZCRVECAAXXX40812675430404021720N}{3:{108:SCONNECT}}{4:
:20:MI081210
:25:2222222222
:28C:0516/113
:60M:C081210VEF000016986395,51
:61:081210C000000870043,41NTRF000003237844//180008
PAGO
:61:081210C000000017800,80NTRF000003237876//180008
PAGO
:61:081210C000000026860,34NTRF000003239160//180008
PAGO
:61:081210C000000000080,34NTRF000003238829//180008
PAGO
:61:081210C000000000011,35NTRF000003238732//180008
PAGO
:61:081210C000000000024,78NTRF000003238637//180008
PAGO
:61:081210C000000000070,30NTRF000003238433//180008
PAGO
:61:081210C000000000500,00NTRF000000172589//180008
PAGO
:61:081210C000000001000,00NTRF000000172554//180008
PAGO
:62M:C081210VEF000017902786,83
-}{5:{CHK:1143FB20924B}}{S:{COP:S}}${1:F21VZCRVECAAXXX5410610696}{4:{177:0404021720}{451:0}}{1:F01VZCRVECAAXXX5410610696}{2:09501717040402VZCRVECAAXXX40812675430404021720N}{3:{108:SCONNECT}}{4:
:20:MI081210
:25:2222222222
:28C:0516/114
:60M:C081210VEF000017902786,83
:61:081210C000000005880,00NTRF000003239825//180008
PAGO
:61:081210C000000001659,00NTRF000003239799//180008
PAGO
:61:081210C000000010351,24NTRF000081904771//180008
PAGO
:61:081210C000000094460,36NTRF000081908374//180008
PAGO
:61:081210C000000006354,64NTRF000081909531//180008
PAGO
:61:081210C000000000049,58NTRF000081893114//180008
PAGO
:61:081210C000000002006,03NTRF000081893140//180008
PAGO
:61:081210C000000000414,55NTRF000081893394//180008
PAGO
:61:081210C000000000929,51NTRF000081906156//180008
PAGO
:62M:C081210VEF000018024891,74
-}{5:{CHK:1143FB20924B}}{S:{COP:S}}${1:F21VZCRVECAAXXX5410610696}{4:{177:0404021720}{451:0}}{1:F01VZCRVECAAXXX5410610696}{2:09501717040402VZCRVECAAXXX40812675430404021720N}{3:{108:SCONNECT}}{4:
:20:MI081210
:25:2222222222
:28C:0516/115
:60M:C081210VEF000018024891,74
:61:081210C000000000319,69NTRF000081907136//180008
PAGO
:61:081210C000000000319,69NTRF000081907254//180008
PAGO
:61:081210C000000000401,00NTRF000081907335//180008
PAGO
:61:081210C000000011621,33NTRF000081913016//180008
PAGO
:61:081210C000000001578,17NTRF000081914173//180008
PAGO
:61:081210C000000000607,01NTRF000081914593//180008
PAGO
:61:081210C000000044175,90NTRF000081915035//180008
PAGO
:61:081210C000000051825,62NTRF000081900431//180008
PAGO
:61:081210C000000009960,32NTRF000081901385//180008
PAGO
:62M:C081210VEF000018145700,47
-}{5:{CHK:1143FB20924B}}{S:{COP:S}}${1:F21VZCRVECAAXXX5410610696}{4:{177:0404021720}{451:0}}{1:F01VZCRVECAAXXX5410610696}{2:09501717040402VZCRVECAAXXX40812675430404021720N}{3:{108:SCONNECT}}{4:
:20:MI081210
:25:2222222222
:28C:0516/116
:60M:C081210VEF000018145700,47
:61:081210C000000072230,53NTRF000081901691//180008
PAGO
:61:081210C000000000446,47NTRF000081901805//180008
PAGO
:61:081210C000000003057,62NTRF000081902096//180008
PAGO
:61:081210C000000000354,99NTRF000081902214//180008
PAGO
:61:081210C000000001244,80NTRF000081903356//180008
PAGO
:61:081210C000000021832,63NTRF000081894271//180008
PAGO
:61:081210C000000001235,52NTRF000081894396//180008
PAGO
:61:081210C000000006944,00NTRF000081895693//180008
PAGO
:61:081210C000000008000,00NTRF000081895973//180008
PAGO
:62M:C081210VEF000018261047,03
-}{5:{CHK:1143FB20924B}}{S:{COP:S}}${1:F21VZCRVECAAXXX5410610696}{4:{177:0404021720}{451:0}}{1:F01VZCRVECAAXXX5410610696}{2:09501717040402VZCRVECAAXXX40812675430404021720N}{3:{108:SCONNECT}}{4:
:20:MI081210
:25:2222222222
:28C:0516/117
:60M:C081210VEF000018261047,03
:61:081210C000000004442,57NTRF000081896312//180008
PAGO
:61:081210C000000025655,57NTRF000081896334//180008
PAGO
:61:081210C000000000681,40NTRF000081896850//180008
PAGO
:61:081210C000000002358,45NTRF000081897572//180008
PAGO
:61:081210C000000001370,00NTRF000081897734//180008
PAGO
:61:081210C000000000245,00NTRF000081897900//180008
PAGO
:61:081210C000000028936,01NTRF000081897955//180008
PAGO
:61:081210C000000175403,17NTRF000081898854//180008
PAGO
:61:081210C000000016727,00NTRF000081899134//180008
PAGO
:62M:C081210VEF000018516866,20
-}{5:{CHK:1143FB20924B}}{S:{COP:S}}${1:F21VZCRVECAAXXX5410610696}{4:{177:0404021720}{451:0}}{1:F01VZCRVECAAXXX5410610696}{2:09501717040402VZCRVECAAXXX40812675430404021720N}{3:{108:SCONNECT}}{4:
:20:MI081210
:25:2222222222
:28C:0516/118
:60M:C081210VEF000018516866,20
:61:081210C000000000350,00NTRF000081891751//180008
PAGO
:61:081210C000000004000,00NTRF000081892215//180008
PAGO
:61:081210C000000004870,23NTRF000081892565//180008
PAGO
:61:081210C000000005718,30NTRF000081892602//180008
PAGO
:61:081210C000000000629,00NTRF000081892764//180008
PAGO
:61:081210C000000002400,00NTRF000081914991//180008
PAGO
:61:081210C000000005079,72NTRF000081915271//180008
PAGO
:61:081210C000000000910,00NTRF000081915374//180008
PAGO
:61:081210C000000002736,25NTRF000081899694//180008
PAGO
:62M:C081210VEF000018543559,70
-}{5:{CHK:1143FB20924B}}{S:{COP:S}}${1:F21VZCRVECAAXXX5410610696}{4:{177:0404021720}{451:0}}{1:F01VZCRVECAAXXX5410610696}{2:09501717040402VZCRVECAAXXX40812675430404021720N}{3:{108:SCONNECT}}{4:
:20:MI081210
:25:2222222222
:28C:0516/119
:60M:C081210VEF000018543559,70
:61:081210C000000000021,80NTRF000081899871//180008
PAGO
:61:081210C000000000857,62NTRF000081899941//180008
PAGO
:61:081210C000000050489,04NTRF000081900103//180008
PAGO
:61:081210C000000001400,91NTRF000081900173//180008
PAGO
:61:081210C000000031248,01NTRF000081900420//180008
PAGO
:61:081210C000000000319,69NTRF000081919751//180008
PAGO
:61:081210C000000000319,69NTRF000081920123//180008
PAGO
:61:081210C000000000319,69NTRF000081920193//180008
PAGO
:61:081210C000000000319,69NTRF000081920171//180008
PAGO
:62M:C081210VEF000018628855,84
-}{5:{CHK:1143FB20924B}}{S:{COP:S}}${1:F21VZCRVECAAXXX5410610696}{4:{177:0404021720}{451:0}}{1:F01VZCRVECAAXXX5410610696}{2:09501717040402VZCRVECAAXXX40812675430404021720N}{3:{108:SCONNECT}}{4:
:20:MI081210
:25:2222222222
:28C:0516/120
:60M:C081210VEF000018628855,84
:61:081210C000000000319,69NTRF000081920182//180008
PAGO
:61:081210C000000000200,00NTRF000081920252//180008
PAGO
:61:081210C000000002702,84NTRF000081922400//180008
PAGO
:61:081210C000000026000,00NTRF000081903673//180008
PAGO
:61:081210C000000017221,63NTRF000081905950//180008
PAGO
:61:081210C000000007581,30NTRF000081912596//180008
PAGO
:61:081210C000000000255,58NTRF000081912692//180008
PAGO
:61:081210C000000001643,04NTRF000081912736//180008
PAGO
:61:081210C000000004601,47NTRF000081915315//180008
PAGO
:62M:C081210VEF000018689381,39
-}{5:{CHK:1143FB20924B}}{S:{COP:S}}${1:F21VZCRVECAAXXX5410610696}{4:{177:0404021720}{451:0}}{1:F01VZCRVECAAXXX5410610696}{2:09501717040402VZCRVECAAXXX40812675430404021720N}{3:{108:SCONNECT}}{4:
:20:MI081210
:25:2222222222
:28C:0516/121
:60M:C081210VEF000018689381,39
:61:081210C000000100000,00NTRF000081915971//180008
PAGO
:61:081210C000000001729,92NTRF000081915993//180008
PAGO
:61:081210C000000063244,68NTRF000081916516//180008
PAGO
:61:081210C000000000459,00NTRF000081916531//180008
PAGO
:61:081210C000000001836,00NTRF000081916715//180008
PAGO
:61:081210C000000000682,31NTRF000081910312//180008
PAGO
:61:081210C000000001798,00NTRF000081909516//180008
PAGO
:61:081210C000000008077,75NTRF000081907910//180008
PAGO
:61:081210C000000005011,58NTRF000081904675//180008
PAGO
:62M:C081210VEF000018872220,63
-}{5:{CHK:1143FB20924B}}{S:{COP:S}}${1:F21VZCRVECAAXXX5410610696}{4:{177:0404021720}{451:0}}{1:F01VZCRVECAAXXX5410610696}{2:09501717040402VZCRVECAAXXX40812675430404021720N}{3:{108:SCONNECT}}{4:
:20:MI081210
:25:2222222222
:28C:0516/122
:60M:C081210VEF000018872220,63
:61:081210C000000001917,02NTRF000081904476//180008
PAGO
:61:081210C000000050000,00NTRF000081855056//180008
PAGO
:61:081210C000000001600,00NTRF000081867601//180008
PAGO
:61:081210C000000000503,14NTRF000081824293//180008
PAGO
:61:081210C000000000100,00NTRF000081826161//180008
PAGO
:61:081210C000000000375,00NTRF000081827141//180008
PAGO
:61:081210C000000005041,00NTRF000081827314//180008
PAGO
:61:081210C000000005000,00NTRF000081828235//180008
PAGO
:61:081210C000000002000,00NTRF000081814040//180008
PAGO
:62M:C081210VEF000018938756,79
-}{5:{CHK:1143FB20924B}}{S:{COP:S}}${1:F21VZCRVECAAXXX5410610696}{4:{177:0404021720}{451:0}}{1:F01VZCRVECAAXXX5410610696}{2:09501717040402VZCRVECAAXXX40812675430404021720N}{3:{108:SCONNECT}}{4:
:20:MI081210
:25:2222222222
:28C:0516/123
:60M:C081210VEF000018938756,79
:61:081210C000000002500,00NTRF000081814412//180008
PAGO
:61:081210C000000004950,00NTRF000081874752//180008
PAGO
:61:081210C000000000215,00NTRF000081874973//180008
PAGO
:61:081210C000000000400,00NTRF000081875485//180008
PAGO
:61:081210C000000002000,00NTRF000081876351//180008
PAGO
:61:081210C000000000110,00NTRF000081876605//180008
PAGO
:61:081210C000000006270,00NTRF000081878300//180008
PAGO
:61:081210C000000000500,00NTRF000081878366//180008
PAGO
:61:081210C000000001665,00NTRF000081879195//180008
PAGO
:62M:C081210VEF000018957366,79
-}{5:{CHK:1143FB20924B}}{S:{COP:S}}${1:F21VZCRVECAAXXX5410610696}{4:{177:0404021720}{451:0}}{1:F01VZCRVECAAXXX5410610696}{2:09501717040402VZCRVECAAXXX40812675430404021720N}{3:{108:SCONNECT}}{4:
:20:MI081210
:25:2222222222
:28C:0516/124
:60M:C081210VEF000018957366,79
:61:081210C000000000200,98NTRF000081879943//180008
PAGO
:61:081210C000000000050,00NTRF000081880702//180008
PAGO
:61:081210C000000000300,00NTRF000081880735//180008
PAGO
:61:081210C000000004000,00NTRF000081882183//180008
PAGO
:61:081210C000000000830,00NTRF000081883141//180008
PAGO
:61:081210C000000001000,00NTRF000081863224//180008
PAGO
:61:081210C000000003000,00NTRF000081863670//180008
PAGO
:61:081210C000000002000,00NTRF000081864436//180008
PAGO
:61:081210C000000010969,20NTRF000081865490//180008
PAGO
:62M:C081210VEF000018979716,97
-}{5:{CHK:1143FB20924B}}{S:{COP:S}}${1:F21VZCRVECAAXXX5410610696}{4:{177:0404021720}{451:0}}{1:F01VZCRVECAAXXX5410610696}{2:09501717040402VZCRVECAAXXX40812675430404021720N}{3:{108:SCONNECT}}{4:
:20:MI081210
:25:2222222222
:28C:0516/125
:60M:C081210VEF000018979716,97
:61:081210C000000000300,00NTRF000081866993//180008
PAGO
:61:081210C000000005000,00NTRF000081867236//180008
PAGO
:61:081210C000000003000,00NTRF000081870806//180008
PAGO
:61:081210C000000000400,00NTRF000081871075//180008
PAGO
:61:081210C000000003500,00NTRF000081871893//180008
PAGO
:61:081210C000000005000,00NTRF000081858685//180008
PAGO
:61:081210C000000000400,00NTRF000081859330//180008
PAGO
:61:081210C000000000100,00NTRF000081859654//180008
PAGO
:61:081210C000000002500,00NTRF000081859761//180008
PAGO
:62M:C081210VEF000018999916,97
-}{5:{CHK:1143FB20924B}}{S:{COP:S}}${1:F21VZCRVECAAXXX5410610696}{4:{177:0404021720}{451:0}}{1:F01VZCRVECAAXXX5410610696}{2:09501717040402VZCRVECAAXXX40812675430404021720N}{3:{108:SCONNECT}}{4:
:20:MI081210
:25:2222222222
:28C:0516/126
:60M:C081210VEF000018999916,97
:61:081210C000000000150,00NTRF000081859890//180008
PAGO
:61:081210C000000000465,48NTRF000081860741//180008
PAGO
:61:081210C000000000260,00NTRF000081861883//180008
PAGO
:61:081210C000000003000,00NTRF000081862771//180008
PAGO
:61:081210C000000000020,00NTRF000081850451//180008
PAGO
:61:081210C000000001500,00NTRF000081853310//180008
PAGO
:61:081210C000000048000,00NTRF000081855642//180008
PAGO
:61:081210C000000001088,41NTRF000081833776//180008
PAGO
:61:081210C000000001000,00NTRF000081834395//180008
PAGO
:62M:C081210VEF000019055400,86
-}{5:{CHK:1143FB20924B}}{S:{COP:S}}${1:F21VZCRVECAAXXX5410610696}{4:{177:0404021720}{451:0}}{1:F01VZCRVECAAXXX5410610696}{2:09501717040402VZCRVECAAXXX40812675430404021720N}{3:{108:SCONNECT}}{4:
:20:MI081210
:25:2222222222
:28C:0516/127
:60M:C081210VEF000019055400,86
:61:081210C000000004000,00NTRF000081837022//180008
PAGO
:61:081210C000000000830,00NTRF000081839892//180008
PAGO
:61:081210C000000002000,00NTRF000081840194//180008
PAGO
:61:081210C000000002650,00NTRF000081840216//180008
PAGO
:61:081210C000000003500,00NTRF000081843801//180008
PAGO
:61:081210C000000000600,00NTRF000081844512//180008
PAGO
:61:081210C000000007444,37NTRF000081845702//180008
PAGO
:61:081210C000000001800,00NTRF000081873190//180008
PAGO
:61:081210C000000000100,00NTRF000081873551//180008
PAGO
:62M:C081210VEF000019078325,23
-}{5:{CHK:1143FB20924B}}{S:{COP:S}}${1:F21VZCRVECAAXXX5410610696}{4:{177:0404021720}{451:0}}{1:F01VZCRVECAAXXX5410610696}{2:09501717040402VZCRVECAAXXX40812675430404021720N}{3:{108:SCONNECT}}{4:
:20:MI081210
:25:2222222222
:28C:0516/128
:60M:C081210VEF000019078325,23
:61:081210C000000001000,00NTRF000081874026//180008
PAGO
:61:081210C000000005000,00NTRF000081874310//180008
PAGO
:61:081210C000000350000,00NTRF000081856401//180008
PAGO
:61:081210C000000007533,38NTRF000081856740//180008
PAGO
:61:081210C000000003000,00NTRF000081857101//180008
PAGO
:61:081210C000000009800,00NTRF000081857683//180008
PAGO
:61:081210C000000000850,00NTRF000081858652//180008
PAGO
:61:081210C000000005000,00NTRF000081885694//180008
PAGO
:61:081210C000000000320,00NTRF000081885930//180008
PAGO
:62M:C081210VEF000019460828,61
-}{5:{CHK:1143FB20924B}}{S:{COP:S}}${1:F21VZCRVECAAXXX5410610696}{4:{177:0404021720}{451:0}}{1:F01VZCRVECAAXXX5410610696}{2:09501717040402VZCRVECAAXXX40812675430404021720N}{3:{108:SCONNECT}}{4:
:20:MI081210
:25:2222222222
:28C:0516/129
:60M:C081210VEF000019460828,61
:61:081210C000000002550,00NTRF000081886011//180008
PAGO
:61:081210C000000000200,00NTRF000081889161//180008
PAGO
:61:081210C000000005000,00NTRF000081889323//180008
PAGO
:61:081210C000000000163,73NTRF000081889356//180008
PAGO
:61:081210C000000000800,00NTRF000081889990//180008
PAGO
:61:081210C000000000750,00NTRF000081890340//180008
PAGO
:61:081210C000000002500,00NTRF000081813874//180008
PAGO
:61:081210C000000000866,66NTRF000081821331//180008
PAGO
:61:081210C000000001500,00NTRF000081821795//180008
PAGO
:62M:C081210VEF000019475159,00
-}{5:{CHK:1143FB20924B}}{S:{COP:S}}${1:F21VZCRVECAAXXX5410610696}{4:{177:0404021720}{451:0}}{1:F01VZCRVECAAXXX5410610696}{2:09501717040402VZCRVECAAXXX40812675430404021720N}{3:{108:SCONNECT}}{4:
:20:MI081210
:25:2222222222
:28C:0516/130
:60M:C081210VEF000019475159,00
:61:081210C000000000500,00NTRF000081821935//180008
PAGO
:61:081210C000000000773,90NTRF000081822053//180008
PAGO
:61:081210C000000030700,00NTRF000081823140//180008
PAGO
:61:081210C000000000150,00NTRF000081823523//180008
PAGO
:61:081210C000000003000,00NTRF000081823840//180008
PAGO
:61:081210C000000000500,00NTRF000081883362//180008
PAGO
:61:081210C000000000600,00NTRF000081884364//180008
PAGO
:61:081210C000000003000,00NTRF000081828994//180008
PAGO
:61:081210C000000000500,00NTRF000081829845//180008
PAGO
:62M:C081210VEF000019514882,90
-}{5:{CHK:1143FB20924B}}{S:{COP:S}}${1:F21VZCRVECAAXXX5410610696}{4:{177:0404021720}{451:0}}{1:F01VZCRVECAAXXX5410610696}{2:09501717040402VZCRVECAAXXX40812675430404021720N}{3:{108:SCONNECT}}{4:
:20:MI081210
:25:2222222222
:28C:0516/131
:60M:C081210VEF000019514882,90
:61:081210C000000002000,00NTRF000081830674//180008
PAGO
:61:081210C000000005000,00NTRF000081816766//180008
PAGO
:61:081210C000000000500,00NTRF000081817875//180008
PAGO
:61:081210C000000022341,00NTRF000081819474//180008
PAGO
:61:081210C000000000200,00NTRF000081819776//180008
PAGO
:61:081210C000000000700,00NTRF000081820336//180008
PAGO
:61:081210C000000000880,00NTRF000081820561//180008
PAGO
:61:081210C000000000635,00NTRF000081828773//180008
PAGO
:61:081210C000000003700,00NTRF000081828165//180008
PAGO
:62M:C081210VEF000019550838,90
-}{5:{CHK:1143FB20924B}}{S:{COP:S}}${1:F21VZCRVECAAXXX5410610696}{4:{177:0404021720}{451:0}}{1:F01VZCRVECAAXXX5410610696}{2:09501717040402VZCRVECAAXXX40812675430404021720N}{3:{108:SCONNECT}}{4:
:20:MI081210
:25:2222222222
:28C:0516/132
:60M:C081210VEF000019550838,90
:61:081210C000000005000,00NTRF000081827163//180008
PAGO
:61:081210C000000020000,00NTRF000081826216//180008
PAGO
:61:081210C000000001000,00NTRF000081826043//180008
PAGO
:61:081210C000000000200,00NTRF000081854706//180008
PAGO
:61:081210C000000000500,00NTRF000081832671//180008
PAGO
:61:081210C000000003000,00NTRF000081831665//180008
PAGO
:61:081210C000000006000,00NTRF000081831245//180008
PAGO
:61:081210D000019586538,90NTRF000020081210//180008
N/D
:62F:C081210VEF000000000000,00
-}{5:{CHK:96FA6004455F}}{S:{COP:S}}
