{1:F21VZCRVECAAXXX5297582204}{4:{177:0311252025}{451:0}}{1:F01VZCRVECAAXXX5297582204}{2:09502025031125VZCRVECAAXXX27981267430311252025N}{3:{108:T000163667}}{4:
:20:MI090123
:25:1111111111
:28C:0547/001
:60F:C090123VEF000000000000,00
:61:090123D000000000300,00NTRF000079660994//180007
PAGO
:61:090123D000000006665,00NTRF000010896347//180007
PAGO
:61:090123D000000000100,00NTRF000071158505//180007
PAGO
:61:090123D000000000031,00NTRF000099200809//180007
PAGO
:61:090123D000000000600,00NTRF000063539646//180007
PAGO
:61:090123D000000000100,00NTRF000048889985//180007
PAGO
:61:090123D000000000500,00NTRF000070471043//180007
PAGO
:61:090123D000000000200,00NTRF000007151285//180007
PAGO
:61:090123D000000000500,00NTRF000097281378//180007
PAGO
:62M:D090123VEF000000008996,00
-}{5:{CHK:1143FB20924B}}{S:{COP:S}}${1:F21VZCRVECAAXXX5410610696}{4:{177:0404021720}{451:0}}{1:F01VZCRVECAAXXX5410610696}{2:09501717040402VZCRVECAAXXX40812675430404021720N}{3:{108:SCONNECT}}{4:
:20:MI090123
:25:1111111111
:28C:0547/002
:60M:D090123VEF000000008996,00
:61:090123D000000000069,00NTRF000098376357//180007
PAGO
:61:090123D000000000500,00NTRF000098027095//180007
PAGO
:61:090123D000000000045,00NTRF000095667345//180007
PAGO
:61:090123D000000001859,00NTRF000092693012//180007
PAGO
:61:090123D000000000290,00NTRF000092428234//180007
PAGO
:61:090123D000000000250,00NTRF000090743509//180007
PAGO
:61:090123D000000000500,00NTRF000090643315//180007
PAGO
:61:090123D000000000300,00NTRF000089529143//180007
PAGO
:61:090123D000000000600,00NTRF000089311715//180007
PAGO
:62M:D090123VEF000000013409,00
-}{5:{CHK:1143FB20924B}}{S:{COP:S}}${1:F21VZCRVECAAXXX5410610696}{4:{177:0404021720}{451:0}}{1:F01VZCRVECAAXXX5410610696}{2:09501717040402VZCRVECAAXXX40812675430404021720N}{3:{108:SCONNECT}}{4:
:20:MI090123
:25:1111111111
:28C:0547/003
:60M:D090123VEF000000013409,00
:61:090123D000000000100,00NTRF000088394566//180007
PAGO
:61:090123D000000002700,00NTRF000073208782//180007
PAGO
:61:090123D000000000360,00NTRF000086262148//180007
PAGO
:61:090123D000000000321,00NTRF000085618374//180007
PAGO
:61:090123D000000000500,00NTRF000080413169//180007
PAGO
:61:090123D000000000400,00NTRF000076997503//180007
PAGO
:61:090123D000000007000,00NTRF000075875232//180007
PAGO
:61:090123D000000000220,00NTRF000075204516//180007
PAGO
:61:090123D000000000650,00NTRF000074385007//180007
PAGO
:62M:D090123VEF000000025660,00
-}{5:{CHK:1143FB20924B}}{S:{COP:S}}${1:F21VZCRVECAAXXX5410610696}{4:{177:0404021720}{451:0}}{1:F01VZCRVECAAXXX5410610696}{2:09501717040402VZCRVECAAXXX40812675430404021720N}{3:{108:SCONNECT}}{4:
:20:MI090123
:25:1111111111
:28C:0547/004
:60M:D090123VEF000000025660,00
:61:090123D000000000150,00NTRF000073463756//180007
PAGO
:61:090123D000000000160,00NTRF000073437867//180007
PAGO
:61:090123D000000002500,00NTRF000069786294//180007
PAGO
:61:090123D000000000500,00NTRF000067910822//180007
PAGO
:61:090123D000000000100,00NTRF000067853181//180007
PAGO
:61:090123D000000000200,00NTRF000067747247//180007
PAGO
:61:090123D000000000700,00NTRF000066824535//180007
PAGO
:61:090123D000000001000,00NTRF000064150561//180007
PAGO
:61:090123D000000001500,00NTRF000062405713//180007
PAGO
:62M:D090123VEF000000032470,00
-}{5:{CHK:1143FB20924B}}{S:{COP:S}}${1:F21VZCRVECAAXXX5410610696}{4:{177:0404021720}{451:0}}{1:F01VZCRVECAAXXX5410610696}{2:09501717040402VZCRVECAAXXX40812675430404021720N}{3:{108:SCONNECT}}{4:
:20:MI090123
:25:1111111111
:28C:0547/005
:60M:D090123VEF000000032470,00
:61:090123D000000001000,00NTRF000061817352//180007
PAGO
:61:090123D000000000369,00NTRF000049912569//180007
PAGO
:61:090123D000000001100,00NTRF000059479849//180007
PAGO
:61:090123D000000000150,00NTRF000057444761//180007
PAGO
:61:090123D000000000245,58NTRF000056456962//180007
PAGO
:61:090123D000000000800,00NTRF000056386990//180007
PAGO
:61:090123D000000000100,00NTRF000054150060//180007
PAGO
:61:090123D000000008000,00NTRF000051032851//180007
PAGO
:61:090123D000000005000,00NTRF000050817350//180007
PAGO
:62M:D090123VEF000000049234,58
-}{5:{CHK:1143FB20924B}}{S:{COP:S}}${1:F21VZCRVECAAXXX5410610696}{4:{177:0404021720}{451:0}}{1:F01VZCRVECAAXXX5410610696}{2:09501717040402VZCRVECAAXXX40812675430404021720N}{3:{108:SCONNECT}}{4:
:20:MI090123
:25:1111111111
:28C:0547/006
:60M:D090123VEF000000049234,58
:61:090123D000000009350,00NTRF000050711302//180007
PAGO
:61:090123D000000003000,00NTRF000050100354//180007
PAGO
:61:090123D000000000330,00NTRF000047648195//180007
PAGO
:61:090123D000000002000,00NTRF000044179562//180007
PAGO
:61:090123D000000001040,00NTRF000043355699//180007
PAGO
:61:090123D000000004000,00NTRF000043213938//180007
PAGO
:61:090123D000000003100,00NTRF000042773601//180007
PAGO
:61:090123D000000000150,00NTRF000041831420//180007
PAGO
:61:090123D000000000150,00NTRF000041481954//180007
PAGO
:62M:D090123VEF000000072354,58
-}{5:{CHK:1143FB20924B}}{S:{COP:S}}${1:F21VZCRVECAAXXX5410610696}{4:{177:0404021720}{451:0}}{1:F01VZCRVECAAXXX5410610696}{2:09501717040402VZCRVECAAXXX40812675430404021720N}{3:{108:SCONNECT}}{4:
:20:MI090123
:25:1111111111
:28C:0547/007
:60M:D090123VEF000000072354,58
:61:090123D000000000300,00NTRF000040601709//180007
PAGO
:61:090123D000000002199,00NTRF000038462584//180007
PAGO
:61:090123D000000022000,00NTRF000070177571//180007
PAGO
:61:090123D000000000250,00NTRF000070131857//180007
PAGO
:61:090123D000000001250,00NTRF000070065094//180007
PAGO
:61:090123D000000000270,98NTRF000069978035//180007
PAGO
:61:090123D000000000180,00NTRF000069952202//180007
PAGO
:61:090123D000000001000,00NTRF000069860152//180007
PAGO
:61:090123D000000000746,86NTRF000069766136//180007
PAGO
:62M:D090123VEF000000100551,42
-}{5:{CHK:1143FB20924B}}{S:{COP:S}}${1:F21VZCRVECAAXXX5410610696}{4:{177:0404021720}{451:0}}{1:F01VZCRVECAAXXX5410610696}{2:09501717040402VZCRVECAAXXX40812675430404021720N}{3:{108:SCONNECT}}{4:
:20:MI090123
:25:1111111111
:28C:0547/008
:60M:D090123VEF000000100551,42
:61:090123D000000002000,00NTRF000069329643//180007
PAGO
:61:090123D000000001500,00NTRF000069316592//180007
PAGO
:61:090123D000000002500,00NTRF000054575367//180007
PAGO
:61:090123D000000000100,00NTRF000054553412//180007
PAGO
:61:090123D000000007858,50NTRF000054510886//180007
PAGO
:61:090123D000000000250,00NTRF000054498444//180007
PAGO
:61:090123D000000000500,00NTRF000054472969//180007
PAGO
:61:090123D000000003000,00NTRF000054436936//180007
PAGO
:61:090123D000000000027,00NTRF000054433233//180007
PAGO
:62M:D090123VEF000000118286,92
-}{5:{CHK:1143FB20924B}}{S:{COP:S}}${1:F21VZCRVECAAXXX5410610696}{4:{177:0404021720}{451:0}}{1:F01VZCRVECAAXXX5410610696}{2:09501717040402VZCRVECAAXXX40812675430404021720N}{3:{108:SCONNECT}}{4:
:20:MI090123
:25:1111111111
:28C:0547/009
:60M:D090123VEF000000118286,92
:61:090123D000000002000,00NTRF000054426212//180007
PAGO
:61:090123D000000000700,00NTRF000054398588//180007
PAGO
:61:090123D000000000200,00NTRF000034832105//180007
PAGO
:61:090123D000000005000,00NTRF000034814086//180007
PAGO
:61:090123D000000000600,00NTRF000034791960//180007
PAGO
:61:090123D000000000395,68NTRF000034197773//180007
PAGO
:61:090123D000000000950,00NTRF000033983839//180007
PAGO
:61:090123D000000000150,00NTRF000033978897//180007
PAGO
:61:090123D000000000130,00NTRF000033875618//180007
PAGO
:62M:D090123VEF000000128412,60
-}{5:{CHK:1143FB20924B}}{S:{COP:S}}${1:F21VZCRVECAAXXX5410610696}{4:{177:0404021720}{451:0}}{1:F01VZCRVECAAXXX5410610696}{2:09501717040402VZCRVECAAXXX40812675430404021720N}{3:{108:SCONNECT}}{4:
:20:MI090123
:25:1111111111
:28C:0547/010
:60M:D090123VEF000000128412,60
:61:090123D000000130000,00NTRF000033862694//180007
PAGO
:61:090123D000000000500,00NTRF000033840239//180007
PAGO
:61:090123D000000005000,00NTRF000017144596//180007
PAGO
:61:090123D000000000400,00NTRF000016960330//180007
PAGO
:61:090123D000000001400,00NTRF000016864802//180007
PAGO
:61:090123D000000000460,00NTRF000016759672//180007
PAGO
:61:090123D000000000280,00NTRF000016715887//180007
PAGO
:61:090123D000000001881,00NTRF000016610870//180007
PAGO
:61:090123D000000000060,00NTRF000016547043//180007
PAGO
:62M:D090123VEF000000268393,60
-}{5:{CHK:1143FB20924B}}{S:{COP:S}}${1:F21VZCRVECAAXXX5410610696}{4:{177:0404021720}{451:0}}{1:F01VZCRVECAAXXX5410610696}{2:09501717040402VZCRVECAAXXX40812675430404021720N}{3:{108:SCONNECT}}{4:
:20:MI090123
:25:1111111111
:28C:0547/011
:60M:D090123VEF000000268393,60
:61:090123D000000004000,00NTRF000016516026//180007
PAGO
:61:090123D000000000100,00NTRF000016448486//180007
PAGO
:61:090123D000000006177,62NTRF000098646394//180007
PAGO
:61:090123D000000000530,00NTRF000098448155//180007
PAGO
:61:090123D000000000254,89NTRF000098435956//180007
PAGO
:61:090123D000000000100,00NTRF000098212008//180007
PAGO
:61:090123D000000000300,00NTRF000097966005//180007
PAGO
:61:090123D000000000250,00NTRF000097868487//180007
PAGO
:61:090123D000000005450,39NTRF000097864233//180007
PAGO
:62M:D090123VEF000000285556,50
-}{5:{CHK:1143FB20924B}}{S:{COP:S}}${1:F21VZCRVECAAXXX5410610696}{4:{177:0404021720}{451:0}}{1:F01VZCRVECAAXXX5410610696}{2:09501717040402VZCRVECAAXXX40812675430404021720N}{3:{108:SCONNECT}}{4:
:20:MI090123
:25:1111111111
:28C:0547/012
:60M:D090123VEF000000285556,50
:61:090123D000000000200,00NTRF000097835702//180007
PAGO
:61:090123D000000003500,00NTRF000097812855//180007
PAGO
:61:090123D000000000872,00NTRF000072966337//180007
PAGO
:61:090123D000000000838,78NTRF000072801130//180007
PAGO
:61:090123D000000004000,00NTRF000072761475//180007
PAGO
:61:090123D000000002050,00NTRF000072528231//180007
PAGO
:61:090123D000000001188,59NTRF000072203061//180007
PAGO
:61:090123D000000011746,17NTRF000072177852//180007
PAGO
:61:090123D000000000560,00NTRF000072173263//180007
PAGO
:62M:D090123VEF000000310512,04
-}{5:{CHK:1143FB20924B}}{S:{COP:S}}${1:F21VZCRVECAAXXX5410610696}{4:{177:0404021720}{451:0}}{1:F01VZCRVECAAXXX5410610696}{2:09501717040402VZCRVECAAXXX40812675430404021720N}{3:{108:SCONNECT}}{4:
:20:MI090123
:25:1111111111
:28C:0547/013
:60M:D090123VEF000000310512,04
:61:090123D000000000500,00NTRF000071896173//180007
PAGO
:61:090123D000000003000,00NTRF000071116759//180007
PAGO
:61:090123D000000000300,00NTRF000047907360//180007
PAGO
:61:090123D000000000460,73NTRF000047700148//180007
PAGO
:61:090123D000000000150,00NTRF000047686694//180007
PAGO
:61:090123D000000000999,00NTRF000047525370//180007
PAGO
:61:090123D000000000272,20NTRF000047318765//180007
PAGO
:61:090123D000000002475,00NTRF000047292282//180007
PAGO
:61:090123D000000001300,00NTRF000046483984//180007
PAGO
:62M:D090123VEF000000319968,97
-}{5:{CHK:1143FB20924B}}{S:{COP:S}}${1:F21VZCRVECAAXXX5410610696}{4:{177:0404021720}{451:0}}{1:F01VZCRVECAAXXX5410610696}{2:09501717040402VZCRVECAAXXX40812675430404021720N}{3:{108:SCONNECT}}{4:
:20:MI090123
:25:1111111111
:28C:0547/014
:60M:D090123VEF000000319968,97
:61:090123D000000000082,00NTRF000046330449//180007
PAGO
:61:090123D000000000379,00NTRF000046000215//180007
PAGO
:61:090123D000000000300,00NTRF000021913399//180007
PAGO
:61:090123D000000000300,00NTRF000021888399//180007
PAGO
:61:090123D000000002000,00NTRF000021862171//180007
PAGO
:61:090123D000000000300,00NTRF000021775498//180007
PAGO
:61:090123D000000000300,00NTRF000021617498//180007
PAGO
:61:090123D000000001500,00NTRF000021453556//180007
PAGO
:61:090123D000000000530,00NTRF000020935484//180007
PAGO
:62M:D090123VEF000000325659,97
-}{5:{CHK:1143FB20924B}}{S:{COP:S}}${1:F21VZCRVECAAXXX5410610696}{4:{177:0404021720}{451:0}}{1:F01VZCRVECAAXXX5410610696}{2:09501717040402VZCRVECAAXXX40812675430404021720N}{3:{108:SCONNECT}}{4:
:20:MI090123
:25:1111111111
:28C:0547/015
:60M:D090123VEF000000325659,97
:61:090123D000000000500,00NTRF000020897803//180007
PAGO
:61:090123D000000000125,00NTRF000020871761//180007
PAGO
:61:090123D000000000150,00NTRF000001539954//180007
PAGO
:61:090123D000000001000,00NTRF000001524508//180007
PAGO
:61:090123D000000006239,00NTRF000001509956//180007
PAGO
:61:090123D000000000070,00NTRF000001333117//180007
PAGO
:61:090123D000000000300,00NTRF000000972653//180007
PAGO
:61:090123D000000000100,00NTRF000000714175//180007
PAGO
:61:090123D000000000030,00NTRF000000503135//180007
PAGO
:62M:D090123VEF000000334173,97
-}{5:{CHK:1143FB20924B}}{S:{COP:S}}${1:F21VZCRVECAAXXX5410610696}{4:{177:0404021720}{451:0}}{1:F01VZCRVECAAXXX5410610696}{2:09501717040402VZCRVECAAXXX40812675430404021720N}{3:{108:SCONNECT}}{4:
:20:MI090123
:25:1111111111
:28C:0547/016
:60M:D090123VEF000000334173,97
:61:090123D000000000101,00NTRF000000453994//180007
PAGO
:61:090123D000000000250,00NTRF000000086503//180007
PAGO
:61:090123D000000016268,14NTRF000000036370//180007
PAGO
:61:090123D000000064693,27NTRF000000036369//180007
PAGO
:61:090123D000000754243,12NTRF000000036368//180007
PAGO
:61:090123D000000057639,54NTRF000000036367//180007
PAGO
:61:090123D000000174584,76NTRF000000036366//180007
PAGO
:61:090123D000000088996,39NTRF000000036365//180007
PAGO
:61:090123D000000003375,13NTRF000000036364//180007
PAGO
:62M:D090123VEF000001494325,32
-}{5:{CHK:1143FB20924B}}{S:{COP:S}}${1:F21VZCRVECAAXXX5410610696}{4:{177:0404021720}{451:0}}{1:F01VZCRVECAAXXX5410610696}{2:09501717040402VZCRVECAAXXX40812675430404021720N}{3:{108:SCONNECT}}{4:
:20:MI090123
:25:1111111111
:28C:0547/017
:60M:D090123VEF000001494325,32
:61:090123D000000098559,98NTRF000000036363//180007
PAGO
:61:090123D000000008585,24NTRF000000036362//180007
PAGO
:61:090123D000000012058,25NTRF000000036274//180007
PAGO
:61:090123D000000004492,57NTRF000000036273//180007
PAGO
:61:090123D000000000802,00NTRF000000036272//180007
PAGO
:61:090123D000000005411,92NTRF000000036271//180007
PAGO
:61:090123D000000012621,74NTRF000000036270//180007
PAGO
:61:090123D000000000556,12NTRF000000036269//180007
PAGO
:61:090123D000000000903,83NTRF000000036268//180007
PAGO
:62M:D090123VEF000001638316,97
-}{5:{CHK:1143FB20924B}}{S:{COP:S}}${1:F21VZCRVECAAXXX5410610696}{4:{177:0404021720}{451:0}}{1:F01VZCRVECAAXXX5410610696}{2:09501717040402VZCRVECAAXXX40812675430404021720N}{3:{108:SCONNECT}}{4:
:20:MI090123
:25:1111111111
:28C:0547/018
:60M:D090123VEF000001638316,97
:61:090123D000000003435,60NTRF000000036267//180007
PAGO
:61:090123D000000002633,96NTRF000000036266//180007
PAGO
:61:090123D000000002899,76NTRF000000113578//180007
PAGO
:61:090123D000000004732,13NTRF000000113577//180007
PAGO
:61:090123D000000005338,00NTRF000000113576//180007
PAGO
:61:090123D000000008210,47NTRF000000113575//180007
PAGO
:61:090123D000000011843,62NTRF000000113574//180007
PAGO
:61:090123D000000024795,00NTRF000000113573//180007
PAGO
:61:090123D000000000752,64NTRF000000113572//180007
PAGO
:62M:D090123VEF000001702958,15
-}{5:{CHK:1143FB20924B}}{S:{COP:S}}${1:F21VZCRVECAAXXX5410610696}{4:{177:0404021720}{451:0}}{1:F01VZCRVECAAXXX5410610696}{2:09501717040402VZCRVECAAXXX40812675430404021720N}{3:{108:SCONNECT}}{4:
:20:MI090123
:25:1111111111
:28C:0547/019
:60M:D090123VEF000001702958,15
:61:090123D000000001340,26NTRF000000113571//180007
PAGO
:61:090123D000000003067,50NTRF000000113570//180007
PAGO
:61:090123D000000001103,91NTRF000000000005//180007
PAGO
:61:090123D000000004924,80NTRF000000000004//180007
PAGO
:61:090123D000000009028,80NTRF000000000002//180007
PAGO
:61:090123D000000002273,21NTRF000000000001//180007
PAGO
:61:090123D000000003597,00NTRF000000000001//180007
PAGO
:61:090123D000000000040,00NTRF000093220636//180007
PAGO
:61:090123D000000000066,00NTRF000090758219//180007
PAGO
:62M:D090123VEF000001728399,63
-}{5:{CHK:1143FB20924B}}{S:{COP:S}}${1:F21VZCRVECAAXXX5410610696}{4:{177:0404021720}{451:0}}{1:F01VZCRVECAAXXX5410610696}{2:09501717040402VZCRVECAAXXX40812675430404021720N}{3:{108:SCONNECT}}{4:
:20:MI090123
:25:1111111111
:28C:0547/020
:60M:D090123VEF000001728399,63
:61:090123D000000000600,00NTRF000089596442//180007
PAGO
:61:090123D000000001000,00NTRF000087582557//180007
PAGO
:61:090123D000000001000,00NTRF000087440557//180007
PAGO
:61:090123D000000000700,00NTRF000086340248//180007
PAGO
:61:090123D000000001362,00NTRF000085535475//180007
PAGO
:61:090123D000000000021,50NTRF000078948123//180007
PAGO
:61:090123D000000000097,00NTRF000075756456//180007
PAGO
:61:090123D000000005553,02NTRF000070413601//180007
PAGO
:61:090123D000000005152,31NTRF000070413105//180007
PAGO
:62M:D090123VEF000001743885,46
-}{5:{CHK:1143FB20924B}}{S:{COP:S}}${1:F21VZCRVECAAXXX5410610696}{4:{177:0404021720}{451:0}}{1:F01VZCRVECAAXXX5410610696}{2:09501717040402VZCRVECAAXXX40812675430404021720N}{3:{108:SCONNECT}}{4:
:20:MI090123
:25:1111111111
:28C:0547/021
:60M:D090123VEF000001743885,46
:61:090123D000000022000,00NTRF000070274132//180007
PAGO
:61:090123D000000002150,00NTRF000070243735//180007
PAGO
:61:090123D000000000150,00NTRF000099902115//180007
PAGO
:61:090123D000000038200,00NTRF000099873450//180007
PAGO
:61:090123D000000006000,00NTRF000099814355//180007
PAGO
:61:090123D000000005000,00NTRF000099704516//180007
PAGO
:61:090123D000000000800,00NTRF000098807074//180007
PAGO
:61:090123D000000004000,00NTRF000063109594//180007
PAGO
:61:090123D000000000700,00NTRF000062856033//180007
PAGO
:62M:D090123VEF000001822885,46
-}{5:{CHK:1143FB20924B}}{S:{COP:S}}${1:F21VZCRVECAAXXX5410610696}{4:{177:0404021720}{451:0}}{1:F01VZCRVECAAXXX5410610696}{2:09501717040402VZCRVECAAXXX40812675430404021720N}{3:{108:SCONNECT}}{4:
:20:MI090123
:25:1111111111
:28C:0547/022
:60M:D090123VEF000001822885,46
:61:090123D000000003000,00NTRF000062738551//180007
PAGO
:61:090123D000000000500,00NTRF000062700998//180007
PAGO
:61:090123D000000001000,00NTRF000062124153//180007
PAGO
:61:090123D000000000400,00NTRF000062105142//180007
PAGO
:61:090123D000000001560,00NTRF000062095378//180007
PAGO
:61:090123D000000005000,00NTRF000062079221//180007
PAGO
:61:090123D000000000490,07NTRF000061717677//180007
PAGO
:61:090123D000000001000,00NTRF000029879753//180007
PAGO
:61:090123D000000000900,00NTRF000028683114//180007
PAGO
:62M:D090123VEF000001836735,53
-}{5:{CHK:1143FB20924B}}{S:{COP:S}}${1:F21VZCRVECAAXXX5410610696}{4:{177:0404021720}{451:0}}{1:F01VZCRVECAAXXX5410610696}{2:09501717040402VZCRVECAAXXX40812675430404021720N}{3:{108:SCONNECT}}{4:
:20:MI090123
:25:1111111111
:28C:0547/023
:60M:D090123VEF000001836735,53
:61:090123D000000000454,00NTRF000028432157//180007
PAGO
:61:090123D000000000330,00NTRF000028260321//180007
PAGO
:61:090123D000000001500,00NTRF000028173630//180007
PAGO
:61:090123D000000000160,00NTRF000028130718//180007
PAGO
:61:090123D000000000800,00NTRF000027468544//180007
PAGO
:61:090123D000000005000,00NTRF000027425719//180007
PAGO
:61:090123D000000000450,00NTRF000027128728//180007
PAGO
:61:090123D000000000450,00NTRF000096882492//180007
PAGO
:61:090123D000000000500,00NTRF000096157920//180007
PAGO
:62M:D090123VEF000001846379,53
-}{5:{CHK:1143FB20924B}}{S:{COP:S}}${1:F21VZCRVECAAXXX5410610696}{4:{177:0404021720}{451:0}}{1:F01VZCRVECAAXXX5410610696}{2:09501717040402VZCRVECAAXXX40812675430404021720N}{3:{108:SCONNECT}}{4:
:20:MI090123
:25:1111111111
:28C:0547/024
:60M:D090123VEF000001846379,53
:61:090123D000000000500,00NTRF000096072920//180007
PAGO
:61:090123D000000001000,00NTRF000095660472//180007
PAGO
:61:090123D000000000201,00NTRF000095337415//180007
PAGO
:61:090123D000000001000,00NTRF000094772754//180007
PAGO
:61:090123D000000000450,00NTRF000094670576//180007
PAGO
:61:090123D000000001000,00NTRF000094490754//180007
PAGO
:61:090123D000000000150,00NTRF000093637483//180007
PAGO
:61:090123D000000000600,00NTRF000053097051//180007
PAGO
:61:090123D000000000600,00NTRF000053062051//180007
PAGO
:62M:D090123VEF000001851880,53
-}{5:{CHK:1143FB20924B}}{S:{COP:S}}${1:F21VZCRVECAAXXX5410610696}{4:{177:0404021720}{451:0}}{1:F01VZCRVECAAXXX5410610696}{2:09501717040402VZCRVECAAXXX40812675430404021720N}{3:{108:SCONNECT}}{4:
:20:MI090123
:25:1111111111
:28C:0547/025
:60M:D090123VEF000001851880,53
:61:090123D000000000150,00NTRF000053053235//180007
PAGO
:61:090123D000000000125,00NTRF000052833212//180007
PAGO
:61:090123D000000003933,76NTRF000052768480//180007
PAGO
:61:090123D000000000030,00NTRF000051697691//180007
PAGO
:61:090123D000000000030,00NTRF000051617691//180007
PAGO
:61:090123D000000000040,00NTRF000051420331//180007
PAGO
:61:090123D000000000857,81NTRF000051397541//180007
PAGO
:61:090123D000000000850,00NTRF000026318159//180007
PAGO
:61:090123D000000000273,71NTRF000025758440//180007
PAGO
:62M:D090123VEF000001858170,81
-}{5:{CHK:1143FB20924B}}{S:{COP:S}}${1:F21VZCRVECAAXXX5410610696}{4:{177:0404021720}{451:0}}{1:F01VZCRVECAAXXX5410610696}{2:09501717040402VZCRVECAAXXX40812675430404021720N}{3:{108:SCONNECT}}{4:
:20:MI090123
:25:1111111111
:28C:0547/026
:60M:D090123VEF000001858170,81
:61:090123D000000000404,00NTRF000025703946//180007
PAGO
:61:090123D000000000230,00NTRF000025505127//180007
PAGO
:61:090123D000000000900,00NTRF000025458209//180007
PAGO
:61:090123D000000000400,00NTRF000025238712//180007
PAGO
:61:090123D000000000400,00NTRF000024803712//180007
PAGO
:61:090123D000000000110,00NTRF000024686834//180007
PAGO
:61:090123D000000000500,00NTRF000024362204//180007
PAGO
:61:090123D000000001361,50NTRF000000015867//180007
PAGO
:61:090123D000000000481,20NTRF000000015866//180007
PAGO
:62M:D090123VEF000001862957,51
-}{5:{CHK:1143FB20924B}}{S:{COP:S}}${1:F21VZCRVECAAXXX5410610696}{4:{177:0404021720}{451:0}}{1:F01VZCRVECAAXXX5410610696}{2:09501717040402VZCRVECAAXXX40812675430404021720N}{3:{108:SCONNECT}}{4:
:20:MI090123
:25:1111111111
:28C:0547/027
:60M:D090123VEF000001862957,51
:61:090123D000000003609,00NTRF000000015865//180007
PAGO
:61:090123D000000053007,68NTRF000000015864//180007
PAGO
:61:090123D000000003650,32NTRF000000015863//180007
PAGO
:61:090123D000000005959,29NTRF000000015862//180007
PAGO
:61:090123D000000000701,75NTRF000000015861//180007
PAGO
:61:090123D000000008000,00NTRF000000000630//180007
PAGO
:61:090123D000000000644,14NTRF000000000629//180007
PAGO
:61:090123D000000000950,00NTRF000088705738//180007
PAGO
:61:090123D000000000500,00NTRF000088688241//180007
PAGO
:62M:D090123VEF000001939979,69
-}{5:{CHK:1143FB20924B}}{S:{COP:S}}${1:F21VZCRVECAAXXX5410610696}{4:{177:0404021720}{451:0}}{1:F01VZCRVECAAXXX5410610696}{2:09501717040402VZCRVECAAXXX40812675430404021720N}{3:{108:SCONNECT}}{4:
:20:MI090123
:25:1111111111
:28C:0547/028
:60M:D090123VEF000001939979,69
:61:090123D000000002400,00NTRF000088585886//180007
PAGO
:61:090123D000000000327,00NTRF000088507244//180007
PAGO
:61:090123D000000000688,77NTRF000088451378//180007
PAGO
:61:090123D000000000600,00NTRF000088315190//180007
PAGO
:61:090123D000000000150,00NTRF000088168541//180007
PAGO
:61:090123D000000000300,00NTRF000087958878//180007
PAGO
:61:090123D000000001869,00NTRF000087956235//180007
PAGO
:61:090123D000000005000,00NTRF000068911660//180007
PAGO
:61:090123D000000000012,75NTRF000068742012//180007
PAGO
:62M:D090123VEF000001951327,21
-}{5:{CHK:1143FB20924B}}{S:{COP:S}}${1:F21VZCRVECAAXXX5410610696}{4:{177:0404021720}{451:0}}{1:F01VZCRVECAAXXX5410610696}{2:09501717040402VZCRVECAAXXX40812675430404021720N}{3:{108:SCONNECT}}{4:
:20:MI090123
:25:1111111111
:28C:0547/029
:60M:D090123VEF000001951327,21
:61:090123D000000000150,00NTRF000068722777//180007
PAGO
:61:090123D000000000515,00NTRF000068664105//180007
PAGO
:61:090123D000000000400,00NTRF000068640996//180007
PAGO
:61:090123D000000002000,00NTRF000068618904//180007
PAGO
:61:090123D000000004140,83NTRF000068515779//180007
PAGO
:61:090123D000000000140,00NTRF000068497680//180007
PAGO
:61:090123D000000001500,00NTRF000068440488//180007
PAGO
:61:090123D000000000234,38NTRF000053958675//180007
PAGO
:61:090123D000000005000,00NTRF000053677075//180007
PAGO
:62M:D090123VEF000001965407,42
-}{5:{CHK:1143FB20924B}}{S:{COP:S}}${1:F21VZCRVECAAXXX5410610696}{4:{177:0404021720}{451:0}}{1:F01VZCRVECAAXXX5410610696}{2:09501717040402VZCRVECAAXXX40812675430404021720N}{3:{108:SCONNECT}}{4:
:20:MI090123
:25:1111111111
:28C:0547/030
:60M:D090123VEF000001965407,42
:61:090123D000000000800,00NTRF000053648257//180007
PAGO
:61:090123D000000000200,00NTRF000053641262//180007
PAGO
:61:090123D000000000500,00NTRF000053574204//180007
PAGO
:61:090123D000000001257,00NTRF000053444241//180007
PAGO
:61:090123D000000000120,00NTRF000053316607//180007
PAGO
:61:090123D000000000700,00NTRF000053308921//180007
PAGO
:61:090123D000000000333,00NTRF000052689839//180007
PAGO
:61:090123D000000083333,33NTRF000033786484//180007
PAGO
:61:090123D000000005300,00NTRF000033599619//180007
PAGO
:62M:D090123VEF000002057950,75
-}{5:{CHK:1143FB20924B}}{S:{COP:S}}${1:F21VZCRVECAAXXX5410610696}{4:{177:0404021720}{451:0}}{1:F01VZCRVECAAXXX5410610696}{2:09501717040402VZCRVECAAXXX40812675430404021720N}{3:{108:SCONNECT}}{4:
:20:MI090123
:25:1111111111
:28C:0547/031
:60M:D090123VEF000002057950,75
:61:090123D000000000545,00NTRF000033423017//180007
PAGO
:61:090123D000000000200,00NTRF000033408063//180007
PAGO
:61:090123D000000001100,00NTRF000033400368//180007
PAGO
:61:090123D000000000060,00NTRF000033357370//180007
PAGO
:61:090123D000000000050,00NTRF000033314424//180007
PAGO
:61:090123D000000002000,00NTRF000033187470//180007
PAGO
:61:090123D000000000480,00NTRF000033058366//180007
PAGO
:61:090123D000000000150,00NTRF000016431527//180007
PAGO
:61:090123D000000000300,00NTRF000016258682//180007
PAGO
:62M:D090123VEF000002062835,75
-}{5:{CHK:1143FB20924B}}{S:{COP:S}}${1:F21VZCRVECAAXXX5410610696}{4:{177:0404021720}{451:0}}{1:F01VZCRVECAAXXX5410610696}{2:09501717040402VZCRVECAAXXX40812675430404021720N}{3:{108:SCONNECT}}{4:
:20:MI090123
:25:1111111111
:28C:0547/032
:60M:D090123VEF000002062835,75
:61:090123D000000000305,00NTRF000016205531//180007
PAGO
:61:090123D000000001851,95NTRF000016058603//180007
PAGO
:61:090123D000000001680,00NTRF000016000241//180007
PAGO
:61:090123D000000000307,77NTRF000015950784//180007
PAGO
:61:090123D000000000200,00NTRF000015924619//180007
PAGO
:61:090123D000000000400,00NTRF000015841819//180007
PAGO
:61:090123D000000000300,00NTRF000015709734//180007
PAGO
:61:090123D000000000400,00NTRF000097543251//180007
PAGO
:61:090123D000000000200,00NTRF000097461035//180007
PAGO
:62M:D090123VEF000002068480,47
-}{5:{CHK:1143FB20924B}}{S:{COP:S}}${1:F21VZCRVECAAXXX5410610696}{4:{177:0404021720}{451:0}}{1:F01VZCRVECAAXXX5410610696}{2:09501717040402VZCRVECAAXXX40812675430404021720N}{3:{108:SCONNECT}}{4:
:20:MI090123
:25:1111111111
:28C:0547/033
:60M:D090123VEF000002068480,47
:61:090123D000000000910,00NTRF000097344531//180007
PAGO
:61:090123D000000003225,00NTRF000097234944//180007
PAGO
:61:090123D000000000165,00NTRF000097096524//180007
PAGO
:61:090123D000000000450,00NTRF000096837492//180007
PAGO
:61:090123D000000000300,00NTRF000096793549//180007
PAGO
:61:090123D000000000102,00NTRF000096520243//180007
PAGO
:61:090123D000000000200,00NTRF000096498851//180007
PAGO
:61:090123D000000003000,00NTRF000071066759//180007
PAGO
:61:090123D000000000200,00NTRF000070695617//180007
PAGO
:62M:D090123VEF000002077032,47
-}{5:{CHK:1143FB20924B}}{S:{COP:S}}${1:F21VZCRVECAAXXX5410610696}{4:{177:0404021720}{451:0}}{1:F01VZCRVECAAXXX5410610696}{2:09501717040402VZCRVECAAXXX40812675430404021720N}{3:{108:SCONNECT}}{4:
:20:MI090123
:25:1111111111
:28C:0547/034
:60M:D090123VEF000002077032,47
:61:090123D000000000295,32NTRF000070609683//180007
PAGO
:61:090123D000000000324,82NTRF000070596888//180007
PAGO
:61:090123D000000000040,00NTRF000069801896//180007
PAGO
:61:090123D000000000970,22NTRF000069274901//180007
PAGO
:61:090123D000000000170,00NTRF000069177087//180007
PAGO
:61:090123D000000000405,00NTRF000069090349//180007
PAGO
:61:090123D000000000150,00NTRF000045718222//180007
PAGO
:61:090123D000000000500,00NTRF000045684078//180007
PAGO
:61:090123D000000000650,00NTRF000045315998//180007
PAGO
:62M:D090123VEF000002080537,83
-}{5:{CHK:1143FB20924B}}{S:{COP:S}}${1:F21VZCRVECAAXXX5410610696}{4:{177:0404021720}{451:0}}{1:F01VZCRVECAAXXX5410610696}{2:09501717040402VZCRVECAAXXX40812675430404021720N}{3:{108:SCONNECT}}{4:
:20:MI090123
:25:1111111111
:28C:0547/035
:60M:D090123VEF000002080537,83
:61:090123D000000000100,00NTRF000045217564//180007
PAGO
:61:090123D000000000106,56NTRF000045085341//180007
PAGO
:61:090123D000000001900,00NTRF000044930984//180007
PAGO
:61:090123D000000000500,00NTRF000044881982//180007
PAGO
:61:090123D000000000300,00NTRF000044789149//180007
PAGO
:61:090123D000000004674,96NTRF000044030674//180007
PAGO
:61:090123D000000003200,00NTRF000020637934//180007
PAGO
:61:090123D000000000050,00NTRF000020578015//180007
PAGO
:61:090123D000000000042,00NTRF000020551604//180007
PAGO
:62M:D090123VEF000002091411,35
-}{5:{CHK:1143FB20924B}}{S:{COP:S}}${1:F21VZCRVECAAXXX5410610696}{4:{177:0404021720}{451:0}}{1:F01VZCRVECAAXXX5410610696}{2:09501717040402VZCRVECAAXXX40812675430404021720N}{3:{108:SCONNECT}}{4:
:20:MI090123
:25:1111111111
:28C:0547/036
:60M:D090123VEF000002091411,35
:61:090123D000000000463,00NTRF000020204682//180007
PAGO
:61:090123D000000001048,00NTRF000020048961//180007
PAGO
:61:090123D000000000200,00NTRF000019943932//180007
PAGO
:61:090123D000000000200,00NTRF000019928932//180007
PAGO
:61:090123D000000000999,00NTRF000019677308//180007
PAGO
:61:090123D000000000200,00NTRF000019541299//180007
PAGO
:61:090123D000000000250,00NTRF000000062503//180007
PAGO
:61:090123D000000010063,15NTRF000000036504//180007
PAGO
:61:090123D000000026217,33NTRF000000036503//180007
PAGO
:62M:D090123VEF000002131051,83
-}{5:{CHK:1143FB20924B}}{S:{COP:S}}${1:F21VZCRVECAAXXX5410610696}{4:{177:0404021720}{451:0}}{1:F01VZCRVECAAXXX5410610696}{2:09501717040402VZCRVECAAXXX40812675430404021720N}{3:{108:SCONNECT}}{4:
:20:MI090123
:25:1111111111
:28C:0547/037
:60M:D090123VEF000002131051,83
:61:090123D000000001435,33NTRF000000036502//180007
PAGO
:61:090123D000000072469,65NTRF000000036501//180007
PAGO
:61:090123D000000032108,06NTRF000000036500//180007
PAGO
:61:090123D000000063912,23NTRF000000036499//180007
PAGO
:61:090123D000000104011,43NTRF000000036498//180007
PAGO
:61:090123D000000016741,41NTRF000000036497//180007
PAGO
:61:090123D000000001579,15NTRF000000036361//180007
PAGO
:61:090123D000000027708,04NTRF000000036360//180007
PAGO
:61:090123D000000008559,33NTRF000000036359//180007
PAGO
:62M:D090123VEF000002459576,46
-}{5:{CHK:1143FB20924B}}{S:{COP:S}}${1:F21VZCRVECAAXXX5410610696}{4:{177:0404021720}{451:0}}{1:F01VZCRVECAAXXX5410610696}{2:09501717040402VZCRVECAAXXX40812675430404021720N}{3:{108:SCONNECT}}{4:
:20:MI090123
:25:1111111111
:28C:0547/038
:60M:D090123VEF000002459576,46
:61:090123D000000278412,33NTRF000000036358//180007
PAGO
:61:090123D000000016335,75NTRF000000036357//180007
PAGO
:61:090123D000000035516,56NTRF000000036356//180007
PAGO
:61:090123D000000000890,31NTRF000000036355//180007
PAGO
:61:090123D000000211608,14NTRF000000036354//180007
PAGO
:61:090123D000000006769,16NTRF000000036353//180007
PAGO
:61:090123D000000007350,00NTRF000000036265//180007
PAGO
:61:090123D000000007477,99NTRF000000036264//180007
PAGO
:61:090123D000000000639,06NTRF000000036263//180007
PAGO
:62M:D090123VEF000003024575,76
-}{5:{CHK:1143FB20924B}}{S:{COP:S}}${1:F21VZCRVECAAXXX5410610696}{4:{177:0404021720}{451:0}}{1:F01VZCRVECAAXXX5410610696}{2:09501717040402VZCRVECAAXXX40812675430404021720N}{3:{108:SCONNECT}}{4:
:20:MI090123
:25:1111111111
:28C:0547/039
:60M:D090123VEF000003024575,76
:61:090123D000000003272,24NTRF000000036262//180007
PAGO
:61:090123D000000000180,00NTRF000000036261//180007
PAGO
:61:090123D000000041024,20NTRF000000036260//180007
PAGO
:61:090123D000000003251,55NTRF000000036259//180007
PAGO
:61:090123D000000037110,44NTRF000000036258//180007
PAGO
:61:090123D000000000792,22NTRF000000036257//180007
PAGO
:61:090123D000000002406,00NTRF000000113569//180007
PAGO
:61:090123D000000012220,06NTRF000000113568//180007
PAGO
:61:090123D000000073204,83NTRF000000113567//180007
PAGO
:62M:D090123VEF000003198037,30
-}{5:{CHK:1143FB20924B}}{S:{COP:S}}${1:F21VZCRVECAAXXX5410610696}{4:{177:0404021720}{451:0}}{1:F01VZCRVECAAXXX5410610696}{2:09501717040402VZCRVECAAXXX40812675430404021720N}{3:{108:SCONNECT}}{4:
:20:MI090123
:25:1111111111
:28C:0547/040
:60M:D090123VEF000003198037,30
:61:090123D000000008995,43NTRF000000113565//180007
PAGO
:61:090123D000000000390,00NTRF000000113564//180007
PAGO
:61:090123D000000004110,25NTRF000000113563//180007
PAGO
:61:090123D000000000783,40NTRF000000113562//180007
PAGO
:61:090123D000000005937,50NTRF000000113560//180007
PAGO
:61:090123D000000032287,58NTRF000000113559//180007
PAGO
:61:090123D000000000040,00NTRF000075175255//180007
PAGO
:61:090123D000000005000,00NTRF000073136520//180007
PAGO
:61:090123D000000000500,00NTRF000069660453//180007
PAGO
:62M:D090123VEF000003256081,46
-}{5:{CHK:1143FB20924B}}{S:{COP:S}}${1:F21VZCRVECAAXXX5410610696}{4:{177:0404021720}{451:0}}{1:F01VZCRVECAAXXX5410610696}{2:09501717040402VZCRVECAAXXX40812675430404021720N}{3:{108:SCONNECT}}{4:
:20:MI090123
:25:1111111111
:28C:0547/041
:60M:D090123VEF000003256081,46
:61:090123D000000003080,00NTRF000067864788//180007
PAGO
:61:090123D000000000600,00NTRF000065806643//180007
PAGO
:61:090123D000000000604,78NTRF000063746325//180007
PAGO
:61:090123D000000003000,00NTRF000062192896//180007
PAGO
:61:090123D000000000400,00NTRF000060262448//180007
PAGO
:61:090123D000000002000,00NTRF000055850814//180007
PAGO
:61:090123D000000002500,00NTRF000098779272//180007
PAGO
:61:090123D000000004300,00NTRF000098340320//180007
PAGO
:61:090123D000000000098,00NTRF000098098676//180007
PAGO
:62M:D090123VEF000003272664,24
-}{5:{CHK:1143FB20924B}}{S:{COP:S}}${1:F21VZCRVECAAXXX5410610696}{4:{177:0404021720}{451:0}}{1:F01VZCRVECAAXXX5410610696}{2:09501717040402VZCRVECAAXXX40812675430404021720N}{3:{108:SCONNECT}}{4:
:20:MI090123
:25:1111111111
:28C:0547/042
:60M:D090123VEF000003272664,24
:61:090123D000000000400,00NTRF000096860520//180007
PAGO
:61:090123D000000001000,00NTRF000096839093//180007
PAGO
:61:090123D000000000560,19NTRF000096265700//180007
PAGO
:61:090123D000000000869,75NTRF000096091463//180007
PAGO
:61:090123D000000005766,00NTRF000096071670//180007
PAGO
:61:090123D000000001775,00NTRF000096043872//180007
PAGO
:61:090123D000000000200,00NTRF000061589824//180007
PAGO
:61:090123D000000000102,15NTRF000060537374//180007
PAGO
:61:090123D000000000750,00NTRF000060498093//180007
PAGO
:62M:D090123VEF000003284087,33
-}{5:{CHK:1143FB20924B}}{S:{COP:S}}${1:F21VZCRVECAAXXX5410610696}{4:{177:0404021720}{451:0}}{1:F01VZCRVECAAXXX5410610696}{2:09501717040402VZCRVECAAXXX40812675430404021720N}{3:{108:SCONNECT}}{4:
:20:MI090123
:25:1111111111
:28C:0547/043
:60M:D090123VEF000003284087,33
:61:090123D000000000900,00NTRF000060451771//180007
PAGO
:61:090123D000000000200,00NTRF000060015125//180007
PAGO
:61:090123D000000001500,00NTRF000059533066//180007
PAGO
:61:090123D000000007000,00NTRF000059279389//180007
PAGO
:61:090123D000000000600,00NTRF000058950720//180007
PAGO
:61:090123D000000001500,00NTRF000058914185//180007
PAGO
:61:090123D000000000060,00NTRF000027032601//180007
PAGO
:61:090123D000000003000,00NTRF000026910535//180007
PAGO
:61:090123D000000000200,00NTRF000026861185//180007
PAGO
:62M:D090123VEF000003299047,33
-}{5:{CHK:1143FB20924B}}{S:{COP:S}}${1:F21VZCRVECAAXXX5410610696}{4:{177:0404021720}{451:0}}{1:F01VZCRVECAAXXX5410610696}{2:09501717040402VZCRVECAAXXX40812675430404021720N}{3:{108:SCONNECT}}{4:
:20:MI090123
:25:1111111111
:28C:0547/044
:60M:D090123VEF000003299047,33
:61:090123D000000000200,00NTRF000026623338//180007
PAGO
:61:090123D000000000300,00NTRF000026042631//180007
PAGO
:61:090123D000000002000,00NTRF000026008074//180007
PAGO
:61:090123D000000008000,00NTRF000025679076//180007
PAGO
:61:090123D000000000100,00NTRF000025438605//180007
PAGO
:61:090123D000000000200,00NTRF000025287390//180007
PAGO
:61:090123D000000001300,00NTRF000093501840//180007
PAGO
:61:090123D000000008000,00NTRF000093158328//180007
PAGO
:61:090123D000000001025,00NTRF000092937955//180007
PAGO
:62M:D090123VEF000003320172,33
-}{5:{CHK:1143FB20924B}}{S:{COP:S}}${1:F21VZCRVECAAXXX5410610696}{4:{177:0404021720}{451:0}}{1:F01VZCRVECAAXXX5410610696}{2:09501717040402VZCRVECAAXXX40812675430404021720N}{3:{108:SCONNECT}}{4:
:20:MI090123
:25:1111111111
:28C:0547/045
:60M:D090123VEF000003320172,33
:61:090123D000000000540,00NTRF000092843028//180007
PAGO
:61:090123D000000000100,00NTRF000092704679//180007
PAGO
:61:090123D000000000565,00NTRF000092563192//180007
PAGO
:61:090123D000000001360,00NTRF000092369401//180007
PAGO
:61:090123D000000000500,00NTRF000092301369//180007
PAGO
:61:090123D000000000178,23NTRF000091996787//180007
PAGO
:61:090123D000000001000,00NTRF000051234304//180007
PAGO
:61:090123D000000000025,00NTRF000051202662//180007
PAGO
:61:090123D000000000500,00NTRF000051132449//180007
PAGO
:62M:D090123VEF000003324940,56
-}{5:{CHK:1143FB20924B}}{S:{COP:S}}${1:F21VZCRVECAAXXX5410610696}{4:{177:0404021720}{451:0}}{1:F01VZCRVECAAXXX5410610696}{2:09501717040402VZCRVECAAXXX40812675430404021720N}{3:{108:SCONNECT}}{4:
:20:MI090123
:25:1111111111
:28C:0547/046
:60M:D090123VEF000003324940,56
:61:090123D000000000500,00NTRF000050890449//180007
PAGO
:61:090123D000000000500,00NTRF000050838449//180007
PAGO
:61:090123D000000000150,00NTRF000050685410//180007
PAGO
:61:090123D000000000650,00NTRF000049848005//180007
PAGO
:61:090123D000000000600,00NTRF000049842315//180007
PAGO
:61:090123D000000003198,05NTRF000049650369//180007
PAGO
:61:090123D000000000700,00NTRF000024308977//180007
PAGO
:61:090123D000000000100,00NTRF000024190005//180007
PAGO
:61:090123D000000000800,00NTRF000023554878//180007
PAGO
:62M:D090123VEF000003332138,61
-}{5:{CHK:1143FB20924B}}{S:{COP:S}}${1:F21VZCRVECAAXXX5410610696}{4:{177:0404021720}{451:0}}{1:F01VZCRVECAAXXX5410610696}{2:09501717040402VZCRVECAAXXX40812675430404021720N}{3:{108:SCONNECT}}{4:
:20:MI090123
:25:1111111111
:28C:0547/047
:60M:D090123VEF000003332138,61
:61:090123D000000001500,00NTRF000023205493//180007
PAGO
:61:090123D000000002500,00NTRF000023142787//180007
PAGO
:61:090123D000000002057,45NTRF000023088400//180007
PAGO
:61:090123D000000000055,00NTRF000022891655//180007
PAGO
:61:090123D000000012554,00NTRF000022368548//180007
PAGO
:61:090123D000000000500,00NTRF000022155616//180007
PAGO
:61:090123D000000015672,87NTRF000000000628//180007
PAGO
:61:090123D000000006425,55NTRF000000000626//180007
PAGO
:61:090123D000000005312,12NTRF000000000625//180007
PAGO
:62M:D090123VEF000003378715,60
-}{5:{CHK:1143FB20924B}}{S:{COP:S}}${1:F21VZCRVECAAXXX5410610696}{4:{177:0404021720}{451:0}}{1:F01VZCRVECAAXXX5410610696}{2:09501717040402VZCRVECAAXXX40812675430404021720N}{3:{108:SCONNECT}}{4:
:20:MI090123
:25:1111111111
:28C:0547/048
:60M:D090123VEF000003378715,60
:61:090123D000000010648,84NTRF000000000623//180007
PAGO
:61:090123D000000019174,40NTRF000000000621//180007
PAGO
:61:090123D000000002056,07NTRF000000000620//180007
PAGO
:61:090123D000000009479,69NTRF000000000619//180007
PAGO
:61:090123D000000031915,00NTRF000000000617//180007
PAGO
:61:090123D000000005172,44NTRF000000000617//180007
PAGO
:61:090123D000000000150,00NTRF000087908099//180007
PAGO
:61:090123D000000001000,00NTRF000087662406//180007
PAGO
:61:090123D000000000100,00NTRF000087657066//180007
PAGO
:62M:D090123VEF000003458412,04
-}{5:{CHK:1143FB20924B}}{S:{COP:S}}${1:F21VZCRVECAAXXX5410610696}{4:{177:0404021720}{451:0}}{1:F01VZCRVECAAXXX5410610696}{2:09501717040402VZCRVECAAXXX40812675430404021720N}{3:{108:SCONNECT}}{4:
:20:MI090123
:25:1111111111
:28C:0547/049
:60M:D090123VEF000003458412,04
:61:090123D000000007852,80NTRF000087436198//180007
PAGO
:61:090123D000000000065,00NTRF000087315994//180007
PAGO
:61:090123D000000003502,00NTRF000087288506//180007
PAGO
:61:090123D000000010504,36NTRF000087252349//180007
PAGO
:61:090123D000000003500,00NTRF000086953417//180007
PAGO
:61:090123D000000000198,10NTRF000086861025//180007
PAGO
:61:090123D000000000400,00NTRF000068241519//180007
PAGO
:61:090123D000000000250,00NTRF000068208319//180007
PAGO
:61:090123D000000000010,00NTRF000068168246//180007
PAGO
:62M:D090123VEF000003484694,30
-}{5:{CHK:1143FB20924B}}{S:{COP:S}}${1:F21VZCRVECAAXXX5410610696}{4:{177:0404021720}{451:0}}{1:F01VZCRVECAAXXX5410610696}{2:09501717040402VZCRVECAAXXX40812675430404021720N}{3:{108:SCONNECT}}{4:
:20:MI090123
:25:1111111111
:28C:0547/050
:60M:D090123VEF000003484694,30
:61:090123D000000000600,00NTRF000067917327//180007
PAGO
:61:090123D000000001900,00NTRF000067570325//180007
PAGO
:61:090123D000000000500,00NTRF000067567859//180007
PAGO
:61:090123D000000000376,00NTRF000067375284//180007
PAGO
:61:090123D000000000250,00NTRF000067367282//180007
PAGO
:61:090123D000000000600,00NTRF000066991220//180007
PAGO
:61:090123D000000001000,00NTRF000052620012//180007
PAGO
:61:090123D000000000469,54NTRF000052324818//180007
PAGO
:61:090123D000000000700,00NTRF000052075283//180007
PAGO
:62M:D090123VEF000003491089,84
-}{5:{CHK:1143FB20924B}}{S:{COP:S}}${1:F21VZCRVECAAXXX5410610696}{4:{177:0404021720}{451:0}}{1:F01VZCRVECAAXXX5410610696}{2:09501717040402VZCRVECAAXXX40812675430404021720N}{3:{108:SCONNECT}}{4:
:20:MI090123
:25:1111111111
:28C:0547/051
:60M:D090123VEF000003491089,84
:61:090123D000000000170,00NTRF000052046150//180007
PAGO
:61:090123D000000000100,00NTRF000051943200//180007
PAGO
:61:090123D000000005000,00NTRF000051804218//180007
PAGO
:61:090123D000000002500,00NTRF000051755328//180007
PAGO
:61:090123D000000002000,00NTRF000051485631//180007
PAGO
:61:090123D000000000100,00NTRF000051380173//180007
PAGO
:61:090123D000000000085,00NTRF000032884667//180007
PAGO
:61:090123D000000003000,00NTRF000032694055//180007
PAGO
:61:090123D000000000414,50NTRF000032635613//180007
PAGO
:62M:D090123VEF000003504459,34
-}{5:{CHK:1143FB20924B}}{S:{COP:S}}${1:F21VZCRVECAAXXX5410610696}{4:{177:0404021720}{451:0}}{1:F01VZCRVECAAXXX5410610696}{2:09501717040402VZCRVECAAXXX40812675430404021720N}{3:{108:SCONNECT}}{4:
:20:MI090123
:25:1111111111
:28C:0547/052
:60M:D090123VEF000003504459,34
:61:090123D000000001056,24NTRF000032368205//180007
PAGO
:61:090123D000000002500,00NTRF000032106783//180007
PAGO
:61:090123D000000001700,00NTRF000031683263//180007
PAGO
:61:090123D000000000230,00NTRF000031603840//180007
PAGO
:61:090123D000000000348,00NTRF000031598352//180007
PAGO
:61:090123D000000001624,05NTRF000031540134//180007
PAGO
:61:090123D000000015709,25NTRF000015665666//180007
PAGO
:61:090123D000000005200,00NTRF000015586684//180007
PAGO
:61:090123D000000000180,00NTRF000015533890//180007
PAGO
:62M:D090123VEF000003533006,88
-}{5:{CHK:1143FB20924B}}{S:{COP:S}}${1:F21VZCRVECAAXXX5410610696}{4:{177:0404021720}{451:0}}{1:F01VZCRVECAAXXX5410610696}{2:09501717040402VZCRVECAAXXX40812675430404021720N}{3:{108:SCONNECT}}{4:
:20:MI090123
:25:1111111111
:28C:0547/053
:60M:D090123VEF000003533006,88
:61:090123D000000001450,00NTRF000015522385//180007
PAGO
:61:090123D000000007000,00NTRF000015490887//180007
PAGO
:61:090123D000000001250,00NTRF000014698223//180007
PAGO
:61:090123D000000030000,00NTRF000014618959//180007
PAGO
:61:090123D000000062534,14NTRF000014277704//180007
PAGO
:61:090123D000000000625,00NTRF000014253195//180007
PAGO
:61:090123D000000000200,00NTRF000096368851//180007
PAGO
:61:090123D000000000100,00NTRF000096304218//180007
PAGO
:61:090123D000000001658,00NTRF000096088968//180007
PAGO
:62M:D090123VEF000003637824,02
-}{5:{CHK:1143FB20924B}}{S:{COP:S}}${1:F21VZCRVECAAXXX5410610696}{4:{177:0404021720}{451:0}}{1:F01VZCRVECAAXXX5410610696}{2:09501717040402VZCRVECAAXXX40812675430404021720N}{3:{108:SCONNECT}}{4:
:20:MI090123
:25:1111111111
:28C:0547/054
:60M:D090123VEF000003637824,02
:61:090123D000000001400,00NTRF000095793474//180007
PAGO
:61:090123D000000000100,00NTRF000095486159//180007
PAGO
:61:090123D000000000400,00NTRF000095327328//180007
PAGO
:61:090123D000000000100,00NTRF000095311159//180007
PAGO
:61:090123D000000000172,00NTRF000095146954//180007
PAGO
:61:090123D000000000100,00NTRF000094871883//180007
PAGO
:61:090123D000000000200,00NTRF000068502294//180007
PAGO
:61:090123D000000001000,00NTRF000068457129//180007
PAGO
:61:090123D000000001000,00NTRF000068432129//180007
PAGO
:62M:D090123VEF000003642296,02
-}{5:{CHK:1143FB20924B}}{S:{COP:S}}${1:F21VZCRVECAAXXX5410610696}{4:{177:0404021720}{451:0}}{1:F01VZCRVECAAXXX5410610696}{2:09501717040402VZCRVECAAXXX40812675430404021720N}{3:{108:SCONNECT}}{4:
:20:MI090123
:25:1111111111
:28C:0547/055
:60M:D090123VEF000003642296,02
:61:090123D000000000500,00NTRF000068428175//180007
PAGO
:61:090123D000000000500,00NTRF000068381175//180007
PAGO
:61:090123D000000000200,00NTRF000068240429//180007
PAGO
:61:090123D000000001000,00NTRF000067985488//180007
PAGO
:61:090123D000000000583,50NTRF000067766313//180007
PAGO
:61:090123D000000000359,97NTRF000067719463//180007
PAGO
:61:090123D000000000500,00NTRF000043748212//180007
PAGO
:61:090123D000000000300,00NTRF000043703773//180007
PAGO
:61:090123D000000000150,00NTRF000043551859//180007
PAGO
:62M:D090123VEF000003646389,49
-}{5:{CHK:1143FB20924B}}{S:{COP:S}}${1:F21VZCRVECAAXXX5410610696}{4:{177:0404021720}{451:0}}{1:F01VZCRVECAAXXX5410610696}{2:09501717040402VZCRVECAAXXX40812675430404021720N}{3:{108:SCONNECT}}{4:
:20:MI090123
:25:1111111111
:28C:0547/056
:60M:D090123VEF000003646389,49
:61:090123D000000000200,00NTRF000043548552//180007
PAGO
:61:090123D000000000280,00NTRF000043353522//180007
PAGO
:61:090123D000000000200,00NTRF000042898570//180007
PAGO
:61:090123D000000000200,00NTRF000042780846//180007
PAGO
:61:090123D000000000300,00NTRF000042661904//180007
PAGO
:61:090123D000000001000,00NTRF000042625357//180007
PAGO
:61:090123D000000000200,00NTRF000019490299//180007
PAGO
:61:090123D000000001500,00NTRF000019467091//180007
PAGO
:61:090123D000000003000,00NTRF000019378097//180007
PAGO
:62M:D090123VEF000003653269,49
-}{5:{CHK:1143FB20924B}}{S:{COP:S}}${1:F21VZCRVECAAXXX5410610696}{4:{177:0404021720}{451:0}}{1:F01VZCRVECAAXXX5410610696}{2:09501717040402VZCRVECAAXXX40812675430404021720N}{3:{108:SCONNECT}}{4:
:20:MI090123
:25:1111111111
:28C:0547/057
:60M:D090123VEF000003653269,49
:61:090123D000000002500,00NTRF000019286438//180007
PAGO
:61:090123D000000000337,18NTRF000019281773//180007
PAGO
:61:090123D000000000150,00NTRF000019275304//180007
PAGO
:61:090123D000000000030,00NTRF000019243973//180007
PAGO
:61:090123D000000000030,00NTRF000019209973//180007
PAGO
:61:090123D000000000450,00NTRF000018851842//180007
PAGO
:61:090123D000000276538,10NTRF000000036496//180007
PAGO
:61:090123D000000048971,93NTRF000000036495//180007
PAGO
:61:090123D000000033996,10NTRF000000036494//180007
PAGO
:62M:D090123VEF000004016272,80
-}{5:{CHK:1143FB20924B}}{S:{COP:S}}${1:F21VZCRVECAAXXX5410610696}{4:{177:0404021720}{451:0}}{1:F01VZCRVECAAXXX5410610696}{2:09501717040402VZCRVECAAXXX40812675430404021720N}{3:{108:SCONNECT}}{4:
:20:MI090123
:25:1111111111
:28C:0547/058
:60M:D090123VEF000004016272,80
:61:090123D000000010587,74NTRF000000036493//180007
PAGO
:61:090123D000000026749,21NTRF000000036492//180007
PAGO
:61:090123D000000002370,03NTRF000000036491//180007
PAGO
:61:090123D000000119190,29NTRF000000036490//180007
PAGO
:61:090123D000000004320,78NTRF000000036489//180007
PAGO
:61:090123D000000022354,50NTRF000000036488//180007
PAGO
:61:090123D000000046199,19NTRF000000036352//180007
PAGO
:61:090123D000000748822,43NTRF000000036351//180007
PAGO
:61:090123D000000138247,94NTRF000000036350//180007
PAGO
:62M:D090123VEF000005135114,91
-}{5:{CHK:1143FB20924B}}{S:{COP:S}}${1:F21VZCRVECAAXXX5410610696}{4:{177:0404021720}{451:0}}{1:F01VZCRVECAAXXX5410610696}{2:09501717040402VZCRVECAAXXX40812675430404021720N}{3:{108:SCONNECT}}{4:
:20:MI090123
:25:1111111111
:28C:0547/059
:60M:D090123VEF000005135114,91
:61:090123D000000167259,77NTRF000000036349//180007
PAGO
:61:090123D000000017705,51NTRF000000036348//180007
PAGO
:61:090123D000000417377,39NTRF000000036347//180007
PAGO
:61:090123D000000010233,59NTRF000000036346//180007
PAGO
:61:090123D000000073727,79NTRF000000036344//180007
PAGO
:61:090123D000000634146,20NTRF000000036343//180007
PAGO
:61:090123D000000006298,60NTRF000000036256//180007
PAGO
:61:090123D000000001263,15NTRF000000036255//180007
PAGO
:61:090123D000000199205,38NTRF000000036254//180007
PAGO
:62M:D090123VEF000006662332,29
-}{5:{CHK:1143FB20924B}}{S:{COP:S}}${1:F21VZCRVECAAXXX5410610696}{4:{177:0404021720}{451:0}}{1:F01VZCRVECAAXXX5410610696}{2:09501717040402VZCRVECAAXXX40812675430404021720N}{3:{108:SCONNECT}}{4:
:20:MI090123
:25:1111111111
:28C:0547/060
:60M:D090123VEF000006662332,29
:61:090123D000000000983,64NTRF000000036253//180007
PAGO
:61:090123D000000004270,65NTRF000000036252//180007
PAGO
:61:090123D000000000858,90NTRF000000036251//180007
PAGO
:61:090123D000000000059,38NTRF000000036250//180007
PAGO
:61:090123D000000001631,85NTRF000000036249//180007
PAGO
:61:090123D000000400933,09NTRF000000036248//180007
PAGO
:61:090123D000000143513,71NTRF000000113558//180007
PAGO
:61:090123D000000000290,00NTRF000000113557//180007
PAGO
:61:090123D000000004163,62NTRF000000113556//180007
PAGO
:62M:D090123VEF000007219037,13
-}{5:{CHK:1143FB20924B}}{S:{COP:S}}${1:F21VZCRVECAAXXX5410610696}{4:{177:0404021720}{451:0}}{1:F01VZCRVECAAXXX5410610696}{2:09501717040402VZCRVECAAXXX40812675430404021720N}{3:{108:SCONNECT}}{4:
:20:MI090123
:25:1111111111
:28C:0547/061
:60M:D090123VEF000007219037,13
:61:090123D000000038257,29NTRF000000113555//180007
PAGO
:61:090123D000000002466,15NTRF000000113554//180007
PAGO
:61:090123D000000000651,62NTRF000000113553//180007
PAGO
:61:090123D000000010517,42NTRF000000113551//180007
PAGO
:61:090123D000000000572,60NTRF000000113548//180007
PAGO
:61:090123D000000009600,38NTRF000000113547//180007
PAGO
:61:090123D000000031257,30NTRF000000080471//180007
PAGO
:61:090123D000000003864,90NTRF000000080470//180007
PAGO
:61:090123D000000038760,52NTRF000000080469//180007
PAGO
:62M:D090123VEF000007354985,31
-}{5:{CHK:1143FB20924B}}{S:{COP:S}}${1:F21VZCRVECAAXXX5410610696}{4:{177:0404021720}{451:0}}{1:F01VZCRVECAAXXX5410610696}{2:09501717040402VZCRVECAAXXX40812675430404021720N}{3:{108:SCONNECT}}{4:
:20:MI090123
:25:1111111111
:28C:0547/062
:60M:D090123VEF000007354985,31
:61:090123D000000002400,00NTRF000000080468//180007
PAGO
:61:090123D000000252691,84NTRF000000080467//180007
PAGO
:61:090123D000000008548,10NTRF000000080466//180007
PAGO
:61:090123D000000000818,00NTRF000000080465//180007
PAGO
:61:090123D000000000500,00NTRF000055509061//180007
PAGO
:61:090123D000000001759,08NTRF000053918027//180007
PAGO
:61:090123D000000000175,00NTRF000053783226//180007
PAGO
:61:090123D000000000300,00NTRF000052338401//180007
PAGO
:61:090123D000000000075,00NTRF000051708223//180007
PAGO
:62M:D090123VEF000007622252,33
-}{5:{CHK:1143FB20924B}}{S:{COP:S}}${1:F21VZCRVECAAXXX5410610696}{4:{177:0404021720}{451:0}}{1:F01VZCRVECAAXXX5410610696}{2:09501717040402VZCRVECAAXXX40812675430404021720N}{3:{108:SCONNECT}}{4:
:20:MI090123
:25:1111111111
:28C:0547/063
:60M:D090123VEF000007622252,33
:61:090123D000000000075,00NTRF000051697100//180007
PAGO
:61:090123D000000000500,00NTRF000050052612//180007
PAGO
:61:090123D000000000300,00NTRF000046765639//180007
PAGO
:61:090123D000000000350,00NTRF000046334445//180007
PAGO
:61:090123D000000000835,00NTRF000095803305//180007
PAGO
:61:090123D000000011841,71NTRF000095449992//180007
PAGO
:61:090123D000000000600,00NTRF000095244522//180007
PAGO
:61:090123D000000001500,00NTRF000095000667//180007
PAGO
:61:090123D000000000180,00NTRF000094930219//180007
PAGO
:62M:D090123VEF000007638434,04
-}{5:{CHK:1143FB20924B}}{S:{COP:S}}${1:F21VZCRVECAAXXX5410610696}{4:{177:0404021720}{451:0}}{1:F01VZCRVECAAXXX5410610696}{2:09501717040402VZCRVECAAXXX40812675430404021720N}{3:{108:SCONNECT}}{4:
:20:MI090123
:25:1111111111
:28C:0547/064
:60M:D090123VEF000007638434,04
:61:090123D000000001000,00NTRF000094789159//180007
PAGO
:61:090123D000000005000,00NTRF000094719490//180007
PAGO
:61:090123D000000001233,00NTRF000094637750//180007
PAGO
:61:090123D000000000500,00NTRF000094211871//180007
PAGO
:61:090123D000000003000,00NTRF000058667405//180007
PAGO
:61:090123D000000002500,00NTRF000058534754//180007
PAGO
:61:090123D000000002200,00NTRF000058473100//180007
PAGO
:61:090123D000000005000,00NTRF000058396834//180007
PAGO
:61:090123D000000000060,00NTRF000057878393//180007
PAGO
:62M:D090123VEF000007658927,04
-}{5:{CHK:1143FB20924B}}{S:{COP:S}}${1:F21VZCRVECAAXXX5410610696}{4:{177:0404021720}{451:0}}{1:F01VZCRVECAAXXX5410610696}{2:09501717040402VZCRVECAAXXX40812675430404021720N}{3:{108:SCONNECT}}{4:
:20:MI090123
:25:1111111111
:28C:0547/065
:60M:D090123VEF000007658927,04
:61:090123D000000001100,00NTRF000057473298//180007
PAGO
:61:090123D000000005000,00NTRF000057195368//180007
PAGO
:61:090123D000000017625,00NTRF000057159265//180007
PAGO
:61:090123D000000000080,00NTRF000056813442//180007
PAGO
:61:090123D000000000560,00NTRF000024979503//180007
PAGO
:61:090123D000000000295,00NTRF000024640390//180007
PAGO
:61:090123D000000003500,00NTRF000024537550//180007
PAGO
:61:090123D000000000400,00NTRF000024358575//180007
PAGO
:61:090123D000000002108,00NTRF000023600972//180007
PAGO
:62M:D090123VEF000007689595,04
-}{5:{CHK:1143FB20924B}}{S:{COP:S}}${1:F21VZCRVECAAXXX5410610696}{4:{177:0404021720}{451:0}}{1:F01VZCRVECAAXXX5410610696}{2:09501717040402VZCRVECAAXXX40812675430404021720N}{3:{108:SCONNECT}}{4:
:20:MI090123
:25:1111111111
:28C:0547/066
:60M:D090123VEF000007689595,04
:61:090123D000000000190,00NTRF000023363267//180007
PAGO
:61:090123D000000000700,00NTRF000023199808//180007
PAGO
:61:090123D000000003000,00NTRF000022437090//180007
PAGO
:61:090123D000000000070,00NTRF000022370923//180007
PAGO
:61:090123D000000000500,00NTRF000091693401//180007
PAGO
:61:090123D000000000130,00NTRF000091493229//180007
PAGO
:61:090123D000000000200,00NTRF000091417188//180007
PAGO
:61:090123D000000003000,00NTRF000091378338//180007
PAGO
:61:090123D000000000044,10NTRF000091267236//180007
PAGO
:62M:D090123VEF000007697429,14
-}{5:{CHK:1143FB20924B}}{S:{COP:S}}${1:F21VZCRVECAAXXX5410610696}{4:{177:0404021720}{451:0}}{1:F01VZCRVECAAXXX5410610696}{2:09501717040402VZCRVECAAXXX40812675430404021720N}{3:{108:SCONNECT}}{4:
:20:MI090123
:25:1111111111
:28C:0547/067
:60M:D090123VEF000007697429,14
:61:090123D000000000150,00NTRF000090999827//180007
PAGO
:61:090123D000000000168,00NTRF000090935070//180007
PAGO
:61:090123D000000000200,00NTRF000089704863//180007
PAGO
:61:090123D000000001000,00NTRF000089414101//180007
PAGO
:61:090123D000000003011,40NTRF000049625079//180007
PAGO
:61:090123D000000004062,18NTRF000049534767//180007
PAGO
:61:090123D000000000030,00NTRF000049045122//180007
PAGO
:61:090123D000000000400,00NTRF000048964645//180007
PAGO
:61:090123D000000000030,00NTRF000048943122//180007
PAGO
:62M:D090123VEF000007706480,72
-}{5:{CHK:1143FB20924B}}{S:{COP:S}}${1:F21VZCRVECAAXXX5410610696}{4:{177:0404021720}{451:0}}{1:F01VZCRVECAAXXX5410610696}{2:09501717040402VZCRVECAAXXX40812675430404021720N}{3:{108:SCONNECT}}{4:
:20:MI090123
:25:1111111111
:28C:0547/068
:60M:D090123VEF000007706480,72
:61:090123D000000000389,22NTRF000048366497//180007
PAGO
:61:090123D000000000400,00NTRF000047695104//180007
PAGO
:61:090123D000000001200,00NTRF000047504933//180007
PAGO
:61:090123D000000001200,00NTRF000047473933//180007
PAGO
:61:090123D000000004000,00NTRF000021252182//180007
PAGO
:61:090123D000000000029,00NTRF000020867242//180007
PAGO
:61:090123D000000000100,00NTRF000020483502//180007
PAGO
:61:090123D000000000190,00NTRF000020188973//180007
PAGO
:61:090123D000000001200,00NTRF000019668041//180007
PAGO
:62M:D090123VEF000007715188,94
-}{5:{CHK:1143FB20924B}}{S:{COP:S}}${1:F21VZCRVECAAXXX5410610696}{4:{177:0404021720}{451:0}}{1:F01VZCRVECAAXXX5410610696}{2:09501717040402VZCRVECAAXXX40812675430404021720N}{3:{108:SCONNECT}}{4:
:20:MI090123
:25:1111111111
:28C:0547/069
:60M:D090123VEF000007715188,94
:61:090123D000000001600,00NTRF000019392986//180007
PAGO
:61:090123D000000001000,00NTRF000019338459//180007
PAGO
:61:090123D000000000200,00NTRF000018654907//180007
PAGO
:61:090123D000000001500,00NTRF000018649517//180007
PAGO
:61:090123D000000003852,00NTRF000000000617//180007
PAGO
:61:090123D000000009496,68NTRF000000000616//180007
PAGO
:61:090123D000000006441,90NTRF000000000616//180007
PAGO
:61:090123D000000011135,62NTRF000000000615//180007
PAGO
:61:090123D000000004706,47NTRF000000000027//180007
PAGO
:62M:D090123VEF000007755121,61
-}{5:{CHK:1143FB20924B}}{S:{COP:S}}${1:F21VZCRVECAAXXX5410610696}{4:{177:0404021720}{451:0}}{1:F01VZCRVECAAXXX5410610696}{2:09501717040402VZCRVECAAXXX40812675430404021720N}{3:{108:SCONNECT}}{4:
:20:MI090123
:25:1111111111
:28C:0547/070
:60M:D090123VEF000007755121,61
:61:090123D000000002431,25NTRF000000000026//180007
PAGO
:61:090123D000000009055,20NTRF000000000024//180007
PAGO
:61:090123D000000007308,23NTRF000000000023//180007
PAGO
:61:090123D000000008288,18NTRF000000000021//180007
PAGO
:61:090123D000000000900,00NTRF000086846479//180007
PAGO
:61:090123D000000000600,00NTRF000086791928//180007
PAGO
:61:090123D000000000540,00NTRF000086697694//180007
PAGO
:61:090123D000000002000,00NTRF000086688950//180007
PAGO
:61:090123D000000000258,00NTRF000086590022//180007
PAGO
:62M:D090123VEF000007786502,47
-}{5:{CHK:1143FB20924B}}{S:{COP:S}}${1:F21VZCRVECAAXXX5410610696}{4:{177:0404021720}{451:0}}{1:F01VZCRVECAAXXX5410610696}{2:09501717040402VZCRVECAAXXX40812675430404021720N}{3:{108:SCONNECT}}{4:
:20:MI090123
:25:1111111111
:28C:0547/071
:60M:D090123VEF000007786502,47
:61:090123D000000000160,00NTRF000086506016//180007
PAGO
:61:090123D000000000258,00NTRF000086347807//180007
PAGO
:61:090123D000000000200,00NTRF000086313352//180007
PAGO
:61:090123D000000002000,00NTRF000086292086//180007
PAGO
:61:090123D000000002400,00NTRF000066928524//180007
PAGO
:61:090123D000000000160,00NTRF000066684968//180007
PAGO
:61:090123D000000003100,00NTRF000066556237//180007
PAGO
:61:090123D000000000090,00NTRF000066462174//180007
PAGO
:61:090123D000000001200,00NTRF000066412997//180007
PAGO
:62M:D090123VEF000007796070,47
-}{5:{CHK:1143FB20924B}}{S:{COP:S}}${1:F21VZCRVECAAXXX5410610696}{4:{177:0404021720}{451:0}}{1:F01VZCRVECAAXXX5410610696}{2:09501717040402VZCRVECAAXXX40812675430404021720N}{3:{108:SCONNECT}}{4:
:20:MI090123
:25:1111111111
:28C:0547/072
:60M:D090123VEF000007796070,47
:61:090123D000000003000,00NTRF000066364924//180007
PAGO
:61:090123D000000000395,00NTRF000066312275//180007
PAGO
:61:090123D000000000500,00NTRF000066292985//180007
PAGO
:61:090123D000000029400,00NTRF000066282390//180007
PAGO
:61:090123D000000004000,00NTRF000051195496//180007
PAGO
:61:090123D000000000103,00NTRF000050960285//180007
PAGO
:61:090123D000000000400,00NTRF000050730412//180007
PAGO
:61:090123D000000001300,00NTRF000050498606//180007
PAGO
:61:090123D000000000400,00NTRF000050442689//180007
PAGO
:62M:D090123VEF000007835568,47
-}{5:{CHK:1143FB20924B}}{S:{COP:S}}${1:F21VZCRVECAAXXX5410610696}{4:{177:0404021720}{451:0}}{1:F01VZCRVECAAXXX5410610696}{2:09501717040402VZCRVECAAXXX40812675430404021720N}{3:{108:SCONNECT}}{4:
:20:MI090123
:25:1111111111
:28C:0547/073
:60M:D090123VEF000007835568,47
:61:090123D000000000100,00NTRF000050375760//180007
PAGO
:61:090123D000000000274,00NTRF000050259793//180007
PAGO
:61:090123D000000035000,00NTRF000050108605//180007
PAGO
:61:090123D000000000383,28NTRF000049983782//180007
PAGO
:61:090123D000000000100,00NTRF000031516943//180007
PAGO
:61:090123D000000000900,00NTRF000031293284//180007
PAGO
:61:090123D000000001200,00NTRF000031289339//180007
PAGO
:61:090123D000000000430,00NTRF000031217104//180007
PAGO
:61:090123D000000000400,00NTRF000031125420//180007
PAGO
:62M:D090123VEF000007874355,75
-}{5:{CHK:1143FB20924B}}{S:{COP:S}}${1:F21VZCRVECAAXXX5410610696}{4:{177:0404021720}{451:0}}{1:F01VZCRVECAAXXX5410610696}{2:09501717040402VZCRVECAAXXX40812675430404021720N}{3:{108:SCONNECT}}{4:
:20:MI090123
:25:1111111111
:28C:0547/074
:60M:D090123VEF000007874355,75
:61:090123D000000000450,00NTRF000030851105//180007
PAGO
:61:090123D000000001068,20NTRF000030747576//180007
PAGO
:61:090123D000000001600,00NTRF000030728933//180007
PAGO
:61:090123D000000001000,00NTRF000030536598//180007
PAGO
:61:090123D000000001000,00NTRF000013918347//180007
PAGO
:61:090123D000000000700,00NTRF000013866321//180007
PAGO
:61:090123D000000000150,00NTRF000013804731//180007
PAGO
:61:090123D000000000094,00NTRF000013730929//180007
PAGO
:61:090123D000000000200,00NTRF000013631714//180007
PAGO
:62M:D090123VEF000007880617,95
-}{5:{CHK:1143FB20924B}}{S:{COP:S}}${1:F21VZCRVECAAXXX5410610696}{4:{177:0404021720}{451:0}}{1:F01VZCRVECAAXXX5410610696}{2:09501717040402VZCRVECAAXXX40812675430404021720N}{3:{108:SCONNECT}}{4:
:20:MI090123
:25:1111111111
:28C:0547/075
:60M:D090123VEF000007880617,95
:61:090123D000000003000,00NTRF000013151693//180007
PAGO
:61:090123D000000000774,00NTRF000012900452//180007
PAGO
:61:090123D000001560000,00NTRF000012773529//180007
PAGO
:61:090123D000000001200,00NTRF000012527941//180007
PAGO
:61:090123D000000003000,00NTRF000094838056//180007
PAGO
:61:090123D000000000070,00NTRF000094755255//180007
PAGO
:61:090123D000000000100,00NTRF000094413817//180007
PAGO
:61:090123D000000000230,00NTRF000094335129//180007
PAGO
:61:090123D000000000150,00NTRF000094114776//180007
PAGO
:62M:D090123VEF000009449141,95
-}{5:{CHK:1143FB20924B}}{S:{COP:S}}${1:F21VZCRVECAAXXX5410610696}{4:{177:0404021720}{451:0}}{1:F01VZCRVECAAXXX5410610696}{2:09501717040402VZCRVECAAXXX40812675430404021720N}{3:{108:SCONNECT}}{4:
:20:MI090123
:25:1111111111
:28C:0547/076
:60M:D090123VEF000009449141,95
:61:090123D000000000580,00NTRF000094102458//180007
PAGO
:61:090123D000000000400,00NTRF000094033712//180007
PAGO
:61:090123D000000000100,00NTRF000093967859//180007
PAGO
:61:090123D000000004000,00NTRF000093776165//180007
PAGO
:61:090123D000000000887,04NTRF000067348913//180007
PAGO
:61:090123D000000000924,00NTRF000067213702//180007
PAGO
:61:090123D000000001000,00NTRF000067187020//180007
PAGO
:61:090123D000000001000,00NTRF000067144020//180007
PAGO
:61:090123D000000001000,00NTRF000066864896//180007
PAGO
:62M:D090123VEF000009459032,99
-}{5:{CHK:1143FB20924B}}{S:{COP:S}}${1:F21VZCRVECAAXXX5410610696}{4:{177:0404021720}{451:0}}{1:F01VZCRVECAAXXX5410610696}{2:09501717040402VZCRVECAAXXX40812675430404021720N}{3:{108:SCONNECT}}{4:
:20:MI090123
:25:1111111111
:28C:0547/077
:60M:D090123VEF000009459032,99
:61:090123D000000001400,00NTRF000066818440//180007
PAGO
:61:090123D000000000500,00NTRF000066733171//180007
PAGO
:61:090123D000000000700,00NTRF000066561863//180007
PAGO
:61:090123D000000001448,14NTRF000066354470//180007
PAGO
:61:090123D000000000150,00NTRF000042522228//180007
PAGO
:61:090123D000000000500,00NTRF000042508486//180007
PAGO
:61:090123D000000000200,00NTRF000042406252//180007
PAGO
:61:090123D000000005200,00NTRF000042332545//180007
PAGO
:61:090123D000000000150,00NTRF000041924502//180007
PAGO
:62M:D090123VEF000009469281,13
-}{5:{CHK:1143FB20924B}}{S:{COP:S}}${1:F21VZCRVECAAXXX5410610696}{4:{177:0404021720}{451:0}}{1:F01VZCRVECAAXXX5410610696}{2:09501717040402VZCRVECAAXXX40812675430404021720N}{3:{108:SCONNECT}}{4:
:20:MI090123
:25:1111111111
:28C:0547/078
:60M:D090123VEF000009469281,13
:61:090123D000000001000,00NTRF000041640379//180007
PAGO
:61:090123D000000000250,00NTRF000041289797//180007
PAGO
:61:090123D000000000250,00NTRF000041210797//180007
PAGO
:61:090123D000000000200,00NTRF000040860677//180007
PAGO
:61:090123D000000000400,00NTRF000018821923//180007
PAGO
:61:090123D000000000250,00NTRF000018710097//180007
PAGO
:61:090123D000000001000,00NTRF000018703146//180007
PAGO
:61:090123D000000000100,00NTRF000018263893//180007
PAGO
:61:090123D000000000150,00NTRF000018024509//180007
PAGO
:62M:D090123VEF000009472881,13
-}{5:{CHK:1143FB20924B}}{S:{COP:S}}${1:F21VZCRVECAAXXX5410610696}{4:{177:0404021720}{451:0}}{1:F01VZCRVECAAXXX5410610696}{2:09501717040402VZCRVECAAXXX40812675430404021720N}{3:{108:SCONNECT}}{4:
:20:MI090123
:25:1111111111
:28C:0547/079
:60M:D090123VEF000009472881,13
:61:090123D000000000048,00NTRF000017261276//180007
PAGO
:61:090123D000000000050,00NTRF000017009024//180007
PAGO
:61:090123D000000000370,00NTRF000016987332//180007
PAGO
:61:090123D000000000500,00NTRF000016845263//180007
PAGO
:61:090123D000000032433,81NTRF000000036487//180007
PAGO
:61:090123D000000080413,89NTRF000000036486//180007
PAGO
:61:090123D000000011652,41NTRF000000036485//180007
PAGO
:61:090123D000000008433,10NTRF000000036484//180007
PAGO
:61:090123D000000506575,69NTRF000000036483//180007
PAGO
:62M:D090123VEF000010113358,03
-}{5:{CHK:1143FB20924B}}{S:{COP:S}}${1:F21VZCRVECAAXXX5410610696}{4:{177:0404021720}{451:0}}{1:F01VZCRVECAAXXX5410610696}{2:09501717040402VZCRVECAAXXX40812675430404021720N}{3:{108:SCONNECT}}{4:
:20:MI090123
:25:1111111111
:28C:0547/080
:60M:D090123VEF000010113358,03
:61:090123D000000029144,09NTRF000000036482//180007
PAGO
:61:090123D000000038142,58NTRF000000036481//180007
PAGO
:61:090123D000000000412,27NTRF000000036480//180007
PAGO
:61:090123D000000010066,77NTRF000000036479//180007
PAGO
:61:090123D000000370342,30NTRF000000036342//180007
PAGO
:61:090123D000000180100,67NTRF000000036341//180007
PAGO
:61:090123D000000001185,23NTRF000000036340//180007
PAGO
:61:090123D000000172731,16NTRF000000036339//180007
PAGO
:61:090123D000000119652,99NTRF000000036338//180007
PAGO
:62M:D090123VEF000011035136,09
-}{5:{CHK:1143FB20924B}}{S:{COP:S}}${1:F21VZCRVECAAXXX5410610696}{4:{177:0404021720}{451:0}}{1:F01VZCRVECAAXXX5410610696}{2:09501717040402VZCRVECAAXXX40812675430404021720N}{3:{108:SCONNECT}}{4:
:20:MI090123
:25:1111111111
:28C:0547/081
:60M:D090123VEF000011035136,09
:61:090123D000000772761,60NTRF000000036337//180007
PAGO
:61:090123D000000196326,60NTRF000000036336//180007
PAGO
:61:090123D000000127947,94NTRF000000036335//180007
PAGO
:61:090123D000000022236,96NTRF000000036334//180007
PAGO
:61:090123D000000006586,17NTRF000000036247//180007
PAGO
:61:090123D000000098812,53NTRF000000036246//180007
PAGO
:61:090123D000000099986,21NTRF000000036245//180007
PAGO
:61:090123D000000060161,34NTRF000000036244//180007
PAGO
:61:090123D000000130861,02NTRF000000036243//180007
PAGO
:62M:D090123VEF000012550816,46
-}{5:{CHK:1143FB20924B}}{S:{COP:S}}${1:F21VZCRVECAAXXX5410610696}{4:{177:0404021720}{451:0}}{1:F01VZCRVECAAXXX5410610696}{2:09501717040402VZCRVECAAXXX40812675430404021720N}{3:{108:SCONNECT}}{4:
:20:MI090123
:25:1111111111
:28C:0547/082
:60M:D090123VEF000012550816,46
:61:090123D000001804843,87NTRF000000036242//180007
PAGO
:61:090123D000000061990,15NTRF000000036241//180007
PAGO
:61:090123D000000492766,54NTRF000000036240//180007
PAGO
:61:090123D000000000419,00NTRF000000057349//180007
PAGO
:61:090123D000000003039,69NTRF000000113546//180007
PAGO
:61:090123D000000020501,12NTRF000000113545//180007
PAGO
:61:090123D000000012027,09NTRF000000113543//180007
PAGO
:61:090123D000000006136,02NTRF000000113542//180007
PAGO
:61:090123D000000000160,67NTRF000000113541//180007
PAGO
:62M:D090123VEF000014952700,61
-}{5:{CHK:1143FB20924B}}{S:{COP:S}}${1:F21VZCRVECAAXXX5410610696}{4:{177:0404021720}{451:0}}{1:F01VZCRVECAAXXX5410610696}{2:09501717040402VZCRVECAAXXX40812675430404021720N}{3:{108:SCONNECT}}{4:
:20:MI090123
:25:1111111111
:28C:0547/083
:60M:D090123VEF000014952700,61
:61:090123D000000006294,51NTRF000000113540//180007
PAGO
:61:090123D000000000484,78NTRF000000113539//180007
PAGO
:61:090123D000000008481,35NTRF000000113538//180007
PAGO
:61:090123D000000189499,35NTRF000000113537//180007
PAGO
:61:090123D000000002580,00NTRF000000080464//180007
PAGO
:61:090123D000000055370,98NTRF000000080461//180007
PAGO
:61:090123D000000000107,87NTRF000000080460//180007
PAGO
:61:090123D000000002980,00NTRF000000080459//180007
PAGO
:61:090123D000000002293,57NTRF000000080458//180007
PAGO
:62M:D090123VEF000015220793,02
-}{5:{CHK:1143FB20924B}}{S:{COP:S}}${1:F21VZCRVECAAXXX5410610696}{4:{177:0404021720}{451:0}}{1:F01VZCRVECAAXXX5410610696}{2:09501717040402VZCRVECAAXXX40812675430404021720N}{3:{108:SCONNECT}}{4:
:20:MI090123
:25:1111111111
:28C:0547/084
:60M:D090123VEF000015220793,02
:61:090123D000000001270,00NTRF000000080457//180007
PAGO
:61:090123D000000002757,52NTRF000000080456//180007
PAGO
:61:090123D000000003850,00NTRF000000080455//180007
PAGO
:61:090123D000000013262,19NTRF000000080454//180007
PAGO
:61:090123D000000001000,00NTRF000043467793//180007
PAGO
:61:090123D000000001000,00NTRF000041278965//180007
PAGO
:61:090123D000000000700,00NTRF000039394626//180007
PAGO
:61:090123D000000000150,00NTRF000038027589//180007
PAGO
:61:090123D000000000573,12NTRF000037170778//180007
PAGO
:62M:D090123VEF000015245355,85
-}{5:{CHK:1143FB20924B}}{S:{COP:S}}${1:F21VZCRVECAAXXX5410610696}{4:{177:0404021720}{451:0}}{1:F01VZCRVECAAXXX5410610696}{2:09501717040402VZCRVECAAXXX40812675430404021720N}{3:{108:SCONNECT}}{4:
:20:MI090123
:25:1111111111
:28C:0547/085
:60M:D090123VEF000015245355,85
:61:090123D000000000180,00NTRF000033104722//180007
PAGO
:61:090123D000000001000,00NTRF000033056772//180007
PAGO
:61:090123D000000000400,00NTRF000031505418//180007
PAGO
:61:090123D000000000077,40NTRF000030420584//180007
PAGO
:61:090123D000000002000,00NTRF000094028591//180007
PAGO
:61:090123D000000000180,00NTRF000093839073//180007
PAGO
:61:090123D000000000100,00NTRF000093770374//180007
PAGO
:61:090123D000000000500,00NTRF000093650785//180007
PAGO
:61:090123D000000000025,00NTRF000093512445//180007
PAGO
:62M:D090123VEF000015249818,25
-}{5:{CHK:1143FB20924B}}{S:{COP:S}}${1:F21VZCRVECAAXXX5410610696}{4:{177:0404021720}{451:0}}{1:F01VZCRVECAAXXX5410610696}{2:09501717040402VZCRVECAAXXX40812675430404021720N}{3:{108:SCONNECT}}{4:
:20:MI090123
:25:1111111111
:28C:0547/086
:60M:D090123VEF000015249818,25
:61:090123D000000020000,00NTRF000092651673//180007
PAGO
:61:090123D000000000300,00NTRF000092195002//180007
PAGO
:61:090123D000000000272,00NTRF000091851390//180007
PAGO
:61:090123D000000000230,00NTRF000091274307//180007
PAGO
:61:090123D000000012000,00NTRF000056597197//180007
PAGO
:61:090123D000000000120,00NTRF000056196505//180007
PAGO
:61:090123D000000000350,00NTRF000055993132//180007
PAGO
:61:090123D000000001395,00NTRF000055977177//180007
PAGO
:61:090123D000000000240,00NTRF000055667717//180007
PAGO
:62M:D090123VEF000015284725,25
-}{5:{CHK:1143FB20924B}}{S:{COP:S}}${1:F21VZCRVECAAXXX5410610696}{4:{177:0404021720}{451:0}}{1:F01VZCRVECAAXXX5410610696}{2:09501717040402VZCRVECAAXXX40812675430404021720N}{3:{108:SCONNECT}}{4:
:20:MI090123
:25:1111111111
:28C:0547/087
:60M:D090123VEF000015284725,25
:61:090123D000000000150,00NTRF000055409957//180007
PAGO
:61:090123D000000007000,00NTRF000055254976//180007
PAGO
:61:090123D000000004000,00NTRF000054093155//180007
PAGO
:61:090123D000000000050,00NTRF000054041486//180007
PAGO
:61:090123D000000000300,00NTRF000022299868//180007
PAGO
:61:090123D000000004100,00NTRF000022255399//180007
PAGO
:61:090123D000000000400,00NTRF000022054284//180007
PAGO
:61:090123D000000000740,00NTRF000021577803//180007
PAGO
:61:090123D000000000600,00NTRF000021278233//180007
PAGO
:62M:D090123VEF000015302065,25
-}{5:{CHK:1143FB20924B}}{S:{COP:S}}${1:F21VZCRVECAAXXX5410610696}{4:{177:0404021720}{451:0}}{1:F01VZCRVECAAXXX5410610696}{2:09501717040402VZCRVECAAXXX40812675430404021720N}{3:{108:SCONNECT}}{4:
:20:MI090123
:25:1111111111
:28C:0547/088
:60M:D090123VEF000015302065,25
:61:090123D000000000102,44NTRF000021275541//180007
PAGO
:61:090123D000000001003,70NTRF000021232532//180007
PAGO
:61:090123D000000004398,20NTRF000021070099//180007
PAGO
:61:090123D000000020000,00NTRF000020531030//180007
PAGO
:61:090123D000000000200,00NTRF000089038796//180007
PAGO
:61:090123D000000000150,00NTRF000088575879//180007
PAGO
:61:090123D000000000360,00NTRF000088233429//180007
PAGO
:61:090123D000000000500,00NTRF000088192764//180007
PAGO
:61:090123D000000001000,00NTRF000087770140//180007
PAGO
:62M:D090123VEF000015329779,59
-}{5:{CHK:1143FB20924B}}{S:{COP:S}}${1:F21VZCRVECAAXXX5410610696}{4:{177:0404021720}{451:0}}{1:F01VZCRVECAAXXX5410610696}{2:09501717040402VZCRVECAAXXX40812675430404021720N}{3:{108:SCONNECT}}{4:
:20:MI090123
:25:1111111111
:28C:0547/089
:60M:D090123VEF000015329779,59
:61:090123D000000000500,00NTRF000087752042//180007
PAGO
:61:090123D000000000100,00NTRF000087670855//180007
PAGO
:61:090123D000000000860,00NTRF000087224097//180007
PAGO
:61:090123D000000000179,50NTRF000087015330//180007
PAGO
:61:090123D000000001000,00NTRF000047400161//180007
PAGO
:61:090123D000000002000,00NTRF000047367823//180007
PAGO
:61:090123D000000000065,00NTRF000047260170//180007
PAGO
:61:090123D000000000190,00NTRF000046926733//180007
PAGO
:61:090123D000000001200,00NTRF000046719307//180007
PAGO
:62M:D090123VEF000015335874,09
-}{5:{CHK:1143FB20924B}}{S:{COP:S}}${1:F21VZCRVECAAXXX5410610696}{4:{177:0404021720}{451:0}}{1:F01VZCRVECAAXXX5410610696}{2:09501717040402VZCRVECAAXXX40812675430404021720N}{3:{108:SCONNECT}}{4:
:20:MI090123
:25:1111111111
:28C:0547/090
:60M:D090123VEF000015335874,09
:61:090123D000000000150,00NTRF000046714069//180007
PAGO
:61:090123D000000000830,00NTRF000046289176//180007
PAGO
:61:090123D000000000120,00NTRF000046245532//180007
PAGO
:61:090123D000000005000,00NTRF000046106264//180007
PAGO
:61:090123D000000000150,00NTRF000018583626//180007
PAGO
:61:090123D000000000150,00NTRF000018515626//180007
PAGO
:61:090123D000000002200,00NTRF000018484160//180007
PAGO
:61:090123D000000000082,00NTRF000018399836//180007
PAGO
:61:090123D000000000150,00NTRF000017978209//180007
PAGO
:62M:D090123VEF000015344706,09
-}{5:{CHK:1143FB20924B}}{S:{COP:S}}${1:F21VZCRVECAAXXX5410610696}{4:{177:0404021720}{451:0}}{1:F01VZCRVECAAXXX5410610696}{2:09501717040402VZCRVECAAXXX40812675430404021720N}{3:{108:SCONNECT}}{4:
:20:MI090123
:25:1111111111
:28C:0547/091
:60M:D090123VEF000015344706,09
:61:090123D000000000650,00NTRF000017707304//180007
PAGO
:61:090123D000000000500,00NTRF000017455812//180007
PAGO
:61:090123D000000008000,00NTRF000017401074//180007
PAGO
:61:090123D000000000161,32NTRF000016926135//180007
PAGO
:61:090123D000000012681,63NTRF000000000018//180007
PAGO
:61:090123D000000002520,46NTRF000000000017//180007
PAGO
:61:090123D000000010481,70NTRF000000000016//180007
PAGO
:61:090123D000000009455,63NTRF000000000015//180007
PAGO
:61:090123D000000011664,98NTRF000000000014//180007
PAGO
:62M:D090123VEF000015400821,81
-}{5:{CHK:1143FB20924B}}{S:{COP:S}}${1:F21VZCRVECAAXXX5410610696}{4:{177:0404021720}{451:0}}{1:F01VZCRVECAAXXX5410610696}{2:09501717040402VZCRVECAAXXX40812675430404021720N}{3:{108:SCONNECT}}{4:
:20:MI090123
:25:1111111111
:28C:0547/092
:60M:D090123VEF000015400821,81
:61:090123D000000002827,05NTRF000000000012//180007
PAGO
:61:090123D000000003027,72NTRF000000000010//180007
PAGO
:61:090123D000000017251,03NTRF000000000009//180007
PAGO
:61:090123D000000014113,41NTRF000000000008//180007
PAGO
:61:090123D000000016800,00NTRF000086275876//180007
PAGO
:61:090123D000000005000,00NTRF000085532879//180007
PAGO
:61:090123D000000005000,00NTRF000085482822//180007
PAGO
:61:090123D000000001500,00NTRF000085362000//180007
PAGO
:61:090123D000000000030,00NTRF000084989434//180007
PAGO
:62M:D090123VEF000015466371,02
-}{5:{CHK:1143FB20924B}}{S:{COP:S}}${1:F21VZCRVECAAXXX5410610696}{4:{177:0404021720}{451:0}}{1:F01VZCRVECAAXXX5410610696}{2:09501717040402VZCRVECAAXXX40812675430404021720N}{3:{108:SCONNECT}}{4:
:20:MI090123
:25:1111111111
:28C:0547/093
:60M:D090123VEF000015466371,02
:61:090123D000000000400,00NTRF000084781433//180007
PAGO
:61:090123D000000031040,00NTRF000084692156//180007
PAGO
:61:090123D000000001200,00NTRF000084658167//180007
PAGO
:61:090123D000000000500,00NTRF000084419618//180007
PAGO
:61:090123D000000001500,00NTRF000066197389//180007
PAGO
:61:090123D000000000100,00NTRF000066185757//180007
PAGO
:61:090123D000000000300,00NTRF000066066897//180007
PAGO
:61:090123D000000005300,00NTRF000065891373//180007
PAGO
:61:090123D000000000028,00NTRF000065848260//180007
PAGO
:62M:D090123VEF000015506739,02
-}{5:{CHK:1143FB20924B}}{S:{COP:S}}${1:F21VZCRVECAAXXX5410610696}{4:{177:0404021720}{451:0}}{1:F01VZCRVECAAXXX5410610696}{2:09501717040402VZCRVECAAXXX40812675430404021720N}{3:{108:SCONNECT}}{4:
:20:MI090123
:25:1111111111
:28C:0547/094
:60M:D090123VEF000015506739,02
:61:090123D000000000450,00NTRF000065641298//180007
PAGO
:61:090123D000000000250,00NTRF000065608819//180007
PAGO
:61:090123D000000000471,91NTRF000065523928//180007
PAGO
:61:090123D000000000968,00NTRF000065486354//180007
PAGO
:61:090123D000000001334,30NTRF000049969522//180007
PAGO
:61:090123D000000000200,00NTRF000049897528//180007
PAGO
:61:090123D000000000100,00NTRF000049733906//180007
PAGO
:61:090123D000000000050,00NTRF000049653805//180007
PAGO
:61:090123D000000000153,00NTRF000049602617//180007
PAGO
:62M:D090123VEF000015510716,23
-}{5:{CHK:1143FB20924B}}{S:{COP:S}}${1:F21VZCRVECAAXXX5410610696}{4:{177:0404021720}{451:0}}{1:F01VZCRVECAAXXX5410610696}{2:09501717040402VZCRVECAAXXX40812675430404021720N}{3:{108:SCONNECT}}{4:
:20:MI090123
:25:1111111111
:28C:0547/095
:60M:D090123VEF000015510716,23
:61:090123D000000001000,00NTRF000049474545//180007
PAGO
:61:090123D000000000500,00NTRF000049433931//180007
PAGO
:61:090123D000000000700,00NTRF000049426851//180007
PAGO
:61:090123D000000001000,00NTRF000049245632//180007
PAGO
:61:090123D000000001700,00NTRF000030519287//180007
PAGO
:61:090123D000000005000,00NTRF000030482385//180007
PAGO
:61:090123D000000001880,00NTRF000029859815//180007
PAGO
:61:090123D000000000300,00NTRF000029789852//180007
PAGO
:61:090123D000000003870,00NTRF000029773610//180007
PAGO
:62M:D090123VEF000015526666,23
-}{5:{CHK:1143FB20924B}}{S:{COP:S}}${1:F21VZCRVECAAXXX5410610696}{4:{177:0404021720}{451:0}}{1:F01VZCRVECAAXXX5410610696}{2:09501717040402VZCRVECAAXXX40812675430404021720N}{3:{108:SCONNECT}}{4:
:20:MI090123
:25:1111111111
:28C:0547/096
:60M:D090123VEF000015526666,23
:61:090123D000000000172,00NTRF000029714921//180007
PAGO
:61:090123D000000000268,42NTRF000029573597//180007
PAGO
:61:090123D000000001200,00NTRF000029454631//180007
PAGO
:61:090123D000000000300,00NTRF000029392540//180007
PAGO
:61:090123D000000000600,00NTRF000012367867//180007
PAGO
:61:090123D000000001300,00NTRF000012292809//180007
PAGO
:61:090123D000000000500,00NTRF000011916821//180007
PAGO
:61:090123D000000000037,27NTRF000011688485//180007
PAGO
:61:090123D000000000179,94NTRF000011600711//180007
PAGO
:62M:D090123VEF000015531223,86
-}{5:{CHK:1143FB20924B}}{S:{COP:S}}${1:F21VZCRVECAAXXX5410610696}{4:{177:0404021720}{451:0}}{1:F01VZCRVECAAXXX5410610696}{2:09501717040402VZCRVECAAXXX40812675430404021720N}{3:{108:SCONNECT}}{4:
:20:MI090123
:25:1111111111
:28C:0547/097
:60M:D090123VEF000015531223,86
:61:090123D000000000383,00NTRF000011463921//180007
PAGO
:61:090123D000000001696,80NTRF000011388658//180007
PAGO
:61:090123D000000000250,00NTRF000011187811//180007
PAGO
:61:090123D000000000850,00NTRF000011052099//180007
PAGO
:61:090123D000000001500,00NTRF000093631937//180007
PAGO
:61:090123D000000000100,00NTRF000093535416//180007
PAGO
:61:090123D000000000200,00NTRF000093306170//180007
PAGO
:61:090123D000000000675,00NTRF000093272123//180007
PAGO
:61:090123D000000000110,00NTRF000093010075//180007
PAGO
:62M:D090123VEF000015536988,66
-}{5:{CHK:1143FB20924B}}{S:{COP:S}}${1:F21VZCRVECAAXXX5410610696}{4:{177:0404021720}{451:0}}{1:F01VZCRVECAAXXX5410610696}{2:09501717040402VZCRVECAAXXX40812675430404021720N}{3:{108:SCONNECT}}{4:
:20:MI090123
:25:1111111111
:28C:0547/098
:60M:D090123VEF000015536988,66
:61:090123D000000000670,00NTRF000092889643//180007
PAGO
:61:090123D000000000300,00NTRF000092617148//180007
PAGO
:61:090123D000000000030,00NTRF000092541158//180007
PAGO
:61:090123D000000000300,00NTRF000092538148//180007
PAGO
:61:090123D000000000120,00NTRF000065937620//180007
PAGO
:61:090123D000000001938,55NTRF000065936363//180007
PAGO
:61:090123D000000000400,00NTRF000065837365//180007
PAGO
:61:090123D000000003000,00NTRF000065689309//180007
PAGO
:61:090123D000000000200,00NTRF000065278352//180007
PAGO
:62M:D090123VEF000015543947,21
-}{5:{CHK:1143FB20924B}}{S:{COP:S}}${1:F21VZCRVECAAXXX5410610696}{4:{177:0404021720}{451:0}}{1:F01VZCRVECAAXXX5410610696}{2:09501717040402VZCRVECAAXXX40812675430404021720N}{3:{108:SCONNECT}}{4:
:20:MI090123
:25:1111111111
:28C:0547/099
:60M:D090123VEF000015543947,21
:61:090123D000000000050,00NTRF000064826665//180007
PAGO
:61:090123D000000002982,11NTRF000064807574//180007
PAGO
:61:090123D000000000230,00NTRF000064638984//180007
PAGO
:61:090123D000000000291,00NTRF000064580044//180007
PAGO
:61:090123D000000000100,00NTRF000040289113//180007
PAGO
:61:090123D000000000400,00NTRF000040185501//180007
PAGO
:61:090123D000000000500,00NTRF000040046419//180007
PAGO
:61:090123D000000000250,00NTRF000039980941//180007
PAGO
:61:090123D000000000150,00NTRF000039742408//180007
PAGO
:62M:D090123VEF000015548900,32
-}{5:{CHK:1143FB20924B}}{S:{COP:S}}${1:F21VZCRVECAAXXX5410610696}{4:{177:0404021720}{451:0}}{1:F01VZCRVECAAXXX5410610696}{2:09501717040402VZCRVECAAXXX40812675430404021720N}{3:{108:SCONNECT}}{4:
:20:MI090123
:25:1111111111
:28C:0547/100
:60M:D090123VEF000015548900,32
:61:090123D000000000100,00NTRF000039572751//180007
PAGO
:61:090123D000000000127,89NTRF000039553736//180007
PAGO
:61:090123D000000000167,18NTRF000039317545//180007
PAGO
:61:090123D000000000160,00NTRF000039063273//180007
PAGO
:61:090123D000000000070,00NTRF000016670142//180007
PAGO
:61:090123D000000001500,00NTRF000016666811//180007
PAGO
:61:090123D000000001000,00NTRF000016639690//180007
PAGO
:61:090123D000000000500,00NTRF000016598263//180007
PAGO
:61:090123D000000000200,00NTRF000016474290//180007
PAGO
:62M:D090123VEF000015552725,39
-}{5:{CHK:1143FB20924B}}{S:{COP:S}}${1:F21VZCRVECAAXXX5410610696}{4:{177:0404021720}{451:0}}{1:F01VZCRVECAAXXX5410610696}{2:09501717040402VZCRVECAAXXX40812675430404021720N}{3:{108:SCONNECT}}{4:
:20:MI090123
:25:1111111111
:28C:0547/101
:60M:D090123VEF000015552725,39
:61:090123D000000000748,00NTRF000016332006//180007
PAGO
:61:090123D000000000200,00NTRF000016253390//180007
PAGO
:61:090123D000000000500,00NTRF000015751857//180007
PAGO
:61:090123D000000000420,00NTRF000015748482//180007
PAGO
:61:090123D000000005819,27NTRF000000036478//180007
PAGO
:61:090123D000000131628,54NTRF000000036477//180007
PAGO
:61:090123D000000002567,90NTRF000000036476//180007
PAGO
:61:090123D000000017469,10NTRF000000036475//180007
PAGO
:61:090123D000000185957,25NTRF000000036474//180007
PAGO
:62M:D090123VEF000015898035,45
-}{5:{CHK:1143FB20924B}}{S:{COP:S}}${1:F21VZCRVECAAXXX5410610696}{4:{177:0404021720}{451:0}}{1:F01VZCRVECAAXXX5410610696}{2:09501717040402VZCRVECAAXXX40812675430404021720N}{3:{108:SCONNECT}}{4:
:20:MI090123
:25:1111111111
:28C:0547/102
:60M:D090123VEF000015898035,45
:61:090123D000000000042,43NTRF000000036473//180007
PAGO
:61:090123D000000085624,33NTRF000000036472//180007
PAGO
:61:090123D000000007570,27NTRF000000036471//180007
PAGO
:61:090123D000000043945,24NTRF000000036470//180007
PAGO
:61:090123D000000142009,59NTRF000000036333//180007
PAGO
:61:090123D000000101957,96NTRF000000036332//180007
PAGO
:61:090123D000000004007,78NTRF000000036330//180007
PAGO
:61:090123D000000220926,19NTRF000000036329//180007
PAGO
:61:090123D000000161123,10NTRF000000036328//180007
PAGO
:62M:D090123VEF000016665242,34
-}{5:{CHK:1143FB20924B}}{S:{COP:S}}${1:F21VZCRVECAAXXX5410610696}{4:{177:0404021720}{451:0}}{1:F01VZCRVECAAXXX5410610696}{2:09501717040402VZCRVECAAXXX40812675430404021720N}{3:{108:SCONNECT}}{4:
:20:MI090123
:25:1111111111
:28C:0547/103
:60M:D090123VEF000016665242,34
:61:090123D000000084130,60NTRF000000036327//180007
PAGO
:61:090123D000000050087,16NTRF000000036326//180007
PAGO
:61:090123D000000039332,06NTRF000000036325//180007
PAGO
:61:090123D000000486125,61NTRF000000036324//180007
PAGO
:61:090123D000000000419,00NTRF000000057347//180007
PAGO
:61:090123D000000014354,15NTRF000000057345//180007
PAGO
:61:090123D000000000579,50NTRF000022010404//180007
PAGO
:61:090123D000000004499,50NTRF000022010403//180007
PAGO
:61:090123D000000000560,50NTRF000022010402//180007
PAGO
:62M:D090123VEF000017345330,42
-}{5:{CHK:1143FB20924B}}{S:{COP:S}}${1:F21VZCRVECAAXXX5410610696}{4:{177:0404021720}{451:0}}{1:F01VZCRVECAAXXX5410610696}{2:09501717040402VZCRVECAAXXX40812675430404021720N}{3:{108:SCONNECT}}{4:
:20:MI090123
:25:1111111111
:28C:0547/104
:60M:D090123VEF000017345330,42
:61:090123D000000003314,50NTRF000022010401//180007
PAGO
:61:090123D000000001814,74NTRF000022010400//180007
PAGO
:61:090123D000000001199,50NTRF000022010399//180007
PAGO
:61:090123D000000007161,08NTRF000022010398//180007
PAGO
:61:090123D000000186754,79NTRF000000113536//180007
PAGO
:61:090123D000000004951,11NTRF000000113535//180007
PAGO
:61:090123D000000017572,75NTRF000000113534//180007
PAGO
:61:090123D000000000665,47NTRF000000077917//180007
PAGO
:61:090123D000000000407,38NTRF000000077916//180007
PAGO
:62M:D090123VEF000017569171,74
-}{5:{CHK:1143FB20924B}}{S:{COP:S}}${1:F21VZCRVECAAXXX5410610696}{4:{177:0404021720}{451:0}}{1:F01VZCRVECAAXXX5410610696}{2:09501717040402VZCRVECAAXXX40812675430404021720N}{3:{108:SCONNECT}}{4:
:20:MI090123
:25:1111111111
:28C:0547/105
:60M:D090123VEF000017569171,74
:61:090123D000000070560,97NTRF000000052532//180007
PAGO
:61:090123D000000000200,41NTRF000000052531//180007
PAGO
:61:090123D000000001892,70NTRF000000052530//180007
PAGO
:61:090123D000000001837,97NTRF000000052529//180007
PAGO
:61:090123D000000020764,76NTRF000000080453//180007
PAGO
:61:090123D000000059803,67NTRF000000080452//180007
PAGO
:61:090123D000000022120,48NTRF000000080450//180007
PAGO
:61:090123D000000030476,00NTRF000000080449//180007
PAGO
:61:090123D000000036170,94NTRF000000080448//180007
PAGO
:62M:D090123VEF000017812999,64
-}{5:{CHK:1143FB20924B}}{S:{COP:S}}${1:F21VZCRVECAAXXX5410610696}{4:{177:0404021720}{451:0}}{1:F01VZCRVECAAXXX5410610696}{2:09501717040402VZCRVECAAXXX40812675430404021720N}{3:{108:SCONNECT}}{4:
:20:MI090123
:25:1111111111
:28C:0547/106
:60M:D090123VEF000017812999,64
:61:090123D000000001319,31NTRF000000080447//180007
PAGO
:61:090123D000000000874,89NTRF000000080445//180007
PAGO
:61:090123D000000000244,00NTRF000000080444//180007
PAGO
:61:090123D000000004129,00NTRF000000080443//180007
PAGO
:61:090123D000000000250,00NTRF000025666835//180007
PAGO
:61:090123D000000001612,62NTRF000021033768//180007
PAGO
:61:090123D000000000498,46NTRF000018651934//180007
PAGO
:61:090123D000000000100,00NTRF000011792932//180007
PAGO
:61:090123D000000000100,00NTRF000011459663//180007
PAGO
:62M:D090123VEF000017822127,92
-}{5:{CHK:1143FB20924B}}{S:{COP:S}}${1:F21VZCRVECAAXXX5410610696}{4:{177:0404021720}{451:0}}{1:F01VZCRVECAAXXX5410610696}{2:09501717040402VZCRVECAAXXX40812675430404021720N}{3:{108:SCONNECT}}{4:
:20:MI090123
:25:1111111111
:28C:0547/107
:60M:D090123VEF000017822127,92
:61:090123D000000000250,00NTRF000009813209//180007
PAGO
:61:090123D000000000050,00NTRF000009441902//180007
PAGO
:61:090123D000000002365,00NTRF000003769213//180007
PAGO
:61:090123D000000002000,00NTRF000000739787//180007
PAGO
:61:090123D000000000300,00NTRF000091266161//180007
PAGO
:61:090123D000000029000,00NTRF000090957316//180007
PAGO
:61:090123D000000000500,00NTRF000090925524//180007
PAGO
:61:090123D000000001000,00NTRF000090909209//180007
PAGO
:61:090123D000000003000,00NTRF000090671526//180007
PAGO
:62M:D090123VEF000017860592,92
-}{5:{CHK:1143FB20924B}}{S:{COP:S}}${1:F21VZCRVECAAXXX5410610696}{4:{177:0404021720}{451:0}}{1:F01VZCRVECAAXXX5410610696}{2:09501717040402VZCRVECAAXXX40812675430404021720N}{3:{108:SCONNECT}}{4:
:20:MI090123
:25:1111111111
:28C:0547/108
:60M:D090123VEF000017860592,92
:61:090123D000000004000,00NTRF000090510205//180007
PAGO
:61:090123D000000000310,00NTRF000090068779//180007
PAGO
:61:090123D000000000230,00NTRF000089913261//180007
PAGO
:61:090123D000000000200,00NTRF000089564430//180007
PAGO
:61:090123D000000005250,00NTRF000053849919//180007
PAGO
:61:090123D000000000215,00NTRF000053663142//180007
PAGO
:61:090123D000000040000,00NTRF000053406986//180007
PAGO
:61:090123D000000000500,00NTRF000053251700//180007
PAGO
:61:090123D000000000099,10NTRF000053230379//180007
PAGO
:62M:D090123VEF000017911397,02
-}{5:{CHK:1143FB20924B}}{S:{COP:S}}${1:F21VZCRVECAAXXX5410610696}{4:{177:0404021720}{451:0}}{1:F01VZCRVECAAXXX5410610696}{2:09501717040402VZCRVECAAXXX40812675430404021720N}{3:{108:SCONNECT}}{4:
:20:MI090123
:25:1111111111
:28C:0547/109
:60M:D090123VEF000017911397,02
:61:090123D000000000500,00NTRF000053215703//180007
PAGO
:61:090123D000000004500,00NTRF000053187538//180007
PAGO
:61:090123D000000002500,00NTRF000053083103//180007
PAGO
:61:090123D000000000700,00NTRF000052876330//180007
PAGO
:61:090123D000000000630,00NTRF000020517219//180007
PAGO
:61:090123D000000001625,00NTRF000020333413//180007
PAGO
:61:090123D000000000050,00NTRF000020149959//180007
PAGO
:61:090123D000000002699,59NTRF000019849121//180007
PAGO
:61:090123D000000000248,00NTRF000019758021//180007
PAGO
:62M:D090123VEF000017924849,61
-}{5:{CHK:1143FB20924B}}{S:{COP:S}}${1:F21VZCRVECAAXXX5410610696}{4:{177:0404021720}{451:0}}{1:F01VZCRVECAAXXX5410610696}{2:09501717040402VZCRVECAAXXX40812675430404021720N}{3:{108:SCONNECT}}{4:
:20:MI090123
:25:1111111111
:28C:0547/110
:60M:D090123VEF000017924849,61
:61:090123D000000001341,00NTRF000019639565//180007
PAGO
:61:090123D000000000500,00NTRF000019569641//180007
PAGO
:61:090123D000000000200,00NTRF000019559880//180007
PAGO
:61:090123D000000000150,00NTRF000019141057//180007
PAGO
:61:090123D000000003249,59NTRF000086988062//180007
PAGO
:61:090123D000000000104,00NTRF000086947517//180007
PAGO
:61:090123D000000000184,00NTRF000086404658//180007
PAGO
:61:090123D000000001900,00NTRF000085779686//180007
PAGO
:61:090123D000000001800,00NTRF000085370684//180007
PAGO
:62M:D090123VEF000017934278,20
-}{5:{CHK:1143FB20924B}}{S:{COP:S}}${1:F21VZCRVECAAXXX5410610696}{4:{177:0404021720}{451:0}}{1:F01VZCRVECAAXXX5410610696}{2:09501717040402VZCRVECAAXXX40812675430404021720N}{3:{108:SCONNECT}}{4:
:20:MI090123
:25:1111111111
:28C:0547/111
:60M:D090123VEF000017934278,20
:61:090123D000000000050,00NTRF000085079906//180007
PAGO
:61:090123D000000000050,00NTRF000084805906//180007
PAGO
:61:090123D000000001500,00NTRF000084796501//180007
PAGO
:61:090123D000000000150,00NTRF000084318472//180007
PAGO
:61:090123D000000000500,00NTRF000045578439//180007
PAGO
:61:090123D000000000500,00NTRF000045542439//180007
PAGO
:61:090123D000000000500,00NTRF000045502439//180007
PAGO
:61:090123D000000000050,00NTRF000045418733//180007
PAGO
:61:090123D000000000341,59NTRF000044714059//180007
PAGO
:62M:D090123VEF000017937919,79
-}{5:{CHK:1143FB20924B}}{S:{COP:S}}${1:F21VZCRVECAAXXX5410610696}{4:{177:0404021720}{451:0}}{1:F01VZCRVECAAXXX5410610696}{2:09501717040402VZCRVECAAXXX40812675430404021720N}{3:{108:SCONNECT}}{4:
:20:MI090123
:25:1111111111
:28C:0547/112
:60M:D090123VEF000017937919,79
:61:090123D000000000640,00NTRF000044249106//180007
PAGO
:61:090123D000000000400,00NTRF000043763377//180007
PAGO
:61:090123D000000000750,00NTRF000043466653//180007
PAGO
:61:090123D000000000350,00NTRF000043130200//180007
PAGO
:61:090123D000000000024,00NTRF000016423003//180007
PAGO
:61:090123D000000001000,00NTRF000016356309//180007
PAGO
:61:090123D000000006626,47NTRF000015809799//180007
PAGO
:61:090123D000000002200,00NTRF000015276057//180007
PAGO
:61:090123D000000003700,00NTRF000015132875//180007
PAGO
:62M:D090123VEF000017953610,26
-}{5:{CHK:1143FB20924B}}{S:{COP:S}}${1:F21VZCRVECAAXXX5410610696}{4:{177:0404021720}{451:0}}{1:F01VZCRVECAAXXX5410610696}{2:09501717040402VZCRVECAAXXX40812675430404021720N}{3:{108:SCONNECT}}{4:
:20:MI090123
:25:1111111111
:28C:0547/113
:60M:D090123VEF000017953610,26
:61:090123D000000000300,00NTRF000014586939//180007
PAGO
:61:090123D000000000396,00NTRF000014441108//180007
PAGO
:61:090123D000000000255,00NTRF000014132489//180007
PAGO
:61:090123D000000000300,00NTRF000014056628//180007
PAGO
:61:090123D000000001938,61NTRF000000000007//180007
PAGO
:61:090123D000000001002,30NTRF000000000006//180007
PAGO
:61:090123D000000090382,36NTRF000000000006//180007
PAGO
:61:090123D000000132455,67NTRF000000000005//180007
PAGO
:61:090123D000000011060,29NTRF000000000005//180007
PAGO
:62M:D090123VEF000018191700,49
-}{5:{CHK:1143FB20924B}}{S:{COP:S}}${1:F21VZCRVECAAXXX5410610696}{4:{177:0404021720}{451:0}}{1:F01VZCRVECAAXXX5410610696}{2:09501717040402VZCRVECAAXXX40812675430404021720N}{3:{108:SCONNECT}}{4:
:20:MI090123
:25:1111111111
:28C:0547/114
:60M:D090123VEF000018191700,49
:61:090123D000000005450,37NTRF000000000004//180007
PAGO
:61:090123D000000103285,55NTRF000000000004//180007
PAGO
:61:090123D000000119408,57NTRF000000000003//180007
PAGO
:61:090123D000000011460,19NTRF000000000003//180007
PAGO
:61:090123D000000002000,00NTRF000084080627//180007
PAGO
:61:090123D000000000040,00NTRF000084066714//180007
PAGO
:61:090123D000000003300,00NTRF000083965820//180007
PAGO
:61:090123D000000009261,00NTRF000083819456//180007
PAGO
:61:090123D000000000200,00NTRF000083715609//180007
PAGO
:62M:D090123VEF000018446106,17
-}{5:{CHK:1143FB20924B}}{S:{COP:S}}${1:F21VZCRVECAAXXX5410610696}{4:{177:0404021720}{451:0}}{1:F01VZCRVECAAXXX5410610696}{2:09501717040402VZCRVECAAXXX40812675430404021720N}{3:{108:SCONNECT}}{4:
:20:MI090123
:25:1111111111
:28C:0547/115
:60M:D090123VEF000018446106,17
:61:090123D000000001250,00NTRF000083650563//180007
PAGO
:61:090123D000000000700,00NTRF000083570782//180007
PAGO
:61:090123D000000000300,00NTRF000083410884//180007
PAGO
:61:090123D000000000600,00NTRF000083205283//180007
PAGO
:61:090123D000000001550,00NTRF000065404239//180007
PAGO
:61:090123D000000000350,00NTRF000065334403//180007
PAGO
:61:090123D000000000380,00NTRF000065265185//180007
PAGO
:61:090123D000000000300,00NTRF000065182283//180007
PAGO
:61:090123D000000001336,50NTRF000065175725//180007
PAGO
:62M:D090123VEF000018452872,67
-}{5:{CHK:1143FB20924B}}{S:{COP:S}}${1:F21VZCRVECAAXXX5410610696}{4:{177:0404021720}{451:0}}{1:F01VZCRVECAAXXX5410610696}{2:09501717040402VZCRVECAAXXX40812675430404021720N}{3:{108:SCONNECT}}{4:
:20:MI090123
:25:1111111111
:28C:0547/116
:60M:D090123VEF000018452872,67
:61:090123D000000000097,00NTRF000065110871//180007
PAGO
:61:090123D000000002000,00NTRF000065024660//180007
PAGO
:61:090123D000000000350,00NTRF000064914388//180007
PAGO
:61:090123D000000005800,00NTRF000064893345//180007
PAGO
:61:090123D000000005000,00NTRF000049147262//180007
PAGO
:61:090123D000000000200,00NTRF000049147185//180007
PAGO
:61:090123D000000000225,00NTRF000048873110//180007
PAGO
:61:090123D000000001200,00NTRF000048741992//180007
PAGO
:61:090123D000000001600,00NTRF000048689720//180007
PAGO
:62M:D090123VEF000018469344,67
-}{5:{CHK:1143FB20924B}}{S:{COP:S}}${1:F21VZCRVECAAXXX5410610696}{4:{177:0404021720}{451:0}}{1:F01VZCRVECAAXXX5410610696}{2:09501717040402VZCRVECAAXXX40812675430404021720N}{3:{108:SCONNECT}}{4:
:20:MI090123
:25:1111111111
:28C:0547/117
:60M:D090123VEF000018469344,67
:61:090123D000000003600,00NTRF000048351300//180007
PAGO
:61:090123D000000000350,00NTRF000048327629//180007
PAGO
:61:090123D000000003021,91NTRF000048174703//180007
PAGO
:61:090123D000000000360,00NTRF000028931104//180007
PAGO
:61:090123D000000000300,00NTRF000028524974//180007
PAGO
:61:090123D000000003520,29NTRF000028418006//180007
PAGO
:61:090123D000000000141,00NTRF000028408587//180007
PAGO
:61:090123D000000000140,00NTRF000028283604//180007
PAGO
:61:090123D000000001000,00NTRF000028108196//180007
PAGO
:62M:D090123VEF000018481777,87
-}{5:{CHK:1143FB20924B}}{S:{COP:S}}${1:F21VZCRVECAAXXX5410610696}{4:{177:0404021720}{451:0}}{1:F01VZCRVECAAXXX5410610696}{2:09501717040402VZCRVECAAXXX40812675430404021720N}{3:{108:SCONNECT}}{4:
:20:MI090123
:25:1111111111
:28C:0547/118
:60M:D090123VEF000018481777,87
:61:090123D000000001000,00NTRF000028077392//180007
PAGO
:61:090123D000000000050,00NTRF000027997685//180007
PAGO
:61:090123D000000015000,00NTRF000027920799//180007
PAGO
:61:090123D000000000300,00NTRF000011015713//180007
PAGO
:61:090123D000000001000,00NTRF000010852130//180007
PAGO
:61:090123D000000000400,00NTRF000010759131//180007
PAGO
:61:090123D000000000300,00NTRF000010664988//180007
PAGO
:61:090123D000000001800,00NTRF000010633676//180007
PAGO
:61:090123D000000004000,00NTRF000010574197//180007
PAGO
:62M:D090123VEF000018505627,87
-}{5:{CHK:1143FB20924B}}{S:{COP:S}}${1:F21VZCRVECAAXXX5410610696}{4:{177:0404021720}{451:0}}{1:F01VZCRVECAAXXX5410610696}{2:09501717040402VZCRVECAAXXX40812675430404021720N}{3:{108:SCONNECT}}{4:
:20:MI090123
:25:1111111111
:28C:0547/119
:60M:D090123VEF000018505627,87
:61:090123D000000000200,00NTRF000010467439//180007
PAGO
:61:090123D000000007874,35NTRF000010225835//180007
PAGO
:61:090123D000000000900,00NTRF000010003615//180007
PAGO
:61:090123D000000000600,00NTRF000091993371//180007
PAGO
:61:090123D000000000090,00NTRF000091882380//180007
PAGO
:61:090123D000000000700,00NTRF000091820926//180007
PAGO
:61:090123D000000000200,00NTRF000091755099//180007
PAGO
:61:090123D000000000055,00NTRF000091736635//180007
PAGO
:61:090123D000000002000,00NTRF000091445576//180007
PAGO
:62M:D090123VEF000018518247,22
-}{5:{CHK:1143FB20924B}}{S:{COP:S}}${1:F21VZCRVECAAXXX5410610696}{4:{177:0404021720}{451:0}}{1:F01VZCRVECAAXXX5410610696}{2:09501717040402VZCRVECAAXXX40812675430404021720N}{3:{108:SCONNECT}}{4:
:20:MI090123
:25:1111111111
:28C:0547/120
:60M:D090123VEF000018518247,22
:61:090123D000000000300,00NTRF000091157359//180007
PAGO
:61:090123D000000001500,00NTRF000091076700//180007
PAGO
:61:090123D000000001000,00NTRF000091013223//180007
PAGO
:61:090123D000000000050,00NTRF000064500665//180007
PAGO
:61:090123D000000000800,00NTRF000064139166//180007
PAGO
:61:090123D000000000800,00NTRF000064098166//180007
PAGO
:61:090123D000000000026,78NTRF000063997474//180007
PAGO
:61:090123D000000000225,86NTRF000063926451//180007
PAGO
:61:090123D000000000300,00NTRF000063541526//180007
PAGO
:62M:D090123VEF000018523249,86
-}{5:{CHK:1143FB20924B}}{S:{COP:S}}${1:F21VZCRVECAAXXX5410610696}{4:{177:0404021720}{451:0}}{1:F01VZCRVECAAXXX5410610696}{2:09501717040402VZCRVECAAXXX40812675430404021720N}{3:{108:SCONNECT}}{4:
:20:MI090123
:25:1111111111
:28C:0547/121
:60M:D090123VEF000018523249,86
:61:090123D000000002567,00NTRF000063470711//180007
PAGO
:61:090123D000000000886,40NTRF000062966380//180007
PAGO
:61:090123D000000000500,00NTRF000062762829//180007
PAGO
:61:090123D000000001000,00NTRF000038799259//180007
PAGO
:61:090123D000000000250,00NTRF000038756755//180007
PAGO
:61:090123D000000000310,00NTRF000038554179//180007
PAGO
:61:090123D000000000050,00NTRF000038041771//180007
PAGO
:61:090123D000000000300,00NTRF000037945830//180007
PAGO
:61:090123D000000000852,00NTRF000037939344//180007
PAGO
:62M:D090123VEF000018529965,26
-}{5:{CHK:1143FB20924B}}{S:{COP:S}}${1:F21VZCRVECAAXXX5410610696}{4:{177:0404021720}{451:0}}{1:F01VZCRVECAAXXX5410610696}{2:09501717040402VZCRVECAAXXX40812675430404021720N}{3:{108:SCONNECT}}{4:
:20:MI090123
:25:1111111111
:28C:0547/122
:60M:D090123VEF000018529965,26
:61:090123D000000002465,00NTRF000037888130//180007
PAGO
:61:090123D000000000150,00NTRF000037845631//180007
PAGO
:61:090123D000000000300,00NTRF000037837830//180007
PAGO
:61:090123D000000010133,42NTRF000015604202//180007
PAGO
:61:090123D000000000580,00NTRF000015381763//180007
PAGO
:61:090123D000000000135,00NTRF000015307842//180007
PAGO
:61:090123D000000000900,00NTRF000015285293//180007
PAGO
:61:090123D000000006000,00NTRF000014933722//180007
PAGO
:61:090123D000000000515,00NTRF000014744539//180007
PAGO
:62M:D090123VEF000018551143,68
-}{5:{CHK:1143FB20924B}}{S:{COP:S}}${1:F21VZCRVECAAXXX5410610696}{4:{177:0404021720}{451:0}}{1:F01VZCRVECAAXXX5410610696}{2:09501717040402VZCRVECAAXXX40812675430404021720N}{3:{108:SCONNECT}}{4:
:20:MI090123
:25:1111111111
:28C:0547/123
:60M:D090123VEF000018551143,68
:61:090123D000000000135,00NTRF000014509711//180007
PAGO
:61:090123D000000000500,00NTRF000014379997//180007
PAGO
:61:090123D000000002000,00NTRF000014204700//180007
PAGO
:61:090123D000000023434,37NTRF000000036469//180007
PAGO
:61:090123D000000015286,46NTRF000000036468//180007
PAGO
:61:090123D000000087605,94NTRF000000036467//180007
PAGO
:61:090123D000000039336,34NTRF000000036466//180007
PAGO
:61:090123D000000019600,61NTRF000000036465//180007
PAGO
:61:090123D000000022190,08NTRF000000036464//180007
PAGO
:62M:D090123VEF000018761232,48
-}{5:{CHK:1143FB20924B}}{S:{COP:S}}${1:F21VZCRVECAAXXX5410610696}{4:{177:0404021720}{451:0}}{1:F01VZCRVECAAXXX5410610696}{2:09501717040402VZCRVECAAXXX40812675430404021720N}{3:{108:SCONNECT}}{4:
:20:MI090123
:25:1111111111
:28C:0547/124
:60M:D090123VEF000018761232,48
:61:090123D000000000044,16NTRF000000036463//180007
PAGO
:61:090123D000000009075,44NTRF000000036462//180007
PAGO
:61:090123D000000025018,98NTRF000000036461//180007
PAGO
:61:090123D000000012413,84NTRF000000036323//180007
PAGO
:61:090123D000000016845,73NTRF000000036322//180007
PAGO
:61:090123D000000046764,00NTRF000000036321//180007
PAGO
:61:090123D000000000359,00NTRF000000057376//180007
PAGO
:61:090123D000003225000,00NTRF000000057366//180007
PAGO
:61:090123D000000000813,65NTRF000090381683//180007
PAGO
:62M:D090123VEF000022097567,28
-}{5:{CHK:1143FB20924B}}{S:{COP:S}}${1:F21VZCRVECAAXXX5410610696}{4:{177:0404021720}{451:0}}{1:F01VZCRVECAAXXX5410610696}{2:09501717040402VZCRVECAAXXX40812675430404021720N}{3:{108:SCONNECT}}{4:
:20:MI090123
:25:1111111111
:28C:0547/125
:60M:D090123VEF000022097567,28
:61:090123D000000000048,12NTRF000090381682//180007
PAGO
:61:090123D000000005413,50NTRF000000015859//180007
PAGO
:61:090123D000000004067,20NTRF000000015858//180007
PAGO
:61:090123D000000001099,50NTRF000022010397//180007
PAGO
:61:090123D000000001499,50NTRF000022010396//180007
PAGO
:61:090123D000000000734,65NTRF000022010395//180007
PAGO
:61:090123D000000009848,50NTRF000022010394//180007
PAGO
:61:090123D000000001537,50NTRF000022010393//180007
PAGO
:61:090123D000000001415,50NTRF000022010392//180007
PAGO
:62M:D090123VEF000022123231,25
-}{5:{CHK:1143FB20924B}}{S:{COP:S}}${1:F21VZCRVECAAXXX5410610696}{4:{177:0404021720}{451:0}}{1:F01VZCRVECAAXXX5410610696}{2:09501717040402VZCRVECAAXXX40812675430404021720N}{3:{108:SCONNECT}}{4:
:20:MI090123
:25:1111111111
:28C:0547/126
:60M:D090123VEF000022123231,25
:61:090123D000000002033,50NTRF000022010391//180007
PAGO
:61:090123D000000001576,50NTRF000022010390//180007
PAGO
:61:090123D000000002367,50NTRF000022010389//180007
PAGO
:61:090123D000000001203,00NTRF000000052528//180007
PAGO
:61:090123D000000009815,23NTRF000000052527//180007
PAGO
:61:090123D000000001136,80NTRF000000052526//180007
PAGO
:61:090123D000000000397,98NTRF000000052525//180007
PAGO
:61:090123D000000000364,41NTRF000000052524//180007
PAGO
:61:090123D000000026391,71NTRF000000052521//180007
PAGO
:62M:D090123VEF000022168517,88
-}{5:{CHK:1143FB20924B}}{S:{COP:S}}${1:F21VZCRVECAAXXX5410610696}{4:{177:0404021720}{451:0}}{1:F01VZCRVECAAXXX5410610696}{2:09501717040402VZCRVECAAXXX40812675430404021720N}{3:{108:SCONNECT}}{4:
:20:MI090123
:25:1111111111
:28C:0547/127
:60M:D090123VEF000022168517,88
:61:090123D000000000227,57NTRF000000024561//180007
PAGO
:61:090123D000000001011,60NTRF000000024560//180007
PAGO
:61:090123D000000000367,97NTRF000000024559//180007
PAGO
:61:090123D000000010806,61NTRF000000080442//180007
PAGO
:61:090123D000000001500,00NTRF000000080441//180007
PAGO
:61:090123D000000002500,00NTRF000000080440//180007
PAGO
:61:090123D000000001595,00NTRF000000080439//180007
PAGO
:61:090123D000000001600,00NTRF000000080438//180007
PAGO
:61:090123D000000250125,36NTRF000000080398//180007
PAGO
:62M:D090123VEF000022438251,99
-}{5:{CHK:1143FB20924B}}{S:{COP:S}}${1:F21VZCRVECAAXXX5410610696}{4:{177:0404021720}{451:0}}{1:F01VZCRVECAAXXX5410610696}{2:09501717040402VZCRVECAAXXX40812675430404021720N}{3:{108:SCONNECT}}{4:
:20:MI090123
:25:1111111111
:28C:0547/128
:60M:D090123VEF000022438251,99
:61:090123D000000045856,53NTRF000000080397//180007
PAGO
:61:090123D000000072129,77NTRF000000080396//180007
PAGO
:61:090123D000000030380,00NTRF000000080395//180007
PAGO
:61:090123D000000001300,00NTRF000089109618//180007
PAGO
:61:090123D000000000500,00NTRF000089005414//180007
PAGO
:61:090123D000000000500,00NTRF000088889491//180007
PAGO
:61:090123D000000003000,00NTRF000088609986//180007
PAGO
:61:090123D000000000150,00NTRF000088127759//180007
PAGO
:61:090123D000000000350,00NTRF000087953261//180007
PAGO
:62M:D090123VEF000022592418,29
-}{5:{CHK:1143FB20924B}}{S:{COP:S}}${1:F21VZCRVECAAXXX5410610696}{4:{177:0404021720}{451:0}}{1:F01VZCRVECAAXXX5410610696}{2:09501717040402VZCRVECAAXXX40812675430404021720N}{3:{108:SCONNECT}}{4:
:20:MI090123
:25:1111111111
:28C:0547/129
:60M:D090123VEF000022592418,29
:61:090123D000000001750,00NTRF000087450170//180007
PAGO
:61:090123D000000000150,00NTRF000087388166//180007
PAGO
:61:090123D000000003500,00NTRF000087239272//180007
PAGO
:61:090123D000000004000,00NTRF000052644650//180007
PAGO
:61:090123D000000000320,00NTRF000052628115//180007
PAGO
:61:090123D000000000615,00NTRF000052072353//180007
PAGO
:61:090123D000000008320,00NTRF000051723275//180007
PAGO
:61:090123D000000001180,00NTRF000051075064//180007
PAGO
:61:090123D000000001988,93NTRF000050634320//180007
PAGO
:62M:D090123VEF000022614242,22
-}{5:{CHK:1143FB20924B}}{S:{COP:S}}${1:F21VZCRVECAAXXX5410610696}{4:{177:0404021720}{451:0}}{1:F01VZCRVECAAXXX5410610696}{2:09501717040402VZCRVECAAXXX40812675430404021720N}{3:{108:SCONNECT}}{4:
:20:MI090123
:25:1111111111
:28C:0547/130
:60M:D090123VEF000022614242,22
:61:090123D000000000700,00NTRF000050260520//180007
PAGO
:61:090123D000000000250,00NTRF000050142958//180007
PAGO
:61:090123D000000003000,00NTRF000050137226//180007
PAGO
:61:090123D000000006000,00NTRF000019093467//180007
PAGO
:61:090123D000000000420,00NTRF000019045141//180007
PAGO
:61:090123D000000000150,00NTRF000018935368//180007
PAGO
:61:090123D000000000150,00NTRF000018811564//180007
PAGO
:61:090123D000000000150,00NTRF000018587076//180007
PAGO
:61:090123D000000000200,00NTRF000018513492//180007
PAGO
:62M:D090123VEF000022625262,22
-}{5:{CHK:1143FB20924B}}{S:{COP:S}}${1:F21VZCRVECAAXXX5410610696}{4:{177:0404021720}{451:0}}{1:F01VZCRVECAAXXX5410610696}{2:09501717040402VZCRVECAAXXX40812675430404021720N}{3:{108:SCONNECT}}{4:
:20:MI090123
:25:1111111111
:28C:0547/131
:60M:D090123VEF000022625262,22
:61:090123D000000001412,21NTRF000018432455//180007
PAGO
:61:090123D000000000830,00NTRF000017949838//180007
PAGO
:61:090123D000000012800,00NTRF000017798900//180007
PAGO
:61:090123D000000000200,00NTRF000084202751//180007
PAGO
:61:090123D000000000100,00NTRF000082754509//180007
PAGO
:61:090123D000000001500,00NTRF000082727090//180007
PAGO
:61:090123D000000000100,00NTRF000082722509//180007
PAGO
:61:090123D000000000100,00NTRF000082687509//180007
PAGO
:61:090123D000000000100,00NTRF000082648509//180007
PAGO
:62M:D090123VEF000022642404,43
-}{5:{CHK:1143FB20924B}}{S:{COP:S}}${1:F21VZCRVECAAXXX5410610696}{4:{177:0404021720}{451:0}}{1:F01VZCRVECAAXXX5410610696}{2:09501717040402VZCRVECAAXXX40812675430404021720N}{3:{108:SCONNECT}}{4:
:20:MI090123
:25:1111111111
:28C:0547/132
:60M:D090123VEF000022642404,43
:61:090123D000000000500,00NTRF000082065093//180007
PAGO
:61:090123D000000000100,00NTRF000081928736//180007
PAGO
:61:090123D000000003000,00NTRF000081809365//180007
PAGO
:61:090123D000000005394,53NTRF000042222284//180007
PAGO
:61:090123D000000000100,00NTRF000042122961//180007
PAGO
:61:090123D000000000400,00NTRF000041923608//180007
PAGO
:61:090123D000000000250,00NTRF000041770459//180007
PAGO
:61:090123D000000000400,00NTRF000041434990//180007
PAGO
:61:090123D000000000270,00NTRF000041160984//180007
PAGO
:62M:D090123VEF000022652818,96
-}{5:{CHK:1143FB20924B}}{S:{COP:S}}${1:F21VZCRVECAAXXX5410610696}{4:{177:0404021720}{451:0}}{1:F01VZCRVECAAXXX5410610696}{2:09501717040402VZCRVECAAXXX40812675430404021720N}{3:{108:SCONNECT}}{4:
:20:MI090123
:25:1111111111
:28C:0547/133
:60M:D090123VEF000022652818,96
:61:090123D000000000105,31NTRF000041138750//180007
PAGO
:61:090123D000000001000,00NTRF000040623126//180007
PAGO
:61:090123D000000001136,31NTRF000040460113//180007
PAGO
:61:090123D000000000255,00NTRF000013970489//180007
PAGO
:61:090123D000000000800,00NTRF000013798083//180007
PAGO
:61:090123D000000000050,00NTRF000013240991//180007
PAGO
:61:090123D000000001564,00NTRF000012814103//180007
PAGO
:61:090123D000000000300,00NTRF000012761872//180007
PAGO
:61:090123D000000000300,00NTRF000012721872//180007
PAGO
:62M:D090123VEF000022658329,58
-}{5:{CHK:1143FB20924B}}{S:{COP:S}}${1:F21VZCRVECAAXXX5410610696}{4:{177:0404021720}{451:0}}{1:F01VZCRVECAAXXX5410610696}{2:09501717040402VZCRVECAAXXX40812675430404021720N}{3:{108:SCONNECT}}{4:
:20:MI090123
:25:1111111111
:28C:0547/134
:60M:D090123VEF000022658329,58
:61:090123D000000000250,00NTRF000012682735//180007
PAGO
:61:090123D000000001000,00NTRF000012672189//180007
PAGO
:61:090123D000000000110,00NTRF000012582066//180007
PAGO
:61:090123D000000002314,69NTRF000000000002//180007
PAGO
:61:090123D000000088170,17NTRF000000000002//180007
PAGO
:61:090123D000000495531,83NTRF000000000001//180007
PAGO
:61:090123D000000002079,56NTRF000000000001//180007
PAGO
:61:090123D000000000900,00NTRF000099854504//180007
PAGO
:61:090123D000000000302,33NTRF000099825988//180007
PAGO
:62M:D090123VEF000023248988,16
-}{5:{CHK:1143FB20924B}}{S:{COP:S}}${1:F21VZCRVECAAXXX5410610696}{4:{177:0404021720}{451:0}}{1:F01VZCRVECAAXXX5410610696}{2:09501717040402VZCRVECAAXXX40812675430404021720N}{3:{108:SCONNECT}}{4:
:20:MI090123
:25:1111111111
:28C:0547/135
:60M:D090123VEF000023248988,16
:61:090123D000000000060,00NTRF000099789206//180007
PAGO
:61:090123D000000001500,00NTRF000099724834//180007
PAGO
:61:090123D000000000614,71NTRF000099699150//180007
PAGO
:61:090123D000000000250,00NTRF000083174376//180007
PAGO
:61:090123D000000000100,00NTRF000083079257//180007
PAGO
:61:090123D000000000388,50NTRF000082878128//180007
PAGO
:61:090123D000000000200,00NTRF000082767711//180007
PAGO
:61:090123D000000000880,00NTRF000082576241//180007
PAGO
:61:090123D000000000842,00NTRF000082476985//180007
PAGO
:62M:D090123VEF000023253823,37
-}{5:{CHK:1143FB20924B}}{S:{COP:S}}${1:F21VZCRVECAAXXX5410610696}{4:{177:0404021720}{451:0}}{1:F01VZCRVECAAXXX5410610696}{2:09501717040402VZCRVECAAXXX40812675430404021720N}{3:{108:SCONNECT}}{4:
:20:MI090123
:25:1111111111
:28C:0547/136
:60M:D090123VEF000023253823,37
:61:090123D000000000180,00NTRF000081845439//180007
PAGO
:61:090123D000000001800,00NTRF000081637787//180007
PAGO
:61:090123D000000000141,00NTRF000081587555//180007
PAGO
:61:090123D000000002834,92NTRF000064715690//180007
PAGO
:61:090123D000000001500,00NTRF000064597694//180007
PAGO
:61:090123D000000001531,15NTRF000064527850//180007
PAGO
:61:090123D000000000400,00NTRF000064417777//180007
PAGO
:61:090123D000000000600,00NTRF000064106715//180007
PAGO
:61:090123D000000001600,00NTRF000064057428//180007
PAGO
:62M:D090123VEF000023264410,44
-}{5:{CHK:1143FB20924B}}{S:{COP:S}}${1:F21VZCRVECAAXXX5410610696}{4:{177:0404021720}{451:0}}{1:F01VZCRVECAAXXX5410610696}{2:09501717040402VZCRVECAAXXX40812675430404021720N}{3:{108:SCONNECT}}{4:
:20:MI090123
:25:1111111111
:28C:0547/137
:60M:D090123VEF000023264410,44
:61:090123D000000004946,78NTRF000064015811//180007
PAGO
:61:090123D000000004800,00NTRF000063968130//180007
PAGO
:61:090123D000000000150,00NTRF000063816911//180007
PAGO
:61:090123D000000000100,00NTRF000048040272//180007
PAGO
:61:090123D000000000800,00NTRF000047965866//180007
PAGO
:61:090123D000000000060,00NTRF000047843459//180007
PAGO
:61:090123D000000001000,00NTRF000047650240//180007
PAGO
:61:090123D000000000250,00NTRF000047589353//180007
PAGO
:61:090123D000000001000,00NTRF000047479315//180007
PAGO
:62M:D090123VEF000023277517,22
-}{5:{CHK:1143FB20924B}}{S:{COP:S}}${1:F21VZCRVECAAXXX5410610696}{4:{177:0404021720}{451:0}}{1:F01VZCRVECAAXXX5410610696}{2:09501717040402VZCRVECAAXXX40812675430404021720N}{3:{108:SCONNECT}}{4:
:20:MI090123
:25:1111111111
:28C:0547/138
:60M:D090123VEF000023277517,22
:61:090123D000000000936,24NTRF000047369803//180007
PAGO
:61:090123D000000012500,00NTRF000047242504//180007
PAGO
:61:090123D000000000566,25NTRF000047147564//180007
PAGO
:61:090123D000000000800,00NTRF000027677934//180007
PAGO
:61:090123D000000006000,00NTRF000027582319//180007
PAGO
:61:090123D000000000621,14NTRF000027465566//180007
PAGO
:61:090123D000000000554,00NTRF000027264890//180007
PAGO
:61:090123D000000000400,00NTRF000027251986//180007
PAGO
:61:090123D000000000500,00NTRF000027214591//180007
PAGO
:62M:D090123VEF000023300394,85
-}{5:{CHK:1143FB20924B}}{S:{COP:S}}${1:F21VZCRVECAAXXX5410610696}{4:{177:0404021720}{451:0}}{1:F01VZCRVECAAXXX5410610696}{2:09501717040402VZCRVECAAXXX40812675430404021720N}{3:{108:SCONNECT}}{4:
:20:MI090123
:25:1111111111
:28C:0547/139
:60M:D090123VEF000023300394,85
:61:090123D000000002600,00NTRF000027153168//180007
PAGO
:61:090123D000000000400,00NTRF000027118719//180007
PAGO
:61:090123D000000001000,00NTRF000026969456//180007
PAGO
:61:090123D000000000500,00NTRF000009940808//180007
PAGO
:61:090123D000000003000,00NTRF000009494594//180007
PAGO
:61:090123D000000005460,00NTRF000009463745//180007
PAGO
:61:090123D000000002000,00NTRF000009447305//180007
PAGO
:61:090123D000000000327,00NTRF000009367702//180007
PAGO
:61:090123D000000002200,00NTRF000009291901//180007
PAGO
:62M:D090123VEF000023317881,85
-}{5:{CHK:1143FB20924B}}{S:{COP:S}}${1:F21VZCRVECAAXXX5410610696}{4:{177:0404021720}{451:0}}{1:F01VZCRVECAAXXX5410610696}{2:09501717040402VZCRVECAAXXX40812675430404021720N}{3:{108:SCONNECT}}{4:
:20:MI090123
:25:1111111111
:28C:0547/140
:60M:D090123VEF000023317881,85
:61:090123D000000001200,00NTRF000009231794//180007
PAGO
:61:090123D000000000200,00NTRF000009121639//180007
PAGO
:61:090123D000000000600,00NTRF000008915295//180007
PAGO
:61:090123D000000000641,00NTRF000090894440//180007
PAGO
:61:090123D000000002505,65NTRF000090819652//180007
PAGO
:61:090123D000000000200,00NTRF000090584037//180007
PAGO
:61:090123D000000001500,00NTRF000090522096//180007
PAGO
:61:090123D000000000025,83NTRF000090391799//180007
PAGO
:61:090123D000000000520,00NTRF000090021181//180007
PAGO
:62M:D090123VEF000023325274,33
-}{5:{CHK:1143FB20924B}}{S:{COP:S}}${1:F21VZCRVECAAXXX5410610696}{4:{177:0404021720}{451:0}}{1:F01VZCRVECAAXXX5410610696}{2:09501717040402VZCRVECAAXXX40812675430404021720N}{3:{108:SCONNECT}}{4:
:20:MI090123
:25:1111111111
:28C:0547/141
:60M:D090123VEF000023325274,33
:61:090123D000000000080,00NTRF000089986467//180007
PAGO
:61:090123D000000000061,08NTRF000089847266//180007
PAGO
:61:090123D000000000400,00NTRF000089586187//180007
PAGO
:61:090123D000000000700,00NTRF000062696807//180007
PAGO
:61:090123D000000000150,00NTRF000062614056//180007
PAGO
:61:090123D000000000350,00NTRF000062502941//180007
PAGO
:61:090123D000000001000,00NTRF000062468092//180007
PAGO
:61:090123D000000000600,00NTRF000062462638//180007
PAGO
:61:090123D000000000250,00NTRF000062427592//180007
PAGO
:62M:D090123VEF000023328865,41
-}{5:{CHK:1143FB20924B}}{S:{COP:S}}${1:F21VZCRVECAAXXX5410610696}{4:{177:0404021720}{451:0}}{1:F01VZCRVECAAXXX5410610696}{2:09501717040402VZCRVECAAXXX40812675430404021720N}{3:{108:SCONNECT}}{4:
:20:MI090123
:25:1111111111
:28C:0547/142
:60M:D090123VEF000023328865,41
:61:090123D000000001300,00NTRF000062424213//180007
PAGO
:61:090123D000000000300,00NTRF000062248176//180007
PAGO
:61:090123D000000002100,00NTRF000062111171//180007
PAGO
:61:090123D000000000600,00NTRF000037834330//180007
PAGO
:61:090123D000000000376,00NTRF000037661906//180007
PAGO
:61:090123D000000000350,00NTRF000037548593//180007
PAGO
:61:090123D000000000600,00NTRF000037536247//180007
PAGO
:61:090123D000000000350,00NTRF000037500593//180007
PAGO
:61:090123D000000001000,00NTRF000037154393//180007
PAGO
:62M:D090123VEF000023335841,41
-}{5:{CHK:1143FB20924B}}{S:{COP:S}}${1:F21VZCRVECAAXXX5410610696}{4:{177:0404021720}{451:0}}{1:F01VZCRVECAAXXX5410610696}{2:09501717040402VZCRVECAAXXX40812675430404021720N}{3:{108:SCONNECT}}{4:
:20:MI090123
:25:1111111111
:28C:0547/143
:60M:D090123VEF000023335841,41
:61:090123D000000002235,00NTRF000037149653//180007
PAGO
:61:090123D000000000150,00NTRF000036843686//180007
PAGO
:61:090123D000000000550,00NTRF000036781347//180007
PAGO
:61:090123D000000000250,00NTRF000014108942//180007
PAGO
:61:090123D000000001000,00NTRF000014078983//180007
PAGO
:61:090123D000000000500,00NTRF000013999766//180007
PAGO
:61:090123D000000001600,00NTRF000013908864//180007
PAGO
:61:090123D000000000100,00NTRF000013592355//180007
PAGO
:61:090123D000000000500,00NTRF000013574925//180007
PAGO
:62M:D090123VEF000023342726,41
-}{5:{CHK:1143FB20924B}}{S:{COP:S}}${1:F21VZCRVECAAXXX5410610696}{4:{177:0404021720}{451:0}}{1:F01VZCRVECAAXXX5410610696}{2:09501717040402VZCRVECAAXXX40812675430404021720N}{3:{108:SCONNECT}}{4:
:20:MI090123
:25:1111111111
:28C:0547/144
:60M:D090123VEF000023342726,41
:61:090123D000000000200,00NTRF000013479895//180007
PAGO
:61:090123D000000001950,00NTRF000013478325//180007
PAGO
:61:090123D000000000566,69NTRF000013477247//180007
PAGO
:61:090123D000000049826,65NTRF000000036460//180007
PAGO
:61:090123D000000029526,26NTRF000000036459//180007
PAGO
:61:090123D000000036797,92NTRF000000036458//180007
PAGO
:61:090123D000000039228,85NTRF000000036457//180007
PAGO
:61:090123D000000008053,25NTRF000000036456//180007
PAGO
:61:090123D000000528567,19NTRF000000036455//180007
PAGO
:62M:D090123VEF000024037443,22
-}{5:{CHK:1143FB20924B}}{S:{COP:S}}${1:F21VZCRVECAAXXX5410610696}{4:{177:0404021720}{451:0}}{1:F01VZCRVECAAXXX5410610696}{2:09501717040402VZCRVECAAXXX40812675430404021720N}{3:{108:SCONNECT}}{4:
:20:MI090123
:25:1111111111
:28C:0547/145
:60M:D090123VEF000024037443,22
:61:090123D000000165650,77NTRF000000036454//180007
PAGO
:61:090123D000000104121,85NTRF000000036453//180007
PAGO
:61:090123D000000062984,72NTRF000000036452//180007
PAGO
:61:090123D000000002490,15NTRF000000015857//180007
PAGO
:61:090123D000000002406,00NTRF000000015856//180007
PAGO
:61:090123D000000001683,84NTRF000000015855//180007
PAGO
:61:090123D000000006065,12NTRF000000015854//180007
PAGO
:61:090123D000000003591,70NTRF000000015853//180007
PAGO
:61:090123D000000024855,51NTRF000000010017//180007
PAGO
:62M:D090123VEF000024411292,88
-}{5:{CHK:1143FB20924B}}{S:{COP:S}}${1:F21VZCRVECAAXXX5410610696}{4:{177:0404021720}{451:0}}{1:F01VZCRVECAAXXX5410610696}{2:09501717040402VZCRVECAAXXX40812675430404021720N}{3:{108:SCONNECT}}{4:
:20:MI090123
:25:1111111111
:28C:0547/146
:60M:D090123VEF000024411292,88
:61:090123D000000024517,74NTRF000000010016//180007
PAGO
:61:090123D000000006037,59NTRF000000001131//180007
PAGO
:61:090123D000000003833,45NTRF000000001130//180007
PAGO
:61:090123D000000000325,28NTRF000022010388//180007
PAGO
:61:090123D000000000442,87NTRF000022010387//180007
PAGO
:61:090123D000000000904,62NTRF000022010386//180007
PAGO
:61:090123D000000000386,19NTRF000022010385//180007
PAGO
:61:090123D000000001110,13NTRF000022010384//180007
PAGO
:61:090123D000000000638,75NTRF000022010383//180007
PAGO
:62M:D090123VEF000024449489,50
-}{5:{CHK:1143FB20924B}}{S:{COP:S}}${1:F21VZCRVECAAXXX5410610696}{4:{177:0404021720}{451:0}}{1:F01VZCRVECAAXXX5410610696}{2:09501717040402VZCRVECAAXXX40812675430404021720N}{3:{108:SCONNECT}}{4:
:20:MI090123
:25:1111111111
:28C:0547/147
:60M:D090123VEF000024449489,50
:61:090123D000000000964,45NTRF000022010382//180007
PAGO
:61:090123D000000003131,02NTRF000022010381//180007
PAGO
:61:090123D000000003006,70NTRF000022010380//180007
PAGO
:61:090123D000000002160,90NTRF000000024558//180007
PAGO
:61:090123D000000001210,47NTRF000000024557//180007
PAGO
:61:090123D000000000791,98NTRF000000024556//180007
PAGO
:61:090123D000000002071,88NTRF000000024555//180007
PAGO
:61:090123D000000003493,46NTRF000000024554//180007
PAGO
:61:090123D000000000875,25NTRF000000024553//180007
PAGO
:62M:D090123VEF000024467195,61
-}{5:{CHK:1143FB20924B}}{S:{COP:S}}${1:F21VZCRVECAAXXX5410610696}{4:{177:0404021720}{451:0}}{1:F01VZCRVECAAXXX5410610696}{2:09501717040402VZCRVECAAXXX40812675430404021720N}{3:{108:SCONNECT}}{4:
:20:MI090123
:25:1111111111
:28C:0547/148
:60M:D090123VEF000024467195,61
:61:090123D000000000477,71NTRF000000024552//180007
PAGO
:61:090123D000000000160,40NTRF000000024551//180007
PAGO
:61:090123D000000000891,19NTRF000000024550//180007
PAGO
:61:090123D000000004460,11NTRF000000080272//180007
PAGO
:61:090123D000000016901,25NTRF000000080271//180007
PAGO
:61:090123D000000029738,29NTRF000000080270//180007
PAGO
:61:090123D000000007886,20NTRF000000080269//180007
PAGO
:61:090123D000000020835,18NTRF000000080268//180007
PAGO
:61:090123D000000008438,53NTRF000000080266//180007
PAGO
:62M:D090123VEF000024556984,47
-}{5:{CHK:1143FB20924B}}{S:{COP:S}}${1:F21VZCRVECAAXXX5410610696}{4:{177:0404021720}{451:0}}{1:F01VZCRVECAAXXX5410610696}{2:09501717040402VZCRVECAAXXX40812675430404021720N}{3:{108:SCONNECT}}{4:
:20:MI090123
:25:1111111111
:28C:0547/149
:60M:D090123VEF000024556984,47
:61:090123D000000015111,61NTRF000000080265//180007
PAGO
:61:090123D000000038907,73NTRF000000080264//180007
PAGO
:61:090123D000000048742,76NTRF000000080263//180007
PAGO
:61:090123D000000000200,00NTRF000087173576//180007
PAGO
:61:090123D000000015951,70NTRF000087113153//180007
PAGO
:61:090123D000000002925,00NTRF000086639678//180007
PAGO
:61:090123D000000000088,50NTRF000086591523//180007
PAGO
:61:090123D000000001500,00NTRF000086585215//180007
PAGO
:61:090123D000000000800,00NTRF000086510823//180007
PAGO
:62M:D090123VEF000024681211,77
-}{5:{CHK:1143FB20924B}}{S:{COP:S}}${1:F21VZCRVECAAXXX5410610696}{4:{177:0404021720}{451:0}}{1:F01VZCRVECAAXXX5410610696}{2:09501717040402VZCRVECAAXXX40812675430404021720N}{3:{108:SCONNECT}}{4:
:20:MI090123
:25:1111111111
:28C:0547/150
:60M:D090123VEF000024681211,77
:61:090123D000000000800,00NTRF000086503350//180007
PAGO
:61:090123D000000001000,00NTRF000086454013//180007
PAGO
:61:090123D000000001200,00NTRF000085981188//180007
PAGO
:61:090123D000000020000,00NTRF000049638820//180007
PAGO
:61:090123D000000000700,00NTRF000049558876//180007
PAGO
:61:090123D000000000450,00NTRF000049558393//180007
PAGO
:61:090123D000000000800,00NTRF000049231199//180007
PAGO
:61:090123D000000000154,00NTRF000048797673//180007
PAGO
:61:090123D000000000343,00NTRF000048734166//180007
PAGO
:62M:D090123VEF000024706658,77
-}{5:{CHK:1143FB20924B}}{S:{COP:S}}${1:F21VZCRVECAAXXX5410610696}{4:{177:0404021720}{451:0}}{1:F01VZCRVECAAXXX5410610696}{2:09501717040402VZCRVECAAXXX40812675430404021720N}{3:{108:SCONNECT}}{4:
:20:MI090123
:25:1111111111
:28C:0547/151
:60M:D090123VEF000024706658,77
:61:090123D000000000600,00NTRF000048584638//180007
PAGO
:61:090123D000000001500,00NTRF000048215118//180007
PAGO
:61:090123D000000027000,00NTRF000047792480//180007
PAGO
:61:090123D000000001300,00NTRF000017373579//180007
PAGO
:61:090123D000000056023,20NTRF000017203736//180007
PAGO
:61:090123D000000004000,00NTRF000016608864//180007
PAGO
:61:090123D000000000100,00NTRF000016442575//180007
PAGO
:61:090123D000000002000,00NTRF000016120268//180007
PAGO
:61:090123D000000000700,00NTRF000016021346//180007
PAGO
:62M:D090123VEF000024799881,97
-}{5:{CHK:1143FB20924B}}{S:{COP:S}}${1:F21VZCRVECAAXXX5410610696}{4:{177:0404021720}{451:0}}{1:F01VZCRVECAAXXX5410610696}{2:09501717040402VZCRVECAAXXX40812675430404021720N}{3:{108:SCONNECT}}{4:
:20:MI090123
:25:1111111111
:28C:0547/152
:60M:D090123VEF000024799881,97
:61:090123D000000001100,00NTRF000015856051//180007
PAGO
:61:090123D000000003000,00NTRF000015706184//180007
PAGO
:61:090123D000000000152,00NTRF000015478938//180007
PAGO
:61:090123D000000000150,00NTRF000081652842//180007
PAGO
:61:090123D000000000165,21NTRF000081127157//180007
PAGO
:61:090123D000000000250,00NTRF000080998066//180007
PAGO
:61:090123D000000000200,00NTRF000080780036//180007
PAGO
:61:090123D000000000531,63NTRF000080750422//180007
PAGO
:61:090123D000000000130,91NTRF000080313595//180007
PAGO
:62M:D090123VEF000024805561,72
-}{5:{CHK:1143FB20924B}}{S:{COP:S}}${1:F21VZCRVECAAXXX5410610696}{4:{177:0404021720}{451:0}}{1:F01VZCRVECAAXXX5410610696}{2:09501717040402VZCRVECAAXXX40812675430404021720N}{3:{108:SCONNECT}}{4:
:20:MI090123
:25:1111111111
:28C:0547/153
:60M:D090123VEF000024805561,72
:61:090123D000000000100,00NTRF000079714755//180007
PAGO
:61:090123D000000000010,00NTRF000079645351//180007
PAGO
:61:090123D000000000200,00NTRF000079212836//180007
PAGO
:61:090123D000000000500,00NTRF000040068866//180007
PAGO
:61:090123D000000000300,00NTRF000040009995//180007
PAGO
:61:090123D000000001067,40NTRF000039713733//180007
PAGO
:61:090123D000000002000,00NTRF000039505743//180007
PAGO
:61:090123D000000003000,00NTRF000039474821//180007
PAGO
:61:090123D000000003000,00NTRF000039387821//180007
PAGO
:62M:D090123VEF000024815739,12
-}{5:{CHK:1143FB20924B}}{S:{COP:S}}${1:F21VZCRVECAAXXX5410610696}{4:{177:0404021720}{451:0}}{1:F01VZCRVECAAXXX5410610696}{2:09501717040402VZCRVECAAXXX40812675430404021720N}{3:{108:SCONNECT}}{4:
:20:MI090123
:25:1111111111
:28C:0547/154
:60M:D090123VEF000024815739,12
:61:090123D000000000100,00NTRF000039306807//180007
PAGO
:61:090123D000000000100,00NTRF000039271807//180007
PAGO
:61:090123D000000000375,00NTRF000039154726//180007
PAGO
:61:090123D000000000500,00NTRF000012542084//180007
PAGO
:61:090123D000000000100,00NTRF000012292248//180007
PAGO
:61:090123D000000000100,00NTRF000012260248//180007
PAGO
:61:090123D000000000100,00NTRF000012239248//180007
PAGO
:61:090123D000000001500,00NTRF000012134118//180007
PAGO
:61:090123D000000000102,00NTRF000011902289//180007
PAGO
:62M:D090123VEF000024818716,12
-}{5:{CHK:1143FB20924B}}{S:{COP:S}}${1:F21VZCRVECAAXXX5410610696}{4:{177:0404021720}{451:0}}{1:F01VZCRVECAAXXX5410610696}{2:09501717040402VZCRVECAAXXX40812675430404021720N}{3:{108:SCONNECT}}{4:
:20:MI090123
:25:1111111111
:28C:0547/155
:60M:D090123VEF000024818716,12
:61:090123D000000000050,00NTRF000011675782//180007
PAGO
:61:090123D000000000020,00NTRF000011562108//180007
PAGO
:61:090123D000000000550,00NTRF000011507288//180007
PAGO
:61:090123D000000008568,83NTRF000099658814//180007
PAGO
:61:090123D000000000200,00NTRF000099624740//180007
PAGO
:61:090123D000000005250,00NTRF000099584621//180007
PAGO
:61:090123D000000000550,00NTRF000099143035//180007
PAGO
:61:090123D000000000734,00NTRF000099074701//180007
PAGO
:61:090123D000000003200,00NTRF000098942437//180007
PAGO
:62M:D090123VEF000024837838,95
-}{5:{CHK:1143FB20924B}}{S:{COP:S}}${1:F21VZCRVECAAXXX5410610696}{4:{177:0404021720}{451:0}}{1:F01VZCRVECAAXXX5410610696}{2:09501717040402VZCRVECAAXXX40812675430404021720N}{3:{108:SCONNECT}}{4:
:20:MI090123
:25:1111111111
:28C:0547/156
:60M:D090123VEF000024837838,95
:61:090123D000000000370,00NTRF000098867084//180007
PAGO
:61:090123D000000000350,00NTRF000098217701//180007
PAGO
:61:090123D000000000300,00NTRF000081546317//180007
PAGO
:61:090123D000000000600,00NTRF000081517672//180007
PAGO
:61:090123D000000002500,00NTRF000081497599//180007
PAGO
:61:090123D000000005000,00NTRF000081385510//180007
PAGO
:61:090123D000000000700,00NTRF000081018057//180007
PAGO
:61:090123D000000000075,00NTRF000080979233//180007
PAGO
:61:090123D000000000063,37NTRF000080953706//180007
PAGO
:62M:D090123VEF000024847797,32
-}{5:{CHK:1143FB20924B}}{S:{COP:S}}${1:F21VZCRVECAAXXX5410610696}{4:{177:0404021720}{451:0}}{1:F01VZCRVECAAXXX5410610696}{2:09501717040402VZCRVECAAXXX40812675430404021720N}{3:{108:SCONNECT}}{4:
:20:MI090123
:25:1111111111
:28C:0547/157
:60M:D090123VEF000024847797,32
:61:090123D000000000423,00NTRF000080811101//180007
PAGO
:61:090123D000000002000,00NTRF000080600001//180007
PAGO
:61:090123D000000265000,00NTRF000063802354//180007
PAGO
:61:090123D000000000400,00NTRF000063517332//180007
PAGO
:61:090123D000000010593,08NTRF000063502828//180007
PAGO
:61:090123D000000001200,00NTRF000063340734//180007
PAGO
:61:090123D000000000900,00NTRF000063197771//180007
PAGO
:61:090123D000000002040,00NTRF000062976043//180007
PAGO
:61:090123D000000000080,00NTRF000062945718//180007
PAGO
:62M:D090123VEF000025130433,40
-}{5:{CHK:1143FB20924B}}{S:{COP:S}}${1:F21VZCRVECAAXXX5410610696}{4:{177:0404021720}{451:0}}{1:F01VZCRVECAAXXX5410610696}{2:09501717040402VZCRVECAAXXX40812675430404021720N}{3:{108:SCONNECT}}{4:
:20:MI090123
:25:1111111111
:28C:0547/158
:60M:D090123VEF000025130433,40
:61:090123D000000000100,00NTRF000062876512//180007
PAGO
:61:090123D000000001128,00NTRF000046918563//180007
PAGO
:61:090123D000000001000,00NTRF000046762189//180007
PAGO
:61:090123D000000001800,00NTRF000046543229//180007
PAGO
:61:090123D000000000360,00NTRF000046506830//180007
PAGO
:61:090123D000000000300,00NTRF000046454014//180007
PAGO
:61:090123D000000000120,00NTRF000046172042//180007
PAGO
:61:090123D000000000200,00NTRF000045698733//180007
PAGO
:61:090123D000000000422,83NTRF000045660768//180007
PAGO
:62M:D090123VEF000025135864,23
-}{5:{CHK:1143FB20924B}}{S:{COP:S}}${1:F21VZCRVECAAXXX5410610696}{4:{177:0404021720}{451:0}}{1:F01VZCRVECAAXXX5410610696}{2:09501717040402VZCRVECAAXXX40812675430404021720N}{3:{108:SCONNECT}}{4:
:20:MI090123
:25:1111111111
:28C:0547/159
:60M:D090123VEF000025135864,23
:61:090123D000000000300,00NTRF000045621865//180007
PAGO
:61:090123D000000010000,00NTRF000026913277//180007
PAGO
:61:090123D000000000010,00NTRF000026629430//180007
PAGO
:61:090123D000000000673,00NTRF000026561994//180007
PAGO
:61:090123D000000000260,00NTRF000026507936//180007
PAGO
:61:090123D000000004790,00NTRF000026445354//180007
PAGO
:61:090123D000000000187,21NTRF000026340833//180007
PAGO
:61:090123D000000000350,00NTRF000026201321//180007
PAGO
:61:090123D000000002000,00NTRF000026172166//180007
PAGO
:62M:D090123VEF000025154434,44
-}{5:{CHK:1143FB20924B}}{S:{COP:S}}${1:F21VZCRVECAAXXX5410610696}{4:{177:0404021720}{451:0}}{1:F01VZCRVECAAXXX5410610696}{2:09501717040402VZCRVECAAXXX40812675430404021720N}{3:{108:SCONNECT}}{4:
:20:MI090123
:25:1111111111
:28C:0547/160
:60M:D090123VEF000025154434,44
:61:090123D000000000500,00NTRF000025843299//180007
PAGO
:61:090123D000000000640,00NTRF000008827756//180007
PAGO
:61:090123D000000000592,98NTRF000008772437//180007
PAGO
:61:090123D000000000800,00NTRF000008714145//180007
PAGO
:61:090123D000000000500,00NTRF000008684072//180007
PAGO
:61:090123D000000004280,00NTRF000008546978//180007
PAGO
:61:090123D000000001600,00NTRF000008388789//180007
PAGO
:61:090123D000000000580,00NTRF000008101520//180007
PAGO
:61:090123D000000004763,68NTRF000007973097//180007
PAGO
:62M:D090123VEF000025168691,10
-}{5:{CHK:1143FB20924B}}{S:{COP:S}}${1:F21VZCRVECAAXXX5410610696}{4:{177:0404021720}{451:0}}{1:F01VZCRVECAAXXX5410610696}{2:09501717040402VZCRVECAAXXX40812675430404021720N}{3:{108:SCONNECT}}{4:
:20:MI090123
:25:1111111111
:28C:0547/161
:60M:D090123VEF000025168691,10
:61:090123D000000000300,00NTRF000007963210//180007
PAGO
:61:090123D000000000500,00NTRF000089458614//180007
PAGO
:61:090123D000000000900,00NTRF000089415983//180007
PAGO
:61:090123D000000000200,00NTRF000089167417//180007
PAGO
:61:090123D000000000136,00NTRF000088906510//180007
PAGO
:61:090123D000000005500,00NTRF000088744476//180007
PAGO
:61:090123D000000000500,00NTRF000088191278//180007
PAGO
:61:090123D000000001200,00NTRF000088045622//180007
PAGO
:61:090123D000000000787,99NTRF000087969443//180007
PAGO
:62M:D090123VEF000025178715,09
-}{5:{CHK:1143FB20924B}}{S:{COP:S}}${1:F21VZCRVECAAXXX5410610696}{4:{177:0404021720}{451:0}}{1:F01VZCRVECAAXXX5410610696}{2:09501717040402VZCRVECAAXXX40812675430404021720N}{3:{108:SCONNECT}}{4:
:20:MI090123
:25:1111111111
:28C:0547/162
:60M:D090123VEF000025178715,09
:61:090123D000000000050,00NTRF000087821486//180007
PAGO
:61:090123D000000000450,00NTRF000061895242//180007
PAGO
:61:090123D000000005082,08NTRF000061820143//180007
PAGO
:61:090123D000000001000,00NTRF000061626695//180007
PAGO
:61:090123D000000000390,00NTRF000061525273//180007
PAGO
:61:090123D000000000079,00NTRF000061455562//180007
PAGO
:61:090123D000000000600,00NTRF000060983448//180007
PAGO
:61:090123D000000000130,00NTRF000060411934//180007
PAGO
:61:090123D000000000204,47NTRF000059975766//180007
PAGO
:62M:D090123VEF000025186700,64
-}{5:{CHK:1143FB20924B}}{S:{COP:S}}${1:F21VZCRVECAAXXX5410610696}{4:{177:0404021720}{451:0}}{1:F01VZCRVECAAXXX5410610696}{2:09501717040402VZCRVECAAXXX40812675430404021720N}{3:{108:SCONNECT}}{4:
:20:MI090123
:25:1111111111
:28C:0547/163
:60M:D090123VEF000025186700,64
:61:090123D000000000300,00NTRF000059415899//180007
PAGO
:61:090123D000000001900,00NTRF000036430385//180007
PAGO
:61:090123D000000000100,00NTRF000036367394//180007
PAGO
:61:090123D000000001170,00NTRF000035657558//180007
PAGO
:61:090123D000000000130,00NTRF000035482358//180007
PAGO
:61:090123D000000001000,00NTRF000035446972//180007
PAGO
:61:090123D000000000226,00NTRF000035427797//180007
PAGO
:61:090123D000000000360,00NTRF000035297555//180007
PAGO
:61:090123D000000002200,00NTRF000035024129//180007
PAGO
:62M:D090123VEF000025194086,64
-}{5:{CHK:1143FB20924B}}{S:{COP:S}}${1:F21VZCRVECAAXXX5410610696}{4:{177:0404021720}{451:0}}{1:F01VZCRVECAAXXX5410610696}{2:09501717040402VZCRVECAAXXX40812675430404021720N}{3:{108:SCONNECT}}{4:
:20:MI090123
:25:1111111111
:28C:0547/164
:60M:D090123VEF000025194086,64
:61:090123D000000000050,00NTRF000034630627//180007
PAGO
:61:090123D000000001268,00NTRF000013362095//180007
PAGO
:61:090123D000000001212,00NTRF000013134696//180007
PAGO
:61:090123D000000000092,00NTRF000013084354//180007
PAGO
:61:090123D000000003037,45NTRF000012871415//180007
PAGO
:61:090123D000000000500,00NTRF000012755583//180007
PAGO
:61:090123D000000001500,00NTRF000012552055//180007
PAGO
:61:090123D000000000200,00NTRF000012293104//180007
PAGO
:61:090123D000000000250,00NTRF000012230968//180007
PAGO
:62M:D090123VEF000025202196,09
-}{5:{CHK:1143FB20924B}}{S:{COP:S}}${1:F21VZCRVECAAXXX5410610696}{4:{177:0404021720}{451:0}}{1:F01VZCRVECAAXXX5410610696}{2:09501717040402VZCRVECAAXXX40812675430404021720N}{3:{108:SCONNECT}}{4:
:20:MI090123
:25:1111111111
:28C:0547/165
:60M:D090123VEF000025202196,09
:61:090123D000000000050,00NTRF000012066636//180007
PAGO
:61:090123D000000007061,01NTRF000000036451//180007
PAGO
:61:090123D000000017041,27NTRF000000036450//180007
PAGO
:61:090123D000000004921,40NTRF000000036449//180007
PAGO
:61:090123D000000198119,71NTRF000000036448//180007
PAGO
:61:090123D000000026212,12NTRF000000036447//180007
PAGO
:61:090123D000000035141,04NTRF000000036446//180007
PAGO
:61:090123D000000230551,00NTRF000000036445//180007
PAGO
:61:090123D000000009395,78NTRF000000036444//180007
PAGO
:62M:D090123VEF000025730689,42
-}{5:{CHK:1143FB20924B}}{S:{COP:S}}${1:F21VZCRVECAAXXX5410610696}{4:{177:0404021720}{451:0}}{1:F01VZCRVECAAXXX5410610696}{2:09501717040402VZCRVECAAXXX40812675430404021720N}{3:{108:SCONNECT}}{4:
:20:MI090123
:25:1111111111
:28C:0547/166
:60M:D090123VEF000025730689,42
:61:090123D000000243794,54NTRF000000036443//180007
PAGO
:61:090123D000000005063,02NTRF000000001129//180007
PAGO
:61:090123D000000013957,39NTRF000000001128//180007
PAGO
:61:090123D000000009426,90NTRF000000001127//180007
PAGO
:61:090123D000000002577,40NTRF000000000362//180007
PAGO
:61:090123D000000002807,44NTRF000000000361//180007
PAGO
:61:090123D000000000405,00NTRF000000057374//180007
PAGO
:61:090123D000000000405,00NTRF000000057372//180007
PAGO
:61:090123D000000000405,00NTRF000000057370//180007
PAGO
:62M:D090123VEF000026009531,11
-}{5:{CHK:1143FB20924B}}{S:{COP:S}}${1:F21VZCRVECAAXXX5410610696}{4:{177:0404021720}{451:0}}{1:F01VZCRVECAAXXX5410610696}{2:09501717040402VZCRVECAAXXX40812675430404021720N}{3:{108:SCONNECT}}{4:
:20:MI090123
:25:1111111111
:28C:0547/167
:60M:D090123VEF000026009531,11
:61:090123D000000000405,00NTRF000000057368//180007
PAGO
:61:090123D000000001007,20NTRF000022010379//180007
PAGO
:61:090123D000000000677,74NTRF000022010378//180007
PAGO
:61:090123D000000001323,26NTRF000022010377//180007
PAGO
:61:090123D000000001196,99NTRF000022010376//180007
PAGO
:61:090123D000000001023,06NTRF000022010375//180007
PAGO
:61:090123D000000001867,20NTRF000022010374//180007
PAGO
:61:090123D000000004065,87NTRF000022010373//180007
PAGO
:61:090123D000000002203,80NTRF000022010372//180007
PAGO
:62M:D090123VEF000026023301,23
-}{5:{CHK:1143FB20924B}}{S:{COP:S}}${1:F21VZCRVECAAXXX5410610696}{4:{177:0404021720}{451:0}}{1:F01VZCRVECAAXXX5410610696}{2:09501717040402VZCRVECAAXXX40812675430404021720N}{3:{108:SCONNECT}}{4:
:20:MI090123
:25:1111111111
:28C:0547/168
:60M:D090123VEF000026023301,23
:61:090123D000000004342,72NTRF000022010371//180007
PAGO
:61:090123D000000000712,75NTRF000000024549//180007
PAGO
:61:090123D000000001163,15NTRF000000024548//180007
PAGO
:61:090123D000000005293,20NTRF000000024547//180007
PAGO
:61:090123D000000001230,00NTRF000000024546//180007
PAGO
:61:090123D000000002220,00NTRF000000024545//180007
PAGO
:61:090123D000000012600,00NTRF000000014287//180007
PAGO
:61:090123D000000015207,00NTRF000000000012//180007
PAGO
:61:090123D000000003414,00NTRF000000000011//180007
PAGO
:62M:D090123VEF000026069484,05
-}{5:{CHK:1143FB20924B}}{S:{COP:S}}${1:F21VZCRVECAAXXX5410610696}{4:{177:0404021720}{451:0}}{1:F01VZCRVECAAXXX5410610696}{2:09501717040402VZCRVECAAXXX40812675430404021720N}{3:{108:SCONNECT}}{4:
:20:MI090123
:25:1111111111
:28C:0547/169
:60M:D090123VEF000026069484,05
:61:090123D000000003577,00NTRF000000000010//180007
PAGO
:61:090123D000000001604,00NTRF000000080262//180007
PAGO
:61:090123D000000005195,70NTRF000000080261//180007
PAGO
:61:090123D000000004922,27NTRF000000080260//180007
PAGO
:61:090123D000000009493,67NTRF000000080259//180007
PAGO
:61:090123D000000005686,22NTRF000000080258//180007
PAGO
:61:090123D000000186014,15NTRF000000080235//180007
PAGO
:61:090123D000000001320,00NTRF000000080234//180007
PAGO
:61:090123D000000001683,25NTRF000000080233//180007
PAGO
:62M:D090123VEF000026288980,31
-}{5:{CHK:1143FB20924B}}{S:{COP:S}}${1:F21VZCRVECAAXXX5410610696}{4:{177:0404021720}{451:0}}{1:F01VZCRVECAAXXX5410610696}{2:09501717040402VZCRVECAAXXX40812675430404021720N}{3:{108:SCONNECT}}{4:
:20:MI090123
:25:1111111111
:28C:0547/170
:60M:D090123VEF000026288980,31
:61:090123D000000000486,25NTRF000000080232//180007
PAGO
:61:090123D000000002754,27NTRF000085751413//180007
PAGO
:61:090123D000000000800,00NTRF000085666162//180007
PAGO
:61:090123D000000000200,00NTRF000085231954//180007
PAGO
:61:090123D000000000500,00NTRF000085169418//180007
PAGO
:61:090123D000000000200,00NTRF000084613355//180007
PAGO
:61:090123D000000000244,00NTRF000084381777//180007
PAGO
:61:090123D000000000300,00NTRF000084252879//180007
PAGO
:61:090123D000000006000,00NTRF000084101042//180007
PAGO
:62M:D090123VEF000026300464,83
-}{5:{CHK:1143FB20924B}}{S:{COP:S}}${1:F21VZCRVECAAXXX5410610696}{4:{177:0404021720}{451:0}}{1:F01VZCRVECAAXXX5410610696}{2:09501717040402VZCRVECAAXXX40812675430404021720N}{3:{108:SCONNECT}}{4:
:20:MI090123
:25:1111111111
:28C:0547/171
:60M:D090123VEF000026300464,83
:61:090123D000000004000,00NTRF000084023352//180007
PAGO
:61:090123D000000000200,00NTRF000047647918//180007
PAGO
:61:090123D000000000015,00NTRF000047359321//180007
PAGO
:61:090123D000000000570,00NTRF000047016828//180007
PAGO
:61:090123D000000003100,00NTRF000046987159//180007
PAGO
:61:090123D000000000350,00NTRF000046981016//180007
PAGO
:61:090123D000000025919,08NTRF000046974345//180007
PAGO
:61:090123D000000001400,00NTRF000046564605//180007
PAGO
:61:090123D000000000300,00NTRF000046439947//180007
PAGO
:62M:D090123VEF000026336318,91
-}{5:{CHK:1143FB20924B}}{S:{COP:S}}${1:F21VZCRVECAAXXX5410610696}{4:{177:0404021720}{451:0}}{1:F01VZCRVECAAXXX5410610696}{2:09501717040402VZCRVECAAXXX40812675430404021720N}{3:{108:SCONNECT}}{4:
:20:MI090123
:25:1111111111
:28C:0547/172
:60M:D090123VEF000026336318,91
:61:090123D000000000150,00NTRF000046293832//180007
PAGO
:61:090123D000000000275,00NTRF000015206923//180007
PAGO
:61:090123D000000000412,00NTRF000015099805//180007
PAGO
:61:090123D000000002300,00NTRF000014525656//180007
PAGO
:61:090123D000000021100,00NTRF000014353141//180007
PAGO
:61:090123D000000001351,60NTRF000014317264//180007
PAGO
:61:090123D000000002067,00NTRF000014291024//180007
PAGO
:61:090123D000000000300,00NTRF000013564026//180007
PAGO
:61:090123D000000000900,00NTRF000013525686//180007
PAGO
:62M:D090123VEF000026365174,51
-}{5:{CHK:1143FB20924B}}{S:{COP:S}}${1:F21VZCRVECAAXXX5410610696}{4:{177:0404021720}{451:0}}{1:F01VZCRVECAAXXX5410610696}{2:09501717040402VZCRVECAAXXX40812675430404021720N}{3:{108:SCONNECT}}{4:
:20:MI090123
:25:1111111111
:28C:0547/173
:60M:D090123VEF000026365174,51
:61:090123D000000006765,38NTRF000012688407//180007
PAGO
:61:090123D000000009400,00NTRF000078593222//180007
PAGO
:61:090123D000000000600,00NTRF000078451477//180007
PAGO
:61:090123D000000000062,00NTRF000077931694//180007
PAGO
:61:090123D000000000285,00NTRF000077404655//180007
PAGO
:61:090123D000000000150,00NTRF000077195220//180007
PAGO
:61:090123D000000004922,20NTRF000077108806//180007
PAGO
:61:090123D000000000400,00NTRF000076152360//180007
PAGO
:61:090123D000000000868,01NTRF000075681856//180007
PAGO
:62M:D090123VEF000026388627,10
-}{5:{CHK:1143FB20924B}}{S:{COP:S}}${1:F21VZCRVECAAXXX5410610696}{4:{177:0404021720}{451:0}}{1:F01VZCRVECAAXXX5410610696}{2:09501717040402VZCRVECAAXXX40812675430404021720N}{3:{108:SCONNECT}}{4:
:20:MI090123
:25:1111111111
:28C:0547/174
:60M:D090123VEF000026388627,10
:61:090123D000000000245,00NTRF000075508975//180007
PAGO
:61:090123D000000000080,00NTRF000039094756//180007
PAGO
:61:090123D000000000100,00NTRF000038558949//180007
PAGO
:61:090123D000000000100,00NTRF000038521949//180007
PAGO
:61:090123D000000000150,00NTRF000037986589//180007
PAGO
:61:090123D000000000040,00NTRF000037939248//180007
PAGO
:61:090123D000000000150,00NTRF000037908589//180007
PAGO
:61:090123D000000003000,00NTRF000037819821//180007
PAGO
:61:090123D000000000150,00NTRF000037768589//180007
PAGO
:62M:D090123VEF000026392642,10
-}{5:{CHK:1143FB20924B}}{S:{COP:S}}${1:F21VZCRVECAAXXX5410610696}{4:{177:0404021720}{451:0}}{1:F01VZCRVECAAXXX5410610696}{2:09501717040402VZCRVECAAXXX40812675430404021720N}{3:{108:SCONNECT}}{4:
:20:MI090123
:25:1111111111
:28C:0547/175
:60M:D090123VEF000026392642,10
:61:090123D000000000255,00NTRF000037680488//180007
PAGO
:61:090123D000000000300,00NTRF000011378992//180007
PAGO
:61:090123D000000000230,00NTRF000011341209//180007
PAGO
:61:090123D000000000150,00NTRF000010113806//180007
PAGO
:61:090123D000000004946,96NTRF000009069693//180007
PAGO
:61:090123D000000000230,00NTRF000008969339//180007
PAGO
:61:090123D000000000200,00NTRF000008513520//180007
PAGO
:61:090123D000000000400,00NTRF000008437139//180007
PAGO
:61:090123D000000000200,00NTRF000008375520//180007
PAGO
:62M:D090123VEF000026399554,06
-}{5:{CHK:1143FB20924B}}{S:{COP:S}}${1:F21VZCRVECAAXXX5410610696}{4:{177:0404021720}{451:0}}{1:F01VZCRVECAAXXX5410610696}{2:09501717040402VZCRVECAAXXX40812675430404021720N}{3:{108:SCONNECT}}{4:
:20:MI090123
:25:1111111111
:28C:0547/176
:60M:D090123VEF000026399554,06
:61:090123D000000000270,00NTRF000008285066//180007
PAGO
:61:090123D000000000100,00NTRF000098141616//180007
PAGO
:61:090123D000000000500,00NTRF000098009192//180007
PAGO
:61:090123D000000003720,00NTRF000097834097//180007
PAGO
:61:090123D000000005000,00NTRF000097276636//180007
PAGO
:61:090123D000000002000,00NTRF000097258160//180007
PAGO
:61:090123D000000000320,00NTRF000097245604//180007
PAGO
:61:090123D000000017884,55NTRF000096889741//180007
PAGO
:61:090123D000000000250,00NTRF000096799020//180007
PAGO
:62M:D090123VEF000026429598,61
-}{5:{CHK:1143FB20924B}}{S:{COP:S}}${1:F21VZCRVECAAXXX5410610696}{4:{177:0404021720}{451:0}}{1:F01VZCRVECAAXXX5410610696}{2:09501717040402VZCRVECAAXXX40812675430404021720N}{3:{108:SCONNECT}}{4:
:20:MI090123
:25:1111111111
:28C:0547/177
:60M:D090123VEF000026429598,61
:61:090123D000000000050,00NTRF000096791650//180007
PAGO
:61:090123D000000005000,00NTRF000080596384//180007
PAGO
:61:090123D000000000051,30NTRF000080379174//180007
PAGO
:61:090123D000000054260,31NTRF000080051823//180007
PAGO
:61:090123D000000000450,00NTRF000079854676//180007
PAGO
:61:090123D000000000244,88NTRF000079762698//180007
PAGO
:61:090123D000000000744,75NTRF000079673465//180007
PAGO
:61:090123D000000017000,00NTRF000079654668//180007
PAGO
:61:090123D000000000171,99NTRF000079350974//180007
PAGO
:62M:D090123VEF000026507571,84
-}{5:{CHK:1143FB20924B}}{S:{COP:S}}${1:F21VZCRVECAAXXX5410610696}{4:{177:0404021720}{451:0}}{1:F01VZCRVECAAXXX5410610696}{2:09501717040402VZCRVECAAXXX40812675430404021720N}{3:{108:SCONNECT}}{4:
:20:MI090123
:25:1111111111
:28C:0547/178
:60M:D090123VEF000026507571,84
:61:090123D000000000500,00NTRF000079135632//180007
PAGO
:61:090123D000000000210,60NTRF000062746095//180007
PAGO
:61:090123D000000200500,00NTRF000062579248//180007
PAGO
:61:090123D000000000600,00NTRF000062564438//180007
PAGO
:61:090123D000000003813,00NTRF000062436198//180007
PAGO
:61:090123D000000000100,00NTRF000062357510//180007
PAGO
:61:090123D000000001530,00NTRF000062288842//180007
PAGO
:61:090123D000000000124,00NTRF000062249568//180007
PAGO
:61:090123D000000000500,00NTRF000062142341//180007
PAGO
:62M:D090123VEF000026715449,44
-}{5:{CHK:1143FB20924B}}{S:{COP:S}}${1:F21VZCRVECAAXXX5410610696}{4:{177:0404021720}{451:0}}{1:F01VZCRVECAAXXX5410610696}{2:09501717040402VZCRVECAAXXX40812675430404021720N}{3:{108:SCONNECT}}{4:
:20:MI090123
:25:1111111111
:28C:0547/179
:60M:D090123VEF000026715449,44
:61:090123D000000001747,77NTRF000061798113//180007
PAGO
:61:090123D000000000399,61NTRF000045340326//180007
PAGO
:61:090123D000000000400,00NTRF000044939898//180007
PAGO
:61:090123D000000000450,00NTRF000044934653//180007
PAGO
:61:090123D000000001250,00NTRF000044101141//180007
PAGO
:61:090123D000000001250,00NTRF000043988986//180007
PAGO
:61:090123D000000000100,00NTRF000043884118//180007
PAGO
:61:090123D000000000242,00NTRF000043876554//180007
PAGO
:61:090123D000000000150,00NTRF000043441173//180007
PAGO
:62M:D090123VEF000026721438,82
-}{5:{CHK:1143FB20924B}}{S:{COP:S}}${1:F21VZCRVECAAXXX5410610696}{4:{177:0404021720}{451:0}}{1:F01VZCRVECAAXXX5410610696}{2:09501717040402VZCRVECAAXXX40812675430404021720N}{3:{108:SCONNECT}}{4:
:20:MI090123
:25:1111111111
:28C:0547/180
:60M:D090123VEF000026721438,82
:61:090123D000000000350,00NTRF000043387020//180007
PAGO
:61:090123D000000004150,29NTRF000025788232//180007
PAGO
:61:090123D000000000150,00NTRF000025648399//180007
PAGO
:61:090123D000000000150,00NTRF000025609635//180007
PAGO
:61:090123D000000001643,25NTRF000025389853//180007
PAGO
:61:090123D000000000400,00NTRF000025381039//180007
PAGO
:61:090123D000000000255,00NTRF000025236781//180007
PAGO
:61:090123D000000000203,82NTRF000025179115//180007
PAGO
:61:090123D000000001677,00NTRF000024861081//180007
PAGO
:62M:D090123VEF000026730418,18
-}{5:{CHK:1143FB20924B}}{S:{COP:S}}${1:F21VZCRVECAAXXX5410610696}{4:{177:0404021720}{451:0}}{1:F01VZCRVECAAXXX5410610696}{2:09501717040402VZCRVECAAXXX40812675430404021720N}{3:{108:SCONNECT}}{4:
:20:MI090123
:25:1111111111
:28C:0547/181
:60M:D090123VEF000026730418,18
:61:090123D000000000075,00NTRF000024462344//180007
PAGO
:61:090123D000000005000,00NTRF000007725736//180007
PAGO
:61:090123D000000000160,00NTRF000007331668//180007
PAGO
:61:090123D000000000129,69NTRF000007230115//180007
PAGO
:61:090123D000000000650,00NTRF000007062200//180007
PAGO
:61:090123D000000000600,00NTRF000007028069//180007
PAGO
:61:090123D000000020500,00NTRF000006944676//180007
PAGO
:61:090123D000000477821,76NTRF000006732049//180007
PAGO
:61:090123D000000000240,00NTRF000006681259//180007
PAGO
:62M:D090123VEF000027235594,63
-}{5:{CHK:1143FB20924B}}{S:{COP:S}}${1:F21VZCRVECAAXXX5410610696}{4:{177:0404021720}{451:0}}{1:F01VZCRVECAAXXX5410610696}{2:09501717040402VZCRVECAAXXX40812675430404021720N}{3:{108:SCONNECT}}{4:
:20:MI090123
:25:1111111111
:28C:0547/182
:60M:D090123VEF000027235594,63
:61:090123D000000000943,61NTRF000006674489//180007
PAGO
:61:090123D000000005000,00NTRF000087579165//180007
PAGO
:61:090123D000000000450,00NTRF000087562977//180007
PAGO
:61:090123D000000000800,00NTRF000086663603//180007
PAGO
:61:090123D000000000120,14NTRF000086279526//180007
PAGO
:61:090123D000000000140,00NTRF000086241626//180007
PAGO
:61:090123D000000003000,00NTRF000086007313//180007
PAGO
:61:090123D000000000400,00NTRF000085997885//180007
PAGO
:61:090123D000000000060,00NTRF000085921349//180007
PAGO
:62M:D090123VEF000027246508,38
-}{5:{CHK:1143FB20924B}}{S:{COP:S}}${1:F21VZCRVECAAXXX5410610696}{4:{177:0404021720}{451:0}}{1:F01VZCRVECAAXXX5410610696}{2:09501717040402VZCRVECAAXXX40812675430404021720N}{3:{108:SCONNECT}}{4:
:20:MI090123
:25:1111111111
:28C:0547/183
:60M:D090123VEF000027246508,38
:61:090123D000000001000,00NTRF000085859657//180007
PAGO
:61:090123D000000000300,00NTRF000059376899//180007
PAGO
:61:090123D000000000075,00NTRF000059135340//180007
PAGO
:61:090123D000000000075,00NTRF000059094340//180007
PAGO
:61:090123D000000000834,91NTRF000058969346//180007
PAGO
:61:090123D000000002000,00NTRF000058625986//180007
PAGO
:61:090123D000000002000,00NTRF000058571986//180007
PAGO
:61:090123D000000000243,00NTRF000058239725//180007
PAGO
:61:090123D000000000550,00NTRF000058036756//180007
PAGO
:62M:D090123VEF000027253586,29
-}{5:{CHK:1143FB20924B}}{S:{COP:S}}${1:F21VZCRVECAAXXX5410610696}{4:{177:0404021720}{451:0}}{1:F01VZCRVECAAXXX5410610696}{2:09501717040402VZCRVECAAXXX40812675430404021720N}{3:{108:SCONNECT}}{4:
:20:MI090123
:25:1111111111
:28C:0547/184
:60M:D090123VEF000027253586,29
:61:090123D000000000350,00NTRF000057999315//180007
PAGO
:61:090123D000000000600,00NTRF000034628108//180007
PAGO
:61:090123D000000000100,00NTRF000034611427//180007
PAGO
:61:090123D000000000063,00NTRF000034499503//180007
PAGO
:61:090123D000000000060,00NTRF000034212433//180007
PAGO
:61:090123D000000000050,00NTRF000034174199//180007
PAGO
:61:090123D000000000050,00NTRF000034151199//180007
PAGO
:61:090123D000000000050,00NTRF000034123199//180007
PAGO
:61:090123D000000000050,00NTRF000034100199//180007
PAGO
:62M:D090123VEF000027254959,29
-}{5:{CHK:1143FB20924B}}{S:{COP:S}}${1:F21VZCRVECAAXXX5410610696}{4:{177:0404021720}{451:0}}{1:F01VZCRVECAAXXX5410610696}{2:09501717040402VZCRVECAAXXX40812675430404021720N}{3:{108:SCONNECT}}{4:
:20:MI090123
:25:1111111111
:28C:0547/185
:60M:D090123VEF000027254959,29
:61:090123D000000000059,00NTRF000033986998//180007
PAGO
:61:090123D000000001850,00NTRF000011710091//180007
PAGO
:61:090123D000000000060,00NTRF000011685954//180007
PAGO
:61:090123D000000000130,00NTRF000011348171//180007
PAGO
:61:090123D000000002500,00NTRF000011338895//180007
PAGO
:61:090123D000000000200,00NTRF000011323838//180007
PAGO
:61:090123D000000012400,00NTRF000011318392//180007
PAGO
:61:090123D000000001500,00NTRF000011136173//180007
PAGO
:61:090123D000000000132,10NTRF000011101756//180007
PAGO
:62M:D090123VEF000027273790,39
-}{5:{CHK:1143FB20924B}}{S:{COP:S}}${1:F21VZCRVECAAXXX5410610696}{4:{177:0404021720}{451:0}}{1:F01VZCRVECAAXXX5410610696}{2:09501717040402VZCRVECAAXXX40812675430404021720N}{3:{108:SCONNECT}}{4:
:20:MI090123
:25:1111111111
:28C:0547/186
:60M:D090123VEF000027273790,39
:61:090123D000000000102,98NTRF000010939928//180007
PAGO
:61:090123D000000018000,00NTRF000000036442//180007
PAGO
:61:090123D000000017935,60NTRF000000036441//180007
PAGO
:61:090123D000000004958,25NTRF000000036440//180007
PAGO
:61:090123D000000049432,40NTRF000000036439//180007
PAGO
:61:090123D000000041661,82NTRF000000036438//180007
PAGO
:61:090123D000000001556,54NTRF000000036437//180007
PAGO
:61:090123D000000178335,31NTRF000000036436//180007
PAGO
:61:090123D000000003685,98NTRF000000036435//180007
PAGO
:62M:D090123VEF000027589459,27
-}{5:{CHK:1143FB20924B}}{S:{COP:S}}${1:F21VZCRVECAAXXX5410610696}{4:{177:0404021720}{451:0}}{1:F01VZCRVECAAXXX5410610696}{2:09501717040402VZCRVECAAXXX40812675430404021720N}{3:{108:SCONNECT}}{4:
:20:MI090123
:25:1111111111
:28C:0547/187
:60M:D090123VEF000027589459,27
:61:090123D000000015112,73NTRF000000036434//180007
PAGO
:61:090123D000000006210,00NTRF000000057362//180007
PAGO
:61:090123D000000014174,55NTRF000000057360//180007
PAGO
:61:090123D000000013860,00NTRF000000057358//180007
PAGO
:61:090123D000000003584,23NTRF000000057356//180007
PAGO
:61:090123D000000004010,00NTRF000003404909//180007
PAGO
:61:090123D000000002506,25NTRF000003404709//180007
PAGO
:61:090123D000000003296,21NTRF000003403509//180007
PAGO
:61:090123D000000012691,65NTRF000003403409//180007
PAGO
:62M:D090123VEF000027664904,89
-}{5:{CHK:1143FB20924B}}{S:{COP:S}}${1:F21VZCRVECAAXXX5410610696}{4:{177:0404021720}{451:0}}{1:F01VZCRVECAAXXX5410610696}{2:09501717040402VZCRVECAAXXX40812675430404021720N}{3:{108:SCONNECT}}{4:
:20:MI090123
:25:1111111111
:28C:0547/188
:60M:D090123VEF000027664904,89
:61:090123D000000012858,36NTRF000003401709//180007
PAGO
:61:090123D000000001348,22NTRF000022010370//180007
PAGO
:61:090123D000000001365,29NTRF000022010369//180007
PAGO
:61:090123D000000000999,50NTRF000022010368//180007
PAGO
:61:090123D000000001899,50NTRF000022010367//180007
PAGO
:61:090123D000000000478,50NTRF000022010366//180007
PAGO
:61:090123D000000000334,50NTRF000022010365//180007
PAGO
:61:090123D000000000929,50NTRF000022010364//180007
PAGO
:61:090123D000000000774,50NTRF000022010363//180007
PAGO
:62M:D090123VEF000027685892,76
-}{5:{CHK:1143FB20924B}}{S:{COP:S}}${1:F21VZCRVECAAXXX5410610696}{4:{177:0404021720}{451:0}}{1:F01VZCRVECAAXXX5410610696}{2:09501717040402VZCRVECAAXXX40812675430404021720N}{3:{108:SCONNECT}}{4:
:20:MI090123
:25:1111111111
:28C:0547/189
:60M:D090123VEF000027685892,76
:61:090123D000000001329,50NTRF000022010362//180007
PAGO
:61:090123D000000009604,00NTRF000000000009//180007
PAGO
:61:090123D000000008212,00NTRF000000000008//180007
PAGO
:61:090123D000000009604,00NTRF000000000007//180007
PAGO
:61:090123D000000008010,00NTRF000000000006//180007
PAGO
:61:090123D000000006787,00NTRF000000000005//180007
PAGO
:61:090123D000000007351,00NTRF000000000004//180007
PAGO
:61:090123D000000009277,00NTRF000000000003//180007
PAGO
:61:090123D000000029994,00NTRF000000000002//180007
PAGO
:62M:D090123VEF000027776061,26
-}{5:{CHK:1143FB20924B}}{S:{COP:S}}${1:F21VZCRVECAAXXX5410610696}{4:{177:0404021720}{451:0}}{1:F01VZCRVECAAXXX5410610696}{2:09501717040402VZCRVECAAXXX40812675430404021720N}{3:{108:SCONNECT}}{4:
:20:MI090123
:25:1111111111
:28C:0547/190
:60M:D090123VEF000027776061,26
:61:090123D000000008500,00NTRF000000000001//180007
PAGO
:61:090123D000000036230,49NTRF000000080231//180007
PAGO
:61:090123D000000011327,77NTRF000000080230//180007
PAGO
:61:090123D000000052658,75NTRF000000080229//180007
PAGO
:61:090123D000000009323,25NTRF000000080228//180007
PAGO
:61:090123D000000032486,74NTRF000000080227//180007
PAGO
:61:090123D000000019592,00NTRF000000080226//180007
PAGO
:61:090123D000000011915,23NTRF000000080225//180007
PAGO
:61:090123D000000001497,96NTRF000000080224//180007
PAGO
:62M:D090123VEF000027959593,45
-}{5:{CHK:1143FB20924B}}{S:{COP:S}}${1:F21VZCRVECAAXXX5410610696}{4:{177:0404021720}{451:0}}{1:F01VZCRVECAAXXX5410610696}{2:09501717040402VZCRVECAAXXX40812675430404021720N}{3:{108:SCONNECT}}{4:
:20:MI090123
:25:1111111111
:28C:0547/191
:60M:D090123VEF000027959593,45
:61:090123D000000014803,47NTRF000000080221//180007
PAGO
:61:090123D000000000850,00NTRF000083803133//180007
PAGO
:61:090123D000000001000,00NTRF000083354008//180007
PAGO
:61:090123D000000000200,00NTRF000083308015//180007
PAGO
:61:090123D000000009815,00NTRF000083088073//180007
PAGO
:61:090123D000000004503,25NTRF000082891719//180007
PAGO
:61:090123D000000000200,00NTRF000082778819//180007
PAGO
:61:090123D000000000500,00NTRF000081963242//180007
PAGO
:61:090123D000000000200,00NTRF000081911034//180007
PAGO
:62M:D090123VEF000027991665,17
-}{5:{CHK:1143FB20924B}}{S:{COP:S}}${1:F21VZCRVECAAXXX5410610696}{4:{177:0404021720}{451:0}}{1:F01VZCRVECAAXXX5410610696}{2:09501717040402VZCRVECAAXXX40812675430404021720N}{3:{108:SCONNECT}}{4:
:20:MI090123
:25:1111111111
:28C:0547/192
:60M:D090123VEF000027991665,17
:61:090123D000000001100,00NTRF000081861735//180007
PAGO
:61:090123D000000000100,00NTRF000046285404//180007
PAGO
:61:090123D000000000360,00NTRF000046199134//180007
PAGO
:61:090123D000000000200,00NTRF000046042825//180007
PAGO
:61:090123D000000000434,00NTRF000045940244//180007
PAGO
:61:090123D000000001100,00NTRF000045678387//180007
PAGO
:61:090123D000000000900,00NTRF000045614160//180007
PAGO
:61:090123D000000000144,00NTRF000045121260//180007
PAGO
:61:090123D000000006221,27NTRF000044890315//180007
PAGO
:62M:D090123VEF000028002224,44
-}{5:{CHK:1143FB20924B}}{S:{COP:S}}${1:F21VZCRVECAAXXX5410610696}{4:{177:0404021720}{451:0}}{1:F01VZCRVECAAXXX5410610696}{2:09501717040402VZCRVECAAXXX40812675430404021720N}{3:{108:SCONNECT}}{4:
:20:MI090123
:25:1111111111
:28C:0547/193
:60M:D090123VEF000028002224,44
:61:090123D000000002000,00NTRF000044786514//180007
PAGO
:61:090123D000000001370,00NTRF000012673208//180007
PAGO
:61:090123D000000001000,00NTRF000012508867//180007
PAGO
:61:090123D000000004412,93NTRF000012131820//180007
PAGO
:61:090123D000000000050,00NTRF000012129038//180007
PAGO
:61:090123D000000003775,00NTRF000012037209//180007
PAGO
:61:090123D000000005000,00NTRF000012017064//180007
PAGO
:61:090123D000000000350,00NTRF000011909330//180007
PAGO
:61:090123D000000000250,00NTRF000011502739//180007
PAGO
:62M:D090123VEF000028020432,37
-}{5:{CHK:1143FB20924B}}{S:{COP:S}}${1:F21VZCRVECAAXXX5410610696}{4:{177:0404021720}{451:0}}{1:F01VZCRVECAAXXX5410610696}{2:09501717040402VZCRVECAAXXX40812675430404021720N}{3:{108:SCONNECT}}{4:
:20:MI090123
:25:1111111111
:28C:0547/194
:60M:D090123VEF000028020432,37
:61:090123D000000000900,00NTRF000011257633//180007
PAGO
:61:090123D000000000200,00NTRF000075496689//180007
PAGO
:61:090123D000000002000,00NTRF000075309566//180007
PAGO
:61:090123D000000001000,00NTRF000075255274//180007
PAGO
:61:090123D000000000200,00NTRF000075044917//180007
PAGO
:61:090123D000000000200,00NTRF000075018917//180007
PAGO
:61:090123D000000000300,00NTRF000074836022//180007
PAGO
:61:090123D000000020320,00NTRF000074696114//180007
PAGO
:61:090123D000000000050,00NTRF000074605882//180007
PAGO
:62M:D090123VEF000028045602,37
-}{5:{CHK:1143FB20924B}}{S:{COP:S}}${1:F21VZCRVECAAXXX5410610696}{4:{177:0404021720}{451:0}}{1:F01VZCRVECAAXXX5410610696}{2:09501717040402VZCRVECAAXXX40812675430404021720N}{3:{108:SCONNECT}}{4:
:20:MI090123
:25:1111111111
:28C:0547/195
:60M:D090123VEF000028045602,37
:61:090123D000000000600,00NTRF000074393234//180007
PAGO
:61:090123D000000000450,00NTRF000037569797//180007
PAGO
:61:090123D000000000160,00NTRF000037504692//180007
PAGO
:61:090123D000000000150,00NTRF000037483769//180007
PAGO
:61:090123D000000000300,00NTRF000037477640//180007
PAGO
:61:090123D000000000300,00NTRF000037447640//180007
PAGO
:61:090123D000000000300,00NTRF000037382640//180007
PAGO
:61:090123D000000000300,00NTRF000037290640//180007
PAGO
:61:090123D000000000500,00NTRF000037259453//180007
PAGO
:62M:D090123VEF000028048662,37
-}{5:{CHK:1143FB20924B}}{S:{COP:S}}${1:F21VZCRVECAAXXX5410610696}{4:{177:0404021720}{451:0}}{1:F01VZCRVECAAXXX5410610696}{2:09501717040402VZCRVECAAXXX40812675430404021720N}{3:{108:SCONNECT}}{4:
:20:MI090123
:25:1111111111
:28C:0547/196
:60M:D090123VEF000028048662,37
:61:090123D000000002700,00NTRF000037080573//180007
PAGO
:61:090123D000000000100,00NTRF000007959980//180007
PAGO
:61:090123D000000000060,00NTRF000007958455//180007
PAGO
:61:090123D000000000800,00NTRF000007818174//180007
PAGO
:61:090123D000000000385,00NTRF000007708795//180007
PAGO
:61:090123D000000001000,00NTRF000007546659//180007
PAGO
:61:090123D000000002340,00NTRF000006834002//180007
PAGO
:61:090123D000000000110,00NTRF000006650457//180007
PAGO
:61:090123D000000001000,00NTRF000006321033//180007
PAGO
:62M:D090123VEF000028057157,37
-}{5:{CHK:1143FB20924B}}{S:{COP:S}}${1:F21VZCRVECAAXXX5410610696}{4:{177:0404021720}{451:0}}{1:F01VZCRVECAAXXX5410610696}{2:09501717040402VZCRVECAAXXX40812675430404021720N}{3:{108:SCONNECT}}{4:
:20:MI090123
:25:1111111111
:28C:0547/197
:60M:D090123VEF000028057157,37
:61:090123D000000001000,00NTRF000006255033//180007
PAGO
:61:090123D000000000450,00NTRF000096734437//180007
PAGO
:61:090123D000000005000,00NTRF000096554116//180007
PAGO
:61:090123D000000008203,88NTRF000096542949//180007
PAGO
:61:090123D000000000350,00NTRF000095884129//180007
PAGO
:61:090123D000000000147,67NTRF000095866405//180007
PAGO
:61:090123D000000000350,00NTRF000095745804//180007
PAGO
:61:090123D000000000950,00NTRF000095640260//180007
PAGO
:61:090123D000000000100,00NTRF000095486335//180007
PAGO
:62M:D090123VEF000028073708,92
-}{5:{CHK:1143FB20924B}}{S:{COP:S}}${1:F21VZCRVECAAXXX5410610696}{4:{177:0404021720}{451:0}}{1:F01VZCRVECAAXXX5410610696}{2:09501717040402VZCRVECAAXXX40812675430404021720N}{3:{108:SCONNECT}}{4:
:20:MI090123
:25:1111111111
:28C:0547/198
:60M:D090123VEF000028073708,92
:61:090123D000000000223,86NTRF000095353479//180007
PAGO
:61:090123D000000010000,00NTRF000079056682//180007
PAGO
:61:090123D000000000550,00NTRF000078923970//180007
PAGO
:61:090123D000000011297,87NTRF000078488661//180007
PAGO
:61:090123D000000000646,29NTRF000078311023//180007
PAGO
:61:090123D000000000400,00NTRF000078254340//180007
PAGO
:61:090123D000000000060,00NTRF000077582230//180007
PAGO
:61:090123D000000002400,00NTRF000077500627//180007
PAGO
:61:090123D000000006767,00NTRF000077187812//180007
PAGO
:62M:D090123VEF000028106053,94
-}{5:{CHK:1143FB20924B}}{S:{COP:S}}${1:F21VZCRVECAAXXX5410610696}{4:{177:0404021720}{451:0}}{1:F01VZCRVECAAXXX5410610696}{2:09501717040402VZCRVECAAXXX40812675430404021720N}{3:{108:SCONNECT}}{4:
:20:MI090123
:25:1111111111
:28C:0547/199
:60M:D090123VEF000028106053,94
:61:090123D000000002000,00NTRF000077158412//180007
PAGO
:61:090123D000000000555,00NTRF000061474566//180007
PAGO
:61:090123D000000001200,00NTRF000061444968//180007
PAGO
:61:090123D000000000050,00NTRF000061226354//180007
PAGO
:61:090123D000000000050,00NTRF000061209322//180007
PAGO
:61:090123D000000001300,00NTRF000061176231//180007
PAGO
:61:090123D000000000660,00NTRF000060999137//180007
PAGO
:61:090123D000000000450,00NTRF000060853223//180007
PAGO
:61:090123D000000000500,00NTRF000060482519//180007
PAGO
:62M:D090123VEF000028112818,94
-}{5:{CHK:1143FB20924B}}{S:{COP:S}}${1:F21VZCRVECAAXXX5410610696}{4:{177:0404021720}{451:0}}{1:F01VZCRVECAAXXX5410610696}{2:09501717040402VZCRVECAAXXX40812675430404021720N}{3:{108:SCONNECT}}{4:
:20:MI090123
:25:1111111111
:28C:0547/200
:60M:D090123VEF000028112818,94
:61:090123D000000000140,00NTRF000060348135//180007
PAGO
:61:090123D000000000500,00NTRF000043043875//180007
PAGO
:61:090123D000000000150,00NTRF000042833341//180007
PAGO
:61:090123D000000000500,00NTRF000042607273//180007
PAGO
:61:090123D000000000200,00NTRF000042432326//180007
PAGO
:61:090123D000000000350,00NTRF000042400527//180007
PAGO
:61:090123D000000001352,00NTRF000042093917//180007
PAGO
:61:090123D000000000500,00NTRF000042086890//180007
PAGO
:61:090123D000000000100,00NTRF000042033514//180007
PAGO
:62M:D090123VEF000028116610,94
-}{5:{CHK:1143FB20924B}}{S:{COP:S}}${1:F21VZCRVECAAXXX5410610696}{4:{177:0404021720}{451:0}}{1:F01VZCRVECAAXXX5410610696}{2:09501717040402VZCRVECAAXXX40812675430404021720N}{3:{108:SCONNECT}}{4:
:20:MI090123
:25:1111111111
:28C:0547/201
:60M:D090123VEF000028116610,94
:61:090123D000000000632,17NTRF000041926397//180007
PAGO
:61:090123D000000000550,00NTRF000024455846//180007
PAGO
:61:090123D000000000300,00NTRF000024451549//180007
PAGO
:61:090123D000000001526,00NTRF000024386223//180007
PAGO
:61:090123D000000000100,00NTRF000024231687//180007
PAGO
:61:090123D000000002990,23NTRF000024079390//180007
PAGO
:61:090123D000000000550,00NTRF000023997858//180007
PAGO
:61:090123D000000001300,00NTRF000023859297//180007
PAGO
:61:090123D000000000850,00NTRF000023747684//180007
PAGO
:62M:D090123VEF000028125409,34
-}{5:{CHK:1143FB20924B}}{S:{COP:S}}${1:F21VZCRVECAAXXX5410610696}{4:{177:0404021720}{451:0}}{1:F01VZCRVECAAXXX5410610696}{2:09501717040402VZCRVECAAXXX40812675430404021720N}{3:{108:SCONNECT}}{4:
:20:MI090123
:25:1111111111
:28C:0547/202
:60M:D090123VEF000028125409,34
:61:090123D000000001800,00NTRF000023680177//180007
PAGO
:61:090123D000000000200,00NTRF000006657448//180007
PAGO
:61:090123D000000000800,00NTRF000006656463//180007
PAGO
:61:090123D000000001500,00NTRF000006594840//180007
PAGO
:61:090123D000000005200,00NTRF000006579817//180007
PAGO
:61:090123D000000000150,00NTRF000006460609//180007
PAGO
:61:090123D000000000400,00NTRF000006288577//180007
PAGO
:61:090123D000000015000,00NTRF000006059941//180007
PAGO
:61:090123D000000006000,00NTRF000006049739//180007
PAGO
:62M:D090123VEF000028156459,34
-}{5:{CHK:1143FB20924B}}{S:{COP:S}}${1:F21VZCRVECAAXXX5410610696}{4:{177:0404021720}{451:0}}{1:F01VZCRVECAAXXX5410610696}{2:09501717040402VZCRVECAAXXX40812675430404021720N}{3:{108:SCONNECT}}{4:
:20:MI090123
:25:1111111111
:28C:0547/203
:60M:D090123VEF000028156459,34
:61:090123D000000001255,00NTRF000005838104//180007
PAGO
:61:090123D000000000150,00NTRF000085673292//180007
PAGO
:61:090123D000000001950,00NTRF000085637519//180007
PAGO
:61:090123D000000000400,00NTRF000085547885//180007
PAGO
:61:090123D000000000620,00NTRF000085411903//180007
PAGO
:61:090123D000000000050,00NTRF000085154455//180007
PAGO
:61:090123D000000000210,00NTRF000084951619//180007
PAGO
:61:090123D000000000330,00NTRF000084875219//180007
PAGO
:61:090123D000000000350,00NTRF000084798210//180007
PAGO
:62M:D090123VEF000028161774,34
-}{5:{CHK:1143FB20924B}}{S:{COP:S}}${1:F21VZCRVECAAXXX5410610696}{4:{177:0404021720}{451:0}}{1:F01VZCRVECAAXXX5410610696}{2:09501717040402VZCRVECAAXXX40812675430404021720N}{3:{108:SCONNECT}}{4:
:20:MI090123
:25:1111111111
:28C:0547/204
:60M:D090123VEF000028161774,34
:61:090123D000000000220,00NTRF000084461382//180007
PAGO
:61:090123D000000000007,40NTRF000057563067//180007
PAGO
:61:090123D000000005811,00NTRF000057520337//180007
PAGO
:61:090123D000000003423,09NTRF000056866974//180007
PAGO
:61:090123D000000000300,00NTRF000056860044//180007
PAGO
:61:090123D000000000244,50NTRF000056787185//180007
PAGO
:61:090123D000000000100,00NTRF000056535145//180007
PAGO
:61:090123D000000000150,00NTRF000056237330//180007
PAGO
:61:090123D000000000600,00NTRF000056036936//180007
PAGO
:62M:D090123VEF000028172630,33
-}{5:{CHK:1143FB20924B}}{S:{COP:S}}${1:F21VZCRVECAAXXX5410610696}{4:{177:0404021720}{451:0}}{1:F01VZCRVECAAXXX5410610696}{2:09501717040402VZCRVECAAXXX40812675430404021720N}{3:{108:SCONNECT}}{4:
:20:MI090123
:25:1111111111
:28C:0547/205
:60M:D090123VEF000028172630,33
:61:090123D000000000300,00NTRF000055436094//180007
PAGO
:61:090123D000000003000,00NTRF000033777261//180007
PAGO
:61:090123D000000000975,24NTRF000033463972//180007
PAGO
:61:090123D000000000050,00NTRF000033092392//180007
PAGO
:61:090123D000000000190,00NTRF000033085015//180007
PAGO
:61:090123D000000000040,00NTRF000032710490//180007
PAGO
:61:090123D000000000500,00NTRF000032478122//180007
PAGO
:61:090123D000000000500,00NTRF000032404122//180007
PAGO
:61:090123D000000000100,00NTRF000032095255//180007
PAGO
:62M:D090123VEF000028178285,57
-}{5:{CHK:1143FB20924B}}{S:{COP:S}}${1:F21VZCRVECAAXXX5410610696}{4:{177:0404021720}{451:0}}{1:F01VZCRVECAAXXX5410610696}{2:09501717040402VZCRVECAAXXX40812675430404021720N}{3:{108:SCONNECT}}{4:
:20:MI090123
:25:1111111111
:28C:0547/206
:60M:D090123VEF000028178285,57
:61:090123D000000000500,00NTRF000032066784//180007
PAGO
:61:090123D000000000350,00NTRF000010734029//180007
PAGO
:61:090123D000000002500,00NTRF000010605480//180007
PAGO
:61:090123D000000000600,00NTRF000010496185//180007
PAGO
:61:090123D000000000600,00NTRF000010474185//180007
PAGO
:61:090123D000000000415,18NTRF000010339930//180007
PAGO
:61:090123D000000002000,00NTRF000010155233//180007
PAGO
:61:090123D000000000100,00NTRF000010078548//180007
PAGO
:61:090123D000000000040,00NTRF000009986454//180007
PAGO
:62M:D090123VEF000028185390,75
-}{5:{CHK:1143FB20924B}}{S:{COP:S}}${1:F21VZCRVECAAXXX5410610696}{4:{177:0404021720}{451:0}}{1:F01VZCRVECAAXXX5410610696}{2:09501717040402VZCRVECAAXXX40812675430404021720N}{3:{108:SCONNECT}}{4:
:20:MI090123
:25:1111111111
:28C:0547/207
:60M:D090123VEF000028185390,75
:61:090123D000000000100,00NTRF000009933412//180007
PAGO
:61:090123D000000002356,15NTRF000000036433//180007
PAGO
:61:090123D000000003486,78NTRF000000036432//180007
PAGO
:61:090123D000000003546,45NTRF000000036431//180007
PAGO
:61:090123D000000006456,55NTRF000000036430//180007
PAGO
:61:090123D000000031880,00NTRF000000036429//180007
PAGO
:61:090123D000000002255,46NTRF000000036428//180007
PAGO
:61:090123D000000029370,02NTRF000000036427//180007
PAGO
:61:090123D000000592876,10NTRF000000036426//180007
PAGO
:62M:D090123VEF000028857718,26
-}{5:{CHK:1143FB20924B}}{S:{COP:S}}${1:F21VZCRVECAAXXX5410610696}{4:{177:0404021720}{451:0}}{1:F01VZCRVECAAXXX5410610696}{2:09501717040402VZCRVECAAXXX40812675430404021720N}{3:{108:SCONNECT}}{4:
:20:MI090123
:25:1111111111
:28C:0547/208
:60M:D090123VEF000028857718,26
:61:090123D000000145416,46NTRF000000036425//180007
PAGO
:61:090123D000000009565,52NTRF000003399609//180007
PAGO
:61:090123D000000000189,19NTRF000003399509//180007
PAGO
:61:090123D000000160476,89NTRF000003398509//180007
PAGO
:61:090123D000000000539,00NTRF000003396109//180007
PAGO
:61:090123D000000117021,66NTRF000003396009//180007
PAGO
:61:090123D000000007260,76NTRF000000080505//180007
PAGO
:61:090123D000000208840,45NTRF000000080484//180007
PAGO
:61:090123D000000029247,02NTRF000000080483//180007
PAGO
:62M:D090123VEF000029536275,21
-}{5:{CHK:1143FB20924B}}{S:{COP:S}}${1:F21VZCRVECAAXXX5410610696}{4:{177:0404021720}{451:0}}{1:F01VZCRVECAAXXX5410610696}{2:09501717040402VZCRVECAAXXX40812675430404021720N}{3:{108:SCONNECT}}{4:
:20:MI090123
:25:1111111111
:28C:0547/209
:60M:D090123VEF000029536275,21
:61:090123D000000372108,49NTRF000000080482//180007
PAGO
:61:090123D000000000299,50NTRF000022010361//180007
PAGO
:61:090123D000000001119,50NTRF000022010360//180007
PAGO
:61:090123D000000000599,50NTRF000022010359//180007
PAGO
:61:090123D000000000469,50NTRF000022010358//180007
PAGO
:61:090123D000000000649,50NTRF000022010357//180007
PAGO
:61:090123D000000000999,50NTRF000022010356//180007
PAGO
:61:090123D000000000799,50NTRF000022010355//180007
PAGO
:61:090123D000000000558,50NTRF000022010354//180007
PAGO
:62M:D090123VEF000029913878,70
-}{5:{CHK:1143FB20924B}}{S:{COP:S}}${1:F21VZCRVECAAXXX5410610696}{4:{177:0404021720}{451:0}}{1:F01VZCRVECAAXXX5410610696}{2:09501717040402VZCRVECAAXXX40812675430404021720N}{3:{108:SCONNECT}}{4:
:20:MI090123
:25:1111111111
:28C:0547/210
:60M:D090123VEF000029913878,70
:61:090123D000000000478,50NTRF000022010353//180007
PAGO
:61:090123D000000000028,76NTRF000090381681//180007
PAGO
:61:090123D000000000235,59NTRF000090381680//180007
PAGO
:61:090123D000000000062,15NTRF000090381679//180007
PAGO
:61:090123D000000007218,00NTRF000090381678//180007
PAGO
:61:090123D000000016338,00NTRF000090381677//180007
PAGO
:61:090123D000000002909,43NTRF000090381676//180007
PAGO
:61:090123D000000003115,76NTRF000000080219//180007
PAGO
:61:090123D000000000451,12NTRF000000080218//180007
PAGO
:62M:D090123VEF000029944716,01
-}{5:{CHK:1143FB20924B}}{S:{COP:S}}${1:F21VZCRVECAAXXX5410610696}{4:{177:0404021720}{451:0}}{1:F01VZCRVECAAXXX5410610696}{2:09501717040402VZCRVECAAXXX40812675430404021720N}{3:{108:SCONNECT}}{4:
:20:MI090123
:25:1111111111
:28C:0547/211
:60M:D090123VEF000029944716,01
:61:090123D000000015021,98NTRF000000080217//180007
PAGO
:61:090123D000000000392,00NTRF000000080216//180007
PAGO
:61:090123D000000013156,42NTRF000000080215//180007
PAGO
:61:090123D000000002610,18NTRF000000080214//180007
PAGO
:61:090123D000000000533,33NTRF000000080213//180007
PAGO
:61:090123D000000002290,15NTRF000000080212//180007
PAGO
:61:090123D000000004012,12NTRF000000080210//180007
PAGO
:61:090123D000000000250,00NTRF000081409396//180007
PAGO
:61:090123D000000022320,63NTRF000081379712//180007
PAGO
:62M:D090123VEF000030005302,82
-}{5:{CHK:1143FB20924B}}{S:{COP:S}}${1:F21VZCRVECAAXXX5410610696}{4:{177:0404021720}{451:0}}{1:F01VZCRVECAAXXX5410610696}{2:09501717040402VZCRVECAAXXX40812675430404021720N}{3:{108:SCONNECT}}{4:
:20:MI090123
:25:1111111111
:28C:0547/212
:60M:D090123VEF000030005302,82
:61:090123D000000001096,64NTRF000081260622//180007
PAGO
:61:090123D000000001954,73NTRF000081255813//180007
PAGO
:61:090123D000000008310,00NTRF000081189365//180007
PAGO
:61:090123D000000000300,00NTRF000080971808//180007
PAGO
:61:090123D000000002000,00NTRF000080802294//180007
PAGO
:61:090123D000000001480,00NTRF000080302105//180007
PAGO
:61:090123D000000002633,74NTRF000080029184//180007
PAGO
:61:090123D000000000093,00NTRF000044463900//180007
PAGO
:61:090123D000000000232,00NTRF000044337670//180007
PAGO
:62M:D090123VEF000030023402,93
-}{5:{CHK:1143FB20924B}}{S:{COP:S}}${1:F21VZCRVECAAXXX5410610696}{4:{177:0404021720}{451:0}}{1:F01VZCRVECAAXXX5410610696}{2:09501717040402VZCRVECAAXXX40812675430404021720N}{3:{108:SCONNECT}}{4:
:20:MI090123
:25:1111111111
:28C:0547/213
:60M:D090123VEF000030023402,93
:61:090123D000000000245,33NTRF000044033495//180007
PAGO
:61:090123D000000000100,00NTRF000044018216//180007
PAGO
:61:090123D000000001000,00NTRF000044017520//180007
PAGO
:61:090123D000000001000,00NTRF000044006540//180007
PAGO
:61:090123D000000000200,00NTRF000043995980//180007
PAGO
:61:090123D000000001500,00NTRF000043139938//180007
PAGO
:61:090123D000000000150,00NTRF000043075055//180007
PAGO
:61:090123D000000000400,00NTRF000011212853//180007
PAGO
:61:090123D000000000480,00NTRF000011183460//180007
PAGO
:62M:D090123VEF000030028478,26
-}{5:{CHK:1143FB20924B}}{S:{COP:S}}${1:F21VZCRVECAAXXX5410610696}{4:{177:0404021720}{451:0}}{1:F01VZCRVECAAXXX5410610696}{2:09501717040402VZCRVECAAXXX40812675430404021720N}{3:{108:SCONNECT}}{4:
:20:MI090123
:25:1111111111
:28C:0547/214
:60M:D090123VEF000030028478,26
:61:090123D000000001855,00NTRF000011104028//180007
PAGO
:61:090123D000000000350,00NTRF000010824073//180007
PAGO
:61:090123D000000000902,00NTRF000010728409//180007
PAGO
:61:090123D000000000070,72NTRF000010389442//180007
PAGO
:61:090123D000000000400,00NTRF000010327974//180007
PAGO
:61:090123D000000000120,00NTRF000010050821//180007
PAGO
:61:090123D000000000088,50NTRF000073851338//180007
PAGO
:61:090123D000000000370,00NTRF000072974249//180007
PAGO
:61:090123D000000000209,98NTRF000072655738//180007
PAGO
:62M:D090123VEF000030032844,46
-}{5:{CHK:1143FB20924B}}{S:{COP:S}}${1:F21VZCRVECAAXXX5410610696}{4:{177:0404021720}{451:0}}{1:F01VZCRVECAAXXX5410610696}{2:09501717040402VZCRVECAAXXX40812675430404021720N}{3:{108:SCONNECT}}{4:
:20:MI090123
:25:1111111111
:28C:0547/215
:60M:D090123VEF000030032844,46
:61:090123D000000000500,00NTRF000072082196//180007
PAGO
:61:090123D000000001900,00NTRF000071958686//180007
PAGO
:61:090123D000000000500,00NTRF000071239025//180007
PAGO
:61:090123D000000000146,00NTRF000071099115//180007
PAGO
:61:090123D000000001000,00NTRF000070944057//180007
PAGO
:61:090123D000000000500,00NTRF000037065619//180007
PAGO
:61:090123D000000000004,00NTRF000037022670//180007
PAGO
:61:090123D000000000800,00NTRF000036833558//180007
PAGO
:61:090123D000000000050,00NTRF000036046867//180007
PAGO
:62M:D090123VEF000030038244,46
-}{5:{CHK:1143FB20924B}}{S:{COP:S}}${1:F21VZCRVECAAXXX5410610696}{4:{177:0404021720}{451:0}}{1:F01VZCRVECAAXXX5410610696}{2:09501717040402VZCRVECAAXXX40812675430404021720N}{3:{108:SCONNECT}}{4:
:20:MI090123
:25:1111111111
:28C:0547/216
:60M:D090123VEF000030038244,46
:61:090123D000000000100,00NTRF000035998675//180007
PAGO
:61:090123D000000000310,00NTRF000035981810//180007
PAGO
:61:090123D000000000450,00NTRF000035573271//180007
PAGO
:61:090123D000000000600,00NTRF000035487939//180007
PAGO
:61:090123D000000001000,00NTRF000034921821//180007
PAGO
:61:090123D000000001000,00NTRF000006177033//180007
PAGO
:61:090123D000000001000,00NTRF000006114033//180007
PAGO
:61:090123D000000001000,00NTRF000006057033//180007
PAGO
:61:090123D000000001000,00NTRF000005965033//180007
PAGO
:62M:D090123VEF000030044704,46
-}{5:{CHK:1143FB20924B}}{S:{COP:S}}${1:F21VZCRVECAAXXX5410610696}{4:{177:0404021720}{451:0}}{1:F01VZCRVECAAXXX5410610696}{2:09501717040402VZCRVECAAXXX40812675430404021720N}{3:{108:SCONNECT}}{4:
:20:MI090123
:25:1111111111
:28C:0547/217
:60M:D090123VEF000030044704,46
:61:090123D000000000300,00NTRF000005809872//180007
PAGO
:61:090123D000000000503,59NTRF000005781205//180007
PAGO
:61:090123D000000001000,00NTRF000005570293//180007
PAGO
:61:090123D000000000200,00NTRF000005446655//180007
PAGO
:61:090123D000000000200,00NTRF000005035428//180007
PAGO
:61:090123D000000000350,00NTRF000095289087//180007
PAGO
:61:090123D000000005400,00NTRF000094938969//180007
PAGO
:61:090123D000000005250,00NTRF000094821523//180007
PAGO
:61:090123D000000000240,00NTRF000094726448//180007
PAGO
:62M:D090123VEF000030058148,05
-}{5:{CHK:1143FB20924B}}{S:{COP:S}}${1:F21VZCRVECAAXXX5410610696}{4:{177:0404021720}{451:0}}{1:F01VZCRVECAAXXX5410610696}{2:09501717040402VZCRVECAAXXX40812675430404021720N}{3:{108:SCONNECT}}{4:
:20:MI090123
:25:1111111111
:28C:0547/218
:60M:D090123VEF000030058148,05
:61:090123D000000001000,00NTRF000094724871//180007
PAGO
:61:090123D000000000040,00NTRF000094708088//180007
PAGO
:61:090123D000000000180,00NTRF000094450830//180007
PAGO
:61:090123D000000000290,00NTRF000094128079//180007
PAGO
:61:090123D000000002000,00NTRF000094099642//180007
PAGO
:61:090123D000000001680,00NTRF000076960021//180007
PAGO
:61:090123D000000000065,00NTRF000076825420//180007
PAGO
:61:090123D000000004279,00NTRF000076774910//180007
PAGO
:61:090123D000000018421,64NTRF000076710984//180007
PAGO
:62M:D090123VEF000030086103,69
-}{5:{CHK:1143FB20924B}}{S:{COP:S}}${1:F21VZCRVECAAXXX5410610696}{4:{177:0404021720}{451:0}}{1:F01VZCRVECAAXXX5410610696}{2:09501717040402VZCRVECAAXXX40812675430404021720N}{3:{108:SCONNECT}}{4:
:20:MI090123
:25:1111111111
:28C:0547/219
:60M:D090123VEF000030086103,69
:61:090123D000000000307,00NTRF000076577702//180007
PAGO
:61:090123D000000000250,00NTRF000076472444//180007
PAGO
:61:090123D000000001518,00NTRF000076450602//180007
PAGO
:61:090123D000000008088,44NTRF000076443645//180007
PAGO
:61:090123D000000000065,00NTRF000076435183//180007
PAGO
:61:090123D000000002000,00NTRF000060194606//180007
PAGO
:61:090123D000000000500,00NTRF000060020458//180007
PAGO
:61:090123D000000000120,00NTRF000059913192//180007
PAGO
:61:090123D000000003000,00NTRF000059883678//180007
PAGO
:62M:D090123VEF000030101952,13
-}{5:{CHK:1143FB20924B}}{S:{COP:S}}${1:F21VZCRVECAAXXX5410610696}{4:{177:0404021720}{451:0}}{1:F01VZCRVECAAXXX5410610696}{2:09501717040402VZCRVECAAXXX40812675430404021720N}{3:{108:SCONNECT}}{4:
:20:MI090123
:25:1111111111
:28C:0547/220
:60M:D090123VEF000030101952,13
:61:090123D000000000315,87NTRF000059875010//180007
PAGO
:61:090123D000000012000,00NTRF000059851473//180007
PAGO
:61:090123D000000000261,01NTRF000059839442//180007
PAGO
:61:090123D000000000200,00NTRF000059815705//180007
PAGO
:61:090123D000000000450,00NTRF000059762185//180007
PAGO
:61:090123D000000000700,00NTRF000041772727//180007
PAGO
:61:090123D000000000320,00NTRF000041729977//180007
PAGO
:61:090123D000000002500,00NTRF000041587588//180007
PAGO
:61:090123D000000000200,00NTRF000041102875//180007
PAGO
:62M:D090123VEF000030118899,01
-}{5:{CHK:1143FB20924B}}{S:{COP:S}}${1:F21VZCRVECAAXXX5410610696}{4:{177:0404021720}{451:0}}{1:F01VZCRVECAAXXX5410610696}{2:09501717040402VZCRVECAAXXX40812675430404021720N}{3:{108:SCONNECT}}{4:
:20:MI090123
:25:1111111111
:28C:0547/221
:60M:D090123VEF000030118899,01
:61:090123D000000005000,00NTRF000041081535//180007
PAGO
:61:090123D000000002523,06NTRF000041081097//180007
PAGO
:61:090123D000001000000,00NTRF000041038329//180007
PAGO
:61:090123D000000000486,53NTRF000041018145//180007
PAGO
:61:090123D000000000500,00NTRF000040932576//180007
PAGO
:61:090123D000000000350,00NTRF000023545013//180007
PAGO
:61:090123D000000000150,00NTRF000023467515//180007
PAGO
:61:090123D000000004179,15NTRF000023384364//180007
PAGO
:61:090123D000000001400,00NTRF000023379902//180007
PAGO
:62M:D090123VEF000031133487,75
-}{5:{CHK:1143FB20924B}}{S:{COP:S}}${1:F21VZCRVECAAXXX5410610696}{4:{177:0404021720}{451:0}}{1:F01VZCRVECAAXXX5410610696}{2:09501717040402VZCRVECAAXXX40812675430404021720N}{3:{108:SCONNECT}}{4:
:20:MI090123
:25:1111111111
:28C:0547/222
:60M:D090123VEF000031133487,75
:61:090123D000000000100,00NTRF000023087249//180007
PAGO
:61:090123D000000002500,00NTRF000022903302//180007
PAGO
:61:090123D000000000300,00NTRF000022884209//180007
PAGO
:61:090123D000000000020,00NTRF000022817572//180007
PAGO
:61:090123D000000000300,00NTRF000022784987//180007
PAGO
:61:090123D000000000500,00NTRF000005808413//180007
PAGO
:61:090123D000000000031,00NTRF000005789247//180007
PAGO
:61:090123D000000000140,00NTRF000005744441//180007
PAGO
:61:090123D000000000350,00NTRF000005680697//180007
PAGO
:62M:D090123VEF000031137728,75
-}{5:{CHK:1143FB20924B}}{S:{COP:S}}${1:F21VZCRVECAAXXX5410610696}{4:{177:0404021720}{451:0}}{1:F01VZCRVECAAXXX5410610696}{2:09501717040402VZCRVECAAXXX40812675430404021720N}{3:{108:SCONNECT}}{4:
:20:MI090123
:25:1111111111
:28C:0547/223
:60M:D090123VEF000031137728,75
:61:090123D000000002851,00NTRF000005594657//180007
PAGO
:61:090123D000000000100,00NTRF000005266518//180007
PAGO
:61:090123D000000000025,00NTRF000005011285//180007
PAGO
:61:090123D000000000330,14NTRF000004737453//180007
PAGO
:61:090123D000000000990,00NTRF000004705978//180007
PAGO
:61:090123D000000000150,00NTRF000084241811//180007
PAGO
:61:090123D000000000065,00NTRF000084241390//180007
PAGO
:61:090123D000000000400,00NTRF000084119622//180007
PAGO
:61:090123D000000000300,00NTRF000084096867//180007
PAGO
:62M:D090123VEF000031142939,89
-}{5:{CHK:1143FB20924B}}{S:{COP:S}}${1:F21VZCRVECAAXXX5410610696}{4:{177:0404021720}{451:0}}{1:F01VZCRVECAAXXX5410610696}{2:09501717040402VZCRVECAAXXX40812675430404021720N}{3:{108:SCONNECT}}{4:
:20:MI090123
:25:1111111111
:28C:0547/224
:60M:D090123VEF000031142939,89
:61:090123D000000000350,00NTRF000084004114//180007
PAGO
:61:090123D000000001029,96NTRF000083888398//180007
PAGO
:61:090123D000000000800,00NTRF000083543823//180007
PAGO
:61:090123D000000000400,00NTRF000083497822//180007
PAGO
:61:090123D000000000400,00NTRF000083431822//180007
PAGO
:61:090123D000000000150,00NTRF000055349773//180007
PAGO
:61:090123D000000003000,00NTRF000055270207//180007
PAGO
:61:090123D000000000150,00NTRF000055269773//180007
PAGO
:61:090123D000000001806,00NTRF000055185674//180007
PAGO
:62M:D090123VEF000031151025,85
-}{5:{CHK:1143FB20924B}}{S:{COP:S}}${1:F21VZCRVECAAXXX5410610696}{4:{177:0404021720}{451:0}}{1:F01VZCRVECAAXXX5410610696}{2:09501717040402VZCRVECAAXXX40812675430404021720N}{3:{108:SCONNECT}}{4:
:20:MI090123
:25:1111111111
:28C:0547/225
:60M:D090123VEF000031151025,85
:61:090123D000000001600,00NTRF000055153617//180007
PAGO
:61:090123D000000000500,00NTRF000055109690//180007
PAGO
:61:090123D000000000500,00NTRF000054940906//180007
PAGO
:61:090123D000000002000,00NTRF000054786536//180007
PAGO
:61:090123D000000000152,79NTRF000054648757//180007
PAGO
:61:090123D000000000440,00NTRF000032062865//180007
PAGO
:61:090123D000000000100,00NTRF000032060255//180007
PAGO
:61:090123D000000000200,00NTRF000031874519//180007
PAGO
:61:090123D000000000400,00NTRF000031837355//180007
PAGO
:62M:D090123VEF000031156918,64
-}{5:{CHK:1143FB20924B}}{S:{COP:S}}${1:F21VZCRVECAAXXX5410610696}{4:{177:0404021720}{451:0}}{1:F01VZCRVECAAXXX5410610696}{2:09501717040402VZCRVECAAXXX40812675430404021720N}{3:{108:SCONNECT}}{4:
:20:MI090123
:25:1111111111
:28C:0547/226
:60M:D090123VEF000031156918,64
:61:090123D000000000150,00NTRF000031632176//180007
PAGO
:61:090123D000000000060,00NTRF000031294956//180007
PAGO
:61:090123D000000002095,00NTRF000031161764//180007
PAGO
:61:090123D000000000774,22NTRF000030895381//180007
PAGO
:61:090123D000000002000,00NTRF000029982573//180007
PAGO
:61:090123D000000001000,00NTRF000009629968//180007
PAGO
:61:090123D000000000950,00NTRF000009191644//180007
PAGO
:61:090123D000000000001,00NTRF000008878160//180007
PAGO
:61:090123D000000000500,00NTRF000008830434//180007
PAGO
:62M:D090123VEF000031164448,86
-}{5:{CHK:1143FB20924B}}{S:{COP:S}}${1:F21VZCRVECAAXXX5410610696}{4:{177:0404021720}{451:0}}{1:F01VZCRVECAAXXX5410610696}{2:09501717040402VZCRVECAAXXX40812675430404021720N}{3:{108:SCONNECT}}{4:
:20:MI090123
:25:1111111111
:28C:0547/227
:60M:D090123VEF000031164448,86
:61:090123D000000000160,00NTRF000008812539//180007
PAGO
:61:090123D000000000880,00NTRF000008723819//180007
PAGO
:61:090123D000000000190,00NTRF000008711247//180007
PAGO
:61:090123D000000000600,00NTRF000008440119//180007
PAGO
:61:090123D000000004000,00NTRF000008355457//180007
PAGO
:61:090123D000000084566,60NTRF000000036424//180007
PAGO
:61:090123D000000003300,00NTRF000000036423//180007
PAGO
:61:090123D000000012401,68NTRF000000036422//180007
PAGO
:61:090123D000000419288,00NTRF000000036421//180007
PAGO
:62M:D090123VEF000031689835,14
-}{5:{CHK:1143FB20924B}}{S:{COP:S}}${1:F21VZCRVECAAXXX5410610696}{4:{177:0404021720}{451:0}}{1:F01VZCRVECAAXXX5410610696}{2:09501717040402VZCRVECAAXXX40812675430404021720N}{3:{108:SCONNECT}}{4:
:20:MI090123
:25:1111111111
:28C:0547/228
:60M:D090123VEF000031689835,14
:61:090123D000000011917,96NTRF000000036420//180007
PAGO
:61:090123D000000027537,59NTRF000000036419//180007
PAGO
:61:090123D000000049537,36NTRF000000036418//180007
PAGO
:61:090123D000000008726,30NTRF000000036417//180007
PAGO
:61:090123D000000053707,80NTRF000000036416//180007
PAGO
:61:090123D000000108252,32NTRF000000080481//180007
PAGO
:61:090123D000000097919,14NTRF000000080480//180007
PAGO
:61:090123D000000039313,08NTRF000000080479//180007
PAGO
:61:090123D000000067830,42NTRF000000080478//180007
PAGO
:62M:D090123VEF000032154577,11
-}{5:{CHK:1143FB20924B}}{S:{COP:S}}${1:F21VZCRVECAAXXX5410610696}{4:{177:0404021720}{451:0}}{1:F01VZCRVECAAXXX5410610696}{2:09501717040402VZCRVECAAXXX40812675430404021720N}{3:{108:SCONNECT}}{4:
:20:MI090123
:25:1111111111
:28C:0547/229
:60M:D090123VEF000032154577,11
:61:090123D000000083629,72NTRF000000080477//180007
PAGO
:61:090123D000000000501,25NTRF000000080476//180007
PAGO
:61:090123D000000082750,00NTRF000000080475//180007
PAGO
:61:090123D000000000755,62NTRF000000080474//180007
PAGO
:61:090123D000000000023,46NTRF000000080473//180007
PAGO
:61:090123D000000001099,50NTRF000022010352//180007
PAGO
:61:090123D000000004299,50NTRF000022010351//180007
PAGO
:61:090123D000000005659,50NTRF000022010350//180007
PAGO
:61:090123D000000003289,50NTRF000022010349//180007
PAGO
:62M:D090123VEF000032336585,16
-}{5:{CHK:1143FB20924B}}{S:{COP:S}}${1:F21VZCRVECAAXXX5410610696}{4:{177:0404021720}{451:0}}{1:F01VZCRVECAAXXX5410610696}{2:09501717040402VZCRVECAAXXX40812675430404021720N}{3:{108:SCONNECT}}{4:
:20:MI090123
:25:1111111111
:28C:0547/230
:60M:D090123VEF000032336585,16
:61:090123D000000000847,50NTRF000022010348//180007
PAGO
:61:090123D000000001799,50NTRF000022010347//180007
PAGO
:61:090123D000000005899,32NTRF000022010346//180007
PAGO
:61:090123D000000010487,83NTRF000022010345//180007
PAGO
:61:090123D000000002683,56NTRF000022010344//180007
PAGO
:61:090123D000000001439,30NTRF000090381675//180007
PAGO
:61:090123D000000000087,12NTRF000090381674//180007
PAGO
:61:090123D000000000439,00NTRF000090381673//180007
PAGO
:61:090123D000000000312,00NTRF000020136949//180007
PAGO
:62M:D090123VEF000032360580,29
-}{5:{CHK:1143FB20924B}}{S:{COP:S}}${1:F21VZCRVECAAXXX5410610696}{4:{177:0404021720}{451:0}}{1:F01VZCRVECAAXXX5410610696}{2:09501717040402VZCRVECAAXXX40812675430404021720N}{3:{108:SCONNECT}}{4:
:20:MI090123
:25:1111111111
:28C:0547/231
:60M:D090123VEF000032360580,29
:61:090123D000000000312,50NTRF000020136948//180007
PAGO
:61:090123D000000000527,50NTRF000020136947//180007
PAGO
:61:090123D000000000228,00NTRF000020136944//180007
PAGO
:61:090123D000000001039,62NTRF000020136942//180007
PAGO
:61:090123D000000002058,00NTRF000020136941//180007
PAGO
:61:090123D000000001500,00NTRF000000080209//180007
PAGO
:61:090123D000000010916,22NTRF000000080208//180007
PAGO
:61:090123D000000000765,00NTRF000000080207//180007
PAGO
:61:090123D000000029876,29NTRF000000080206//180007
PAGO
:62M:D090123VEF000032407803,42
-}{5:{CHK:1143FB20924B}}{S:{COP:S}}${1:F21VZCRVECAAXXX5410610696}{4:{177:0404021720}{451:0}}{1:F01VZCRVECAAXXX5410610696}{2:09501717040402VZCRVECAAXXX40812675430404021720N}{3:{108:SCONNECT}}{4:
:20:MI090123
:25:1111111111
:28C:0547/232
:60M:D090123VEF000032407803,42
:61:090123D000000004798,60NTRF000000080205//180007
PAGO
:61:090123D000000023340,00NTRF000000080204//180007
PAGO
:61:090123D000000031069,84NTRF000000080203//180007
PAGO
:61:090123D000000020231,98NTRF000000080202//180007
PAGO
:61:090123D000000008339,45NTRF000000080200//180007
PAGO
:61:090123D000000000750,00NTRF000079972882//180007
PAGO
:61:090123D000000005000,00NTRF000079734256//180007
PAGO
:61:090123D000000021800,00NTRF000079327066//180007
PAGO
:61:090123D000000001000,00NTRF000078764531//180007
PAGO
:62M:D090123VEF000032524133,29
-}{5:{CHK:1143FB20924B}}{S:{COP:S}}${1:F21VZCRVECAAXXX5410610696}{4:{177:0404021720}{451:0}}{1:F01VZCRVECAAXXX5410610696}{2:09501717040402VZCRVECAAXXX40812675430404021720N}{3:{108:SCONNECT}}{4:
:20:MI090123
:25:1111111111
:28C:0547/233
:60M:D090123VEF000032524133,29
:61:090123D000000000100,00NTRF000078639425//180007
PAGO
:61:090123D000000000080,00NTRF000078273493//180007
PAGO
:61:090123D000000000600,00NTRF000077896548//180007
PAGO
:61:090123D000000000700,00NTRF000077770823//180007
PAGO
:61:090123D000000001305,00NTRF000042829238//180007
PAGO
:61:090123D000000000300,00NTRF000042664270//180007
PAGO
:61:090123D000000001100,00NTRF000042583860//180007
PAGO
:61:090123D000000000619,00NTRF000042491093//180007
PAGO
:61:090123D000000006000,00NTRF000042329908//180007
PAGO
:62M:D090123VEF000032534937,29
-}{5:{CHK:1143FB20924B}}{S:{COP:S}}${1:F21VZCRVECAAXXX5410610696}{4:{177:0404021720}{451:0}}{1:F01VZCRVECAAXXX5410610696}{2:09501717040402VZCRVECAAXXX40812675430404021720N}{3:{108:SCONNECT}}{4:
:20:MI090123
:25:1111111111
:28C:0547/234
:60M:D090123VEF000032534937,29
:61:090123D000000001500,00NTRF000041336493//180007
PAGO
:61:090123D000000013080,00NTRF000040414955//180007
PAGO
:61:090123D000000003261,14NTRF000040063722//180007
PAGO
:61:090123D000000000500,00NTRF000040002618//180007
PAGO
:61:090123D000000000250,00NTRF000010039253//180007
PAGO
:61:090123D000000001450,42NTRF000009718442//180007
PAGO
:61:090123D000000003120,29NTRF000009369781//180007
PAGO
:61:090123D000000023500,00NTRF000009249257//180007
PAGO
:61:090123D000000000800,00NTRF000009233055//180007
PAGO
:62M:D090123VEF000032582399,14
-}{5:{CHK:1143FB20924B}}{S:{COP:S}}${1:F21VZCRVECAAXXX5410610696}{4:{177:0404021720}{451:0}}{1:F01VZCRVECAAXXX5410610696}{2:09501717040402VZCRVECAAXXX40812675430404021720N}{3:{108:SCONNECT}}{4:
:20:MI090123
:25:1111111111
:28C:0547/235
:60M:D090123VEF000032582399,14
:61:090123D000000003500,00NTRF000009060256//180007
PAGO
:61:090123D000000001000,00NTRF000008912141//180007
PAGO
:61:090123D000000003000,00NTRF000008886630//180007
PAGO
:61:090123D000000000500,00NTRF000008642535//180007
PAGO
:61:090123D000000000700,00NTRF000070754753//180007
PAGO
:61:090123D000000004800,00NTRF000070685966//180007
PAGO
:61:090123D000000000500,00NTRF000070685495//180007
PAGO
:61:090123D000000001500,00NTRF000070015081//180007
PAGO
:61:090123D000000000180,00NTRF000070005154//180007
PAGO
:62M:D090123VEF000032598079,14
-}{5:{CHK:1143FB20924B}}{S:{COP:S}}${1:F21VZCRVECAAXXX5410610696}{4:{177:0404021720}{451:0}}{1:F01VZCRVECAAXXX5410610696}{2:09501717040402VZCRVECAAXXX40812675430404021720N}{3:{108:SCONNECT}}{4:
:20:MI090123
:25:1111111111
:28C:0547/236
:60M:D090123VEF000032598079,14
:61:090123D000000000180,00NTRF000069957154//180007
PAGO
:61:090123D000000000350,00NTRF000069442334//180007
PAGO
:61:090123D000000000150,00NTRF000069438083//180007
PAGO
:61:090123D000000000800,00NTRF000069386540//180007
PAGO
:61:090123D000000001000,00NTRF000034877821//180007
PAGO
:61:090123D000000000200,00NTRF000034807717//180007
PAGO
:61:090123D000000000200,00NTRF000034766717//180007
PAGO
:61:090123D000000000150,00NTRF000034745769//180007
PAGO
:61:090123D000000000200,00NTRF000034573887//180007
PAGO
:62M:D090123VEF000032601309,14
-}{5:{CHK:1143FB20924B}}{S:{COP:S}}${1:F21VZCRVECAAXXX5410610696}{4:{177:0404021720}{451:0}}{1:F01VZCRVECAAXXX5410610696}{2:09501717040402VZCRVECAAXXX40812675430404021720N}{3:{108:SCONNECT}}{4:
:20:MI090123
:25:1111111111
:28C:0547/237
:60M:D090123VEF000032601309,14
:61:090123D000000009000,00NTRF000034106062//180007
PAGO
:61:090123D000000002000,00NTRF000033854306//180007
PAGO
:61:090123D000000004000,00NTRF000033635353//180007
PAGO
:61:090123D000000000200,00NTRF000033097141//180007
PAGO
:61:090123D000000000098,00NTRF000004879474//180007
PAGO
:61:090123D000000001600,00NTRF000004200015//180007
PAGO
:61:090123D000000000300,00NTRF000003949701//180007
PAGO
:61:090123D000000000030,00NTRF000003274779//180007
PAGO
:61:090123D000000000200,00NTRF000003217405//180007
PAGO
:62M:D090123VEF000032618737,14
-}{5:{CHK:1143FB20924B}}{S:{COP:S}}${1:F21VZCRVECAAXXX5410610696}{4:{177:0404021720}{451:0}}{1:F01VZCRVECAAXXX5410610696}{2:09501717040402VZCRVECAAXXX40812675430404021720N}{3:{108:SCONNECT}}{4:
:20:MI090123
:25:1111111111
:28C:0547/238
:60M:D090123VEF000032618737,14
:61:090123D000000000100,00NTRF000003145172//180007
PAGO
:61:090123D000000000930,00NTRF000002705316//180007
PAGO
:61:090123D000000004500,00NTRF000002510165//180007
PAGO
:61:090123D000000000100,00NTRF000001947308//180007
PAGO
:61:090123D000002636251,33NTRF000000036345//180007
PAGO
:61:090123D000000000240,00NTRF000094069234//180007
PAGO
:61:090123D000000000300,00NTRF000094061789//180007
PAGO
:61:090123D000000005728,77NTRF000094005346//180007
PAGO
:61:090123D000000001076,00NTRF000093992462//180007
PAGO
:62M:D090123VEF000035267963,24
-}{5:{CHK:1143FB20924B}}{S:{COP:S}}${1:F21VZCRVECAAXXX5410610696}{4:{177:0404021720}{451:0}}{1:F01VZCRVECAAXXX5410610696}{2:09501717040402VZCRVECAAXXX40812675430404021720N}{3:{108:SCONNECT}}{4:
:20:MI090123
:25:1111111111
:28C:0547/239
:60M:D090123VEF000035267963,24
:61:090123D000000001500,00NTRF000093987366//180007
PAGO
:61:090123D000000000120,00NTRF000093942967//180007
PAGO
:61:090123D000000001782,00NTRF000093807657//180007
PAGO
:61:090123D000000000238,00NTRF000093565493//180007
PAGO
:61:090123D000000003465,00NTRF000093558030//180007
PAGO
:61:090123D000000000400,00NTRF000076331716//180007
PAGO
:61:090123D000000001000,00NTRF000076317879//180007
PAGO
:61:090123D000000000200,00NTRF000076238257//180007
PAGO
:61:090123D000000000565,00NTRF000076223902//180007
PAGO
:62M:D090123VEF000035277233,24
-}{5:{CHK:1143FB20924B}}{S:{COP:S}}${1:F21VZCRVECAAXXX5410610696}{4:{177:0404021720}{451:0}}{1:F01VZCRVECAAXXX5410610696}{2:09501717040402VZCRVECAAXXX40812675430404021720N}{3:{108:SCONNECT}}{4:
:20:MI090123
:25:1111111111
:28C:0547/240
:60M:D090123VEF000035277233,24
:61:090123D000000001473,92NTRF000076180945//180007
PAGO
:61:090123D000000000253,32NTRF000076132320//180007
PAGO
:61:090123D000000010400,00NTRF000076080029//180007
PAGO
:61:090123D000000000336,83NTRF000075970989//180007
PAGO
:61:090123D000000000400,00NTRF000075926276//180007
PAGO
:61:090123D000000004000,00NTRF000059529732//180007
PAGO
:61:090123D000000001100,00NTRF000059528256//180007
PAGO
:61:090123D000000000530,00NTRF000059379526//180007
PAGO
:61:090123D000000000122,40NTRF000059335157//180007
PAGO
:62M:D090123VEF000035295849,71
-}{5:{CHK:1143FB20924B}}{S:{COP:S}}${1:F21VZCRVECAAXXX5410610696}{4:{177:0404021720}{451:0}}{1:F01VZCRVECAAXXX5410610696}{2:09501717040402VZCRVECAAXXX40812675430404021720N}{3:{108:SCONNECT}}{4:
:20:MI090123
:25:1111111111
:28C:0547/241
:60M:D090123VEF000035295849,71
:61:090123D000000000220,00NTRF000059324759//180007
PAGO
:61:090123D000000000920,00NTRF000058915813//180007
PAGO
:61:090123D000000000500,00NTRF000058871168//180007
PAGO
:61:090123D000000000500,00NTRF000058853976//180007
PAGO
:61:090123D000000010000,00NTRF000058744268//180007
PAGO
:61:090123D000000001100,00NTRF000040825615//180007
PAGO
:61:090123D000000000200,00NTRF000040737624//180007
PAGO
:61:090123D000000004000,00NTRF000040703617//180007
PAGO
:61:090123D000000000100,00NTRF000040650767//180007
PAGO
:62M:D090123VEF000035313389,71
-}{5:{CHK:1143FB20924B}}{S:{COP:S}}${1:F21VZCRVECAAXXX5410610696}{4:{177:0404021720}{451:0}}{1:F01VZCRVECAAXXX5410610696}{2:09501717040402VZCRVECAAXXX40812675430404021720N}{3:{108:SCONNECT}}{4:
:20:MI090123
:25:1111111111
:28C:0547/242
:60M:D090123VEF000035313389,71
:61:090123D000000000150,00NTRF000040574641//180007
PAGO
:61:090123D000000000300,00NTRF000040448124//180007
PAGO
:61:090123D000000000100,00NTRF000040415422//180007
PAGO
:61:090123D000000001560,00NTRF000040005452//180007
PAGO
:61:090123D000000000800,00NTRF000039964186//180007
PAGO
:61:090123D000000001500,00NTRF000022272305//180007
PAGO
:61:090123D000000000180,00NTRF000022233080//180007
PAGO
:61:090123D000000000100,00NTRF000022229948//180007
PAGO
:61:090123D000000000500,00NTRF000022142798//180007
PAGO
:62M:D090123VEF000035318579,71
-}{5:{CHK:1143FB20924B}}{S:{COP:S}}${1:F21VZCRVECAAXXX5410610696}{4:{177:0404021720}{451:0}}{1:F01VZCRVECAAXXX5410610696}{2:09501717040402VZCRVECAAXXX40812675430404021720N}{3:{108:SCONNECT}}{4:
:20:MI090123
:25:1111111111
:28C:0547/243
:60M:D090123VEF000035318579,71
:61:090123D000000000200,00NTRF000021979455//180007
PAGO
:61:090123D000000000700,00NTRF000021844979//180007
PAGO
:61:090123D000000001320,00NTRF000021358983//180007
PAGO
:61:090123D000000001000,00NTRF000020741473//180007
PAGO
:61:090123D000000002500,00NTRF000020674950//180007
PAGO
:61:090123D000000000157,05NTRF000004531361//180007
PAGO
:61:090123D000000001200,00NTRF000004176073//180007
PAGO
:61:090123D000000000300,00NTRF000004142586//180007
PAGO
:61:090123D000000223000,00NTRF000004021259//180007
PAGO
:62M:D090123VEF000035548956,76
-}{5:{CHK:1143FB20924B}}{S:{COP:S}}${1:F21VZCRVECAAXXX5410610696}{4:{177:0404021720}{451:0}}{1:F01VZCRVECAAXXX5410610696}{2:09501717040402VZCRVECAAXXX40812675430404021720N}{3:{108:SCONNECT}}{4:
:20:MI090123
:25:1111111111
:28C:0547/244
:60M:D090123VEF000035548956,76
:61:090123D000000001020,00NTRF000003952173//180007
PAGO
:61:090123D000000001800,00NTRF000003827220//180007
PAGO
:61:090123D000000015000,00NTRF000003749791//180007
PAGO
:61:090123D000000003340,00NTRF000003736254//180007
PAGO
:61:090123D000000000600,00NTRF000003644171//180007
PAGO
:61:090123D000000001100,00NTRF000083220204//180007
PAGO
:61:090123D000000001605,18NTRF000082773463//180007
PAGO
:61:090123D000000001100,00NTRF000082632204//180007
PAGO
:61:090123D000000000350,00NTRF000082309034//180007
PAGO
:62M:D090123VEF000035574871,94
-}{5:{CHK:1143FB20924B}}{S:{COP:S}}${1:F21VZCRVECAAXXX5410610696}{4:{177:0404021720}{451:0}}{1:F01VZCRVECAAXXX5410610696}{2:09501717040402VZCRVECAAXXX40812675430404021720N}{3:{108:SCONNECT}}{4:
:20:MI090123
:25:1111111111
:28C:0547/245
:60M:D090123VEF000035574871,94
:61:090123D000000000100,00NTRF000082194251//180007
PAGO
:61:090123D000000004763,00NTRF000081700530//180007
PAGO
:61:090123D000000000200,00NTRF000081601286//180007
PAGO
:61:090123D000000000635,00NTRF000081599042//180007
PAGO
:61:090123D000000000426,86NTRF000081550411//180007
PAGO
:61:090123D000000000108,98NTRF000054522271//180007
PAGO
:61:090123D000000000500,00NTRF000054506397//180007
PAGO
:61:090123D000000000235,42NTRF000054427186//180007
PAGO
:61:090123D000000000406,00NTRF000054376637//180007
PAGO
:62M:D090123VEF000035582247,20
-}{5:{CHK:1143FB20924B}}{S:{COP:S}}${1:F21VZCRVECAAXXX5410610696}{4:{177:0404021720}{451:0}}{1:F01VZCRVECAAXXX5410610696}{2:09501717040402VZCRVECAAXXX40812675430404021720N}{3:{108:SCONNECT}}{4:
:20:MI090123
:25:1111111111
:28C:0547/246
:60M:D090123VEF000035582247,20
:61:090123D000000000100,00NTRF000054280842//180007
PAGO
:61:090123D000000000200,00NTRF000054052791//180007
PAGO
:61:090123D000000005383,00NTRF000053746882//180007
PAGO
:61:090123D000000000300,00NTRF000053601880//180007
PAGO
:61:090123D000000000300,00NTRF000053599619//180007
PAGO
:61:090123D000000000410,00NTRF000029575270//180007
PAGO
:61:090123D000000001246,21NTRF000029554508//180007
PAGO
:61:090123D000000000300,00NTRF000029513001//180007
PAGO
:61:090123D000000000400,00NTRF000029288645//180007
PAGO
:62M:D090123VEF000035590886,41
-}{5:{CHK:1143FB20924B}}{S:{COP:S}}${1:F21VZCRVECAAXXX5410610696}{4:{177:0404021720}{451:0}}{1:F01VZCRVECAAXXX5410610696}{2:09501717040402VZCRVECAAXXX40812675430404021720N}{3:{108:SCONNECT}}{4:
:20:MI090123
:25:1111111111
:28C:0547/247
:60M:D090123VEF000035590886,41
:61:090123D000000000150,00NTRF000029243543//180007
PAGO
:61:090123D000000000400,00NTRF000029216645//180007
PAGO
:61:090123D000000000034,92NTRF000029202836//180007
PAGO
:61:090123D000000010897,55NTRF000029029212//180007
PAGO
:61:090123D000000000604,00NTRF000028780537//180007
PAGO
:61:090123D000000000450,00NTRF000008150495//180007
PAGO
:61:090123D000000000400,00NTRF000008147861//180007
PAGO
:61:090123D000000000400,00NTRF000008095861//180007
PAGO
:61:090123D000000000400,00NTRF000008039861//180007
PAGO
:62M:D090123VEF000035604622,88
-}{5:{CHK:1143FB20924B}}{S:{COP:S}}${1:F21VZCRVECAAXXX5410610696}{4:{177:0404021720}{451:0}}{1:F01VZCRVECAAXXX5410610696}{2:09501717040402VZCRVECAAXXX40812675430404021720N}{3:{108:SCONNECT}}{4:
:20:MI090123
:25:1111111111
:28C:0547/248
:60M:D090123VEF000035604622,88
:61:090123D000000000746,65NTRF000007832952//180007
PAGO
:61:090123D000000000070,00NTRF000007799421//180007
PAGO
:61:090123D000000001500,00NTRF000007555722//180007
PAGO
:61:090123D000000000800,00NTRF000007496382//180007
PAGO
:61:090123D000000000150,00NTRF000007379828//180007
PAGO
:61:090123D000000058997,53NTRF000000036415//180007
PAGO
:61:090123D000000127330,85NTRF000000036414//180007
PAGO
:61:090123D000000135578,69NTRF000000036413//180007
PAGO
:61:090123D000000048502,68NTRF000000036412//180007
PAGO
:62M:D090123VEF000035978299,28
-}{5:{CHK:1143FB20924B}}{S:{COP:S}}${1:F21VZCRVECAAXXX5410610696}{4:{177:0404021720}{451:0}}{1:F01VZCRVECAAXXX5410610696}{2:09501717040402VZCRVECAAXXX40812675430404021720N}{3:{108:SCONNECT}}{4:
:20:MI090123
:25:1111111111
:28C:0547/249
:60M:D090123VEF000035978299,28
:61:090123D000000208420,00NTRF000000036411//180007
PAGO
:61:090123D000000650907,09NTRF000000036410//180007
PAGO
:61:090123D000000015489,51NTRF000000036409//180007
PAGO
:61:090123D000000014773,76NTRF000000036408//180007
PAGO
:61:090123D000000043359,86NTRF000000036407//180007
PAGO
:61:090123D000000000179,75NTRF000000036319//180007
PAGO
:61:090123D000000002414,34NTRF000000036318//180007
PAGO
:61:090123D000000000028,14NTRF000000036317//180007
PAGO
:61:090123D000000078956,42NTRF000000036316//180007
PAGO
:62M:D090123VEF000036992828,15
-}{5:{CHK:1143FB20924B}}{S:{COP:S}}${1:F21VZCRVECAAXXX5410610696}{4:{177:0404021720}{451:0}}{1:F01VZCRVECAAXXX5410610696}{2:09501717040402VZCRVECAAXXX40812675430404021720N}{3:{108:SCONNECT}}{4:
:20:MI090123
:25:1111111111
:28C:0547/250
:60M:D090123VEF000036992828,15
:61:090123D000000014413,13NTRF000000036315//180007
PAGO
:61:090123D000000007707,22NTRF000000036314//180007
PAGO
:61:090123D000000001911,00NTRF000000036313//180007
PAGO
:61:090123D000000062641,56NTRF000000036312//180007
PAGO
:61:090123D000000000799,00NTRF000000036311//180007
PAGO
:61:090123D000000001282,90NTRF000022010343//180007
PAGO
:61:090123D000000001199,50NTRF000022010342//180007
PAGO
:61:090123D000000003226,92NTRF000022010341//180007
PAGO
:61:090123D000000001751,40NTRF000022010340//180007
PAGO
:62M:D090123VEF000037087760,78
-}{5:{CHK:1143FB20924B}}{S:{COP:S}}${1:F21VZCRVECAAXXX5410610696}{4:{177:0404021720}{451:0}}{1:F01VZCRVECAAXXX5410610696}{2:09501717040402VZCRVECAAXXX40812675430404021720N}{3:{108:SCONNECT}}{4:
:20:MI090123
:25:1111111111
:28C:0547/251
:60M:D090123VEF000037087760,78
:61:090123D000000002797,58NTRF000022010339//180007
PAGO
:61:090123D000000002679,93NTRF000022010338//180007
PAGO
:61:090123D000000000997,04NTRF000022010337//180007
PAGO
:61:090123D000000005134,66NTRF000022010336//180007
PAGO
:61:090123D000000005459,50NTRF000022010335//180007
PAGO
:61:090123D000000003371,76NTRF000020136940//180007
PAGO
:61:090123D000000000262,50NTRF000020136939//180007
PAGO
:61:090123D000000000401,05NTRF000020136938//180007
PAGO
:61:090123D000000000090,00NTRF000020136936//180007
PAGO
:62M:D090123VEF000037108954,80
-}{5:{CHK:1143FB20924B}}{S:{COP:S}}${1:F21VZCRVECAAXXX5410610696}{4:{177:0404021720}{451:0}}{1:F01VZCRVECAAXXX5410610696}{2:09501717040402VZCRVECAAXXX40812675430404021720N}{3:{108:SCONNECT}}{4:
:20:MI090123
:25:1111111111
:28C:0547/252
:60M:D090123VEF000037108954,80
:61:090123D000000010892,00NTRF000000010015//180007
PAGO
:61:090123D000000001664,15NTRF000000000055//180007
PAGO
:61:090123D000000003252,80NTRF000000000054//180007
PAGO
:61:090123D000000005084,40NTRF000000000053//180007
PAGO
:61:090123D000000002964,00NTRF000000000052//180007
PAGO
:61:090123D000000001370,00NTRF000000080199//180007
PAGO
:61:090123D000000004700,00NTRF000000080198//180007
PAGO
:61:090123D000000012870,93NTRF000000080197//180007
PAGO
:61:090123D000000000243,12NTRF000000080192//180007
PAGO
:62M:D090123VEF000037151996,20
-}{5:{CHK:1143FB20924B}}{S:{COP:S}}${1:F21VZCRVECAAXXX5410610696}{4:{177:0404021720}{451:0}}{1:F01VZCRVECAAXXX5410610696}{2:09501717040402VZCRVECAAXXX40812675430404021720N}{3:{108:SCONNECT}}{4:
:20:MI090123
:25:1111111111
:28C:0547/253
:60M:D090123VEF000037151996,20
:61:090123D000000005785,30NTRF000000080191//180007
PAGO
:61:090123D000000090076,96NTRF000000080190//180007
PAGO
:61:090123D000000210708,34NTRF000000080189//180007
PAGO
:61:090123D000000001205,51NTRF000000080188//180007
PAGO
:61:090123D000000203954,89NTRF000000080187//180007
PAGO
:61:090123D000000000700,00NTRF000018468412//180007
PAGO
:61:090123D000000000300,00NTRF000017057952//180007
PAGO
:61:090123D000000001000,00NTRF000016775824//180007
PAGO
:61:090123D000000000500,00NTRF000012063234//180007
PAGO
:62M:D090123VEF000037666227,20
-}{5:{CHK:1143FB20924B}}{S:{COP:S}}${1:F21VZCRVECAAXXX5410610696}{4:{177:0404021720}{451:0}}{1:F01VZCRVECAAXXX5410610696}{2:09501717040402VZCRVECAAXXX40812675430404021720N}{3:{108:SCONNECT}}{4:
:20:MI090123
:25:1111111111
:28C:0547/254
:60M:D090123VEF000037666227,20
:61:090123D000000000150,00NTRF000011505879//180007
PAGO
:61:090123D000000016000,00NTRF000007812339//180007
PAGO
:61:090123D000000000300,00NTRF000007610737//180007
PAGO
:61:090123D000000000195,00NTRF000007042246//180007
PAGO
:61:090123D000000000480,00NTRF000006805781//180007
PAGO
:61:090123D000000000150,00NTRF000077267619//180007
PAGO
:61:090123D000000002900,00NTRF000076879697//180007
PAGO
:61:090123D000000000650,00NTRF000076325300//180007
PAGO
:61:090123D000000000200,00NTRF000075834930//180007
PAGO
:62M:D090123VEF000037687252,20
-}{5:{CHK:1143FB20924B}}{S:{COP:S}}${1:F21VZCRVECAAXXX5410610696}{4:{177:0404021720}{451:0}}{1:F01VZCRVECAAXXX5410610696}{2:09501717040402VZCRVECAAXXX40812675430404021720N}{3:{108:SCONNECT}}{4:
:20:MI090123
:25:1111111111
:28C:0547/255
:60M:D090123VEF000037687252,20
:61:090123D000000000727,00NTRF000075453694//180007
PAGO
:61:090123D000000001000,00NTRF000075434085//180007
PAGO
:61:090123D000000001000,00NTRF000075430472//180007
PAGO
:61:090123D000000000230,00NTRF000075341922//180007
PAGO
:61:090123D000000002000,00NTRF000075143159//180007
PAGO
:61:090123D000000003000,00NTRF000039962903//180007
PAGO
:61:090123D000000000150,00NTRF000039626256//180007
PAGO
:61:090123D000000000200,00NTRF000039583000//180007
PAGO
:61:090123D000000002000,00NTRF000039018459//180007
PAGO
:62M:D090123VEF000037697559,20
-}{5:{CHK:1143FB20924B}}{S:{COP:S}}${1:F21VZCRVECAAXXX5410610696}{4:{177:0404021720}{451:0}}{1:F01VZCRVECAAXXX5410610696}{2:09501717040402VZCRVECAAXXX40812675430404021720N}{3:{108:SCONNECT}}{4:
:20:MI090123
:25:1111111111
:28C:0547/256
:60M:D090123VEF000037697559,20
:61:090123D000000000600,00NTRF000038860392//180007
PAGO
:61:090123D000000000550,00NTRF000038817703//180007
PAGO
:61:090123D000000004500,00NTRF000038677374//180007
PAGO
:61:090123D000000000500,00NTRF000038500435//180007
PAGO
:61:090123D000000000650,00NTRF000038073326//180007
PAGO
:61:090123D000000000200,00NTRF000008377212//180007
PAGO
:61:090123D000000000461,00NTRF000007778789//180007
PAGO
:61:090123D000000000360,00NTRF000007698556//180007
PAGO
:61:090123D000000000500,00NTRF000007121550//180007
PAGO
:62M:D090123VEF000037705880,20
-}{5:{CHK:1143FB20924B}}{S:{COP:S}}${1:F21VZCRVECAAXXX5410610696}{4:{177:0404021720}{451:0}}{1:F01VZCRVECAAXXX5410610696}{2:09501717040402VZCRVECAAXXX40812675430404021720N}{3:{108:SCONNECT}}{4:
:20:MI090123
:25:1111111111
:28C:0547/257
:60M:D090123VEF000037705880,20
:61:090123D000000001000,00NTRF000007117155//180007
PAGO
:61:090123D000000000420,00NTRF000007113700//180007
PAGO
:61:090123D000000001030,00NTRF000006844182//180007
PAGO
:61:090123D000000002000,00NTRF000006610180//180007
PAGO
:61:090123D000000002000,00NTRF000006530907//180007
PAGO
:61:090123D000000000100,00NTRF000069356696//180007
PAGO
:61:090123D000000000800,00NTRF000069345540//180007
PAGO
:61:090123D000000004000,00NTRF000069144437//180007
PAGO
:61:090123D000000000140,00NTRF000069013668//180007
PAGO
:62M:D090123VEF000037717370,20
-}{5:{CHK:1143FB20924B}}{S:{COP:S}}${1:F21VZCRVECAAXXX5410610696}{4:{177:0404021720}{451:0}}{1:F01VZCRVECAAXXX5410610696}{2:09501717040402VZCRVECAAXXX40812675430404021720N}{3:{108:SCONNECT}}{4:
:20:MI090123
:25:1111111111
:28C:0547/258
:60M:D090123VEF000037717370,20
:61:090123D000000001500,00NTRF000068245987//180007
PAGO
:61:090123D000000000700,00NTRF000068176927//180007
PAGO
:61:090123D000000006235,00NTRF000068132566//180007
PAGO
:61:090123D000000000250,00NTRF000067953652//180007
PAGO
:61:090123D000000002000,00NTRF000067822880//180007
PAGO
:61:090123D000000000700,00NTRF000032708157//180007
PAGO
:61:090123D000000000700,00NTRF000032670157//180007
PAGO
:61:090123D000000002000,00NTRF000032533713//180007
PAGO
:61:090123D000000002000,00NTRF000032470713//180007
PAGO
:62M:D090123VEF000037733455,20
-}{5:{CHK:1143FB20924B}}{S:{COP:S}}${1:F21VZCRVECAAXXX5410610696}{4:{177:0404021720}{451:0}}{1:F01VZCRVECAAXXX5410610696}{2:09501717040402VZCRVECAAXXX40812675430404021720N}{3:{108:SCONNECT}}{4:
:20:MI090123
:25:1111111111
:28C:0547/259
:60M:D090123VEF000037733455,20
:61:090123D000000000260,00NTRF000032375531//180007
PAGO
:61:090123D000000000150,00NTRF000032374912//180007
PAGO
:61:090123D000000000200,00NTRF000032218532//180007
PAGO
:61:090123D000000000200,00NTRF000032044532//180007
PAGO
:61:090123D000000000300,00NTRF000031660618//180007
PAGO
:61:090123D000000005089,00NTRF000001804047//180007
PAGO
:61:090123D000000000150,00NTRF000001401724//180007
PAGO
:61:090123D000000006750,00NTRF000001372713//180007
PAGO
:61:090123D000000004000,00NTRF000000692148//180007
PAGO
:62M:D090123VEF000037750554,20
-}{5:{CHK:1143FB20924B}}{S:{COP:S}}${1:F21VZCRVECAAXXX5410610696}{4:{177:0404021720}{451:0}}{1:F01VZCRVECAAXXX5410610696}{2:09501717040402VZCRVECAAXXX40812675430404021720N}{3:{108:SCONNECT}}{4:
:20:MI090123
:25:1111111111
:28C:0547/260
:60M:D090123VEF000037750554,20
:61:090123D000000003500,00NTRF000000633960//180007
PAGO
:61:090123D000000000300,00NTRF000000289208//180007
PAGO
:61:090123D000000000400,00NTRF000000016578//180007
PAGO
:61:090123D000003860468,65NTRF000000036331//180007
PAGO
:61:090123D000000100000,00NTRF000009012117//180007
PAGO
:61:090123D000000004450,00NTRF000009012111//180007
PAGO
:61:090123D000000072000,00NTRF000009012102//180007
PAGO
:61:090123D000000000186,70NTRF000000015909//180007
PAGO
:61:090123D000000014056,73NTRF000000015908//180007
PAGO
:62M:D090123VEF000041805916,28
-}{5:{CHK:1143FB20924B}}{S:{COP:S}}${1:F21VZCRVECAAXXX5410610696}{4:{177:0404021720}{451:0}}{1:F01VZCRVECAAXXX5410610696}{2:09501717040402VZCRVECAAXXX40812675430404021720N}{3:{108:SCONNECT}}{4:
:20:MI090123
:25:1111111111
:28C:0547/261
:60M:D090123VEF000041805916,28
:61:090123D000000000561,40NTRF000000015907//180007
PAGO
:61:090123D000000003041,26NTRF000000015906//180007
PAGO
:61:090123D000000026193,31NTRF000000015905//180007
PAGO
:61:090123D000000005000,00NTRF000093454188//180007
PAGO
:61:090123D000000000280,00NTRF000093354359//180007
PAGO
:61:090123D000000004433,00NTRF000093195377//180007
PAGO
:61:090123D000000000600,00NTRF000093182824//180007
PAGO
:61:090123D000000000115,00NTRF000093155959//180007
PAGO
:61:090123D000000005450,00NTRF000093069021//180007
PAGO
:62M:D090123VEF000041851590,25
-}{5:{CHK:1143FB20924B}}{S:{COP:S}}${1:F21VZCRVECAAXXX5410610696}{4:{177:0404021720}{451:0}}{1:F01VZCRVECAAXXX5410610696}{2:09501717040402VZCRVECAAXXX40812675430404021720N}{3:{108:SCONNECT}}{4:
:20:MI090123
:25:1111111111
:28C:0547/262
:60M:D090123VEF000041851590,25
:61:090123D000000001250,00NTRF000092865169//180007
PAGO
:61:090123D000000003000,00NTRF000092634506//180007
PAGO
:61:090123D000000000250,00NTRF000092618296//180007
PAGO
:61:090123D000000000600,00NTRF000075805889//180007
PAGO
:61:090123D000000000400,00NTRF000075598251//180007
PAGO
:61:090123D000000000520,00NTRF000075456085//180007
PAGO
:61:090123D000000005500,00NTRF000075294197//180007
PAGO
:61:090123D000000001200,00NTRF000075279866//180007
PAGO
:61:090123D000000000500,00NTRF000074670930//180007
PAGO
:62M:D090123VEF000041864810,25
-}{5:{CHK:1143FB20924B}}{S:{COP:S}}${1:F21VZCRVECAAXXX5410610696}{4:{177:0404021720}{451:0}}{1:F01VZCRVECAAXXX5410610696}{2:09501717040402VZCRVECAAXXX40812675430404021720N}{3:{108:SCONNECT}}{4:
:20:MI090123
:25:1111111111
:28C:0547/263
:60M:D090123VEF000041864810,25
:61:090123D000000000900,00NTRF000074402958//180007
PAGO
:61:090123D000000000300,00NTRF000074402537//180007
PAGO
:61:090123D000000001000,00NTRF000074400201//180007
PAGO
:61:090123D000000000717,00NTRF000058682436//180007
PAGO
:61:090123D000000001000,00NTRF000058464195//180007
PAGO
:61:090123D000000000262,93NTRF000058319732//180007
PAGO
:61:090123D000000000400,00NTRF000057721492//180007
PAGO
:61:090123D000000000500,00NTRF000057407037//180007
PAGO
:61:090123D000000000200,00NTRF000057373955//180007
PAGO
:62M:D090123VEF000041870090,18
-}{5:{CHK:1143FB20924B}}{S:{COP:S}}${1:F21VZCRVECAAXXX5410610696}{4:{177:0404021720}{451:0}}{1:F01VZCRVECAAXXX5410610696}{2:09501717040402VZCRVECAAXXX40812675430404021720N}{3:{108:SCONNECT}}{4:
:20:MI090123
:25:1111111111
:28C:0547/264
:60M:D090123VEF000041870090,18
:61:090123D000000000200,00NTRF000057283045//180007
PAGO
:61:090123D000000002000,00NTRF000056944067//180007
PAGO
:61:090123D000000000600,00NTRF000056889880//180007
PAGO
:61:090123D000000006000,00NTRF000039951600//180007
PAGO
:61:090123D000000000600,00NTRF000039925602//180007
PAGO
:61:090123D000000000325,00NTRF000039851940//180007
PAGO
:61:090123D000000000227,00NTRF000039820592//180007
PAGO
:61:090123D000000000700,00NTRF000039682885//180007
PAGO
:61:090123D000000000110,00NTRF000039617038//180007
PAGO
:62M:D090123VEF000041880852,18
-}{5:{CHK:1143FB20924B}}{S:{COP:S}}${1:F21VZCRVECAAXXX5410610696}{4:{177:0404021720}{451:0}}{1:F01VZCRVECAAXXX5410610696}{2:09501717040402VZCRVECAAXXX40812675430404021720N}{3:{108:SCONNECT}}{4:
:20:MI090123
:25:1111111111
:28C:0547/265
:60M:D090123VEF000041880852,18
:61:090123D000000000200,00NTRF000039508422//180007
PAGO
:61:090123D000000000594,00NTRF000039082648//180007
PAGO
:61:090123D000000003000,00NTRF000039036849//180007
PAGO
:61:090123D000000000050,00NTRF000020516755//180007
PAGO
:61:090123D000000000600,00NTRF000020481667//180007
PAGO
:61:090123D000000000050,00NTRF000020448806//180007
PAGO
:61:090123D000000000367,00NTRF000020426075//180007
PAGO
:61:090123D000000500000,00NTRF000020418405//180007
PAGO
:61:090123D000000001110,00NTRF000020412150//180007
PAGO
:62M:D090123VEF000042386823,18
-}{5:{CHK:1143FB20924B}}{S:{COP:S}}${1:F21VZCRVECAAXXX5410610696}{4:{177:0404021720}{451:0}}{1:F01VZCRVECAAXXX5410610696}{2:09501717040402VZCRVECAAXXX40812675430404021720N}{3:{108:SCONNECT}}{4:
:20:MI090123
:25:1111111111
:28C:0547/266
:60M:D090123VEF000042386823,18
:61:090123D000000001000,00NTRF000019915448//180007
PAGO
:61:090123D000000002472,14NTRF000019897274//180007
PAGO
:61:090123D000000000300,00NTRF000019842043//180007
PAGO
:61:090123D000000001060,00NTRF000003567009//180007
PAGO
:61:090123D000000000770,00NTRF000003479104//180007
PAGO
:61:090123D000000000310,00NTRF000003338569//180007
PAGO
:61:090123D000000000700,00NTRF000002858172//180007
PAGO
:61:090123D000000000222,00NTRF000002712034//180007
PAGO
:61:090123D000000002500,00NTRF000002694710//180007
PAGO
:62M:D090123VEF000042396157,32
-}{5:{CHK:1143FB20924B}}{S:{COP:S}}${1:F21VZCRVECAAXXX5410610696}{4:{177:0404021720}{451:0}}{1:F01VZCRVECAAXXX5410610696}{2:09501717040402VZCRVECAAXXX40812675430404021720N}{3:{108:SCONNECT}}{4:
:20:MI090123
:25:1111111111
:28C:0547/267
:60M:D090123VEF000042396157,32
:61:090123D000000000730,00NTRF000002492354//180007
PAGO
:61:090123D000000000500,00NTRF000002357164//180007
PAGO
:61:090123D000000000880,00NTRF000002251546//180007
PAGO
:61:090123D000000000400,00NTRF000081404492//180007
PAGO
:61:090123D000000000100,00NTRF000081346473//180007
PAGO
:61:090123D000000000895,00NTRF000081234068//180007
PAGO
:61:090123D000000000300,00NTRF000080858690//180007
PAGO
:61:090123D000000000890,64NTRF000080436522//180007
PAGO
:61:090123D000000002000,00NTRF000080420205//180007
PAGO
:62M:D090123VEF000042402852,96
-}{5:{CHK:1143FB20924B}}{S:{COP:S}}${1:F21VZCRVECAAXXX5410610696}{4:{177:0404021720}{451:0}}{1:F01VZCRVECAAXXX5410610696}{2:09501717040402VZCRVECAAXXX40812675430404021720N}{3:{108:SCONNECT}}{4:
:20:MI090123
:25:1111111111
:28C:0547/268
:60M:D090123VEF000042402852,96
:61:090123D000000000242,00NTRF000080254503//180007
PAGO
:61:090123D000000000050,00NTRF000080004913//180007
PAGO
:61:090123D000000000820,00NTRF000079939978//180007
PAGO
:61:090123D000000000394,19NTRF000053016132//180007
PAGO
:61:090123D000000000900,00NTRF000052767608//180007
PAGO
:61:090123D000000000100,00NTRF000052660140//180007
PAGO
:61:090123D000000000250,00NTRF000052585483//180007
PAGO
:61:090123D000000000500,00NTRF000052484077//180007
PAGO
:61:090123D000000000500,00NTRF000052437077//180007
PAGO
:62M:D090123VEF000042406609,15
-}{5:{CHK:1143FB20924B}}{S:{COP:S}}${1:F21VZCRVECAAXXX5410610696}{4:{177:0404021720}{451:0}}{1:F01VZCRVECAAXXX5410610696}{2:09501717040402VZCRVECAAXXX40812675430404021720N}{3:{108:SCONNECT}}{4:
:20:MI090123
:25:1111111111
:28C:0547/269
:60M:D090123VEF000042406609,15
:61:090123D000000000500,00NTRF000052398196//180007
PAGO
:61:090123D000000000700,00NTRF000052323574//180007
PAGO
:61:090123D000000000050,00NTRF000052261384//180007
PAGO
:61:090123D000000002000,00NTRF000028683153//180007
PAGO
:61:090123D000000000100,00NTRF000028165808//180007
PAGO
:61:090123D000000002000,00NTRF000028021040//180007
PAGO
:61:090123D000000000400,00NTRF000027707502//180007
PAGO
:61:090123D000000000200,00NTRF000027501480//180007
PAGO
:61:090123D000000000300,00NTRF000026888610//180007
PAGO
:62M:D090123VEF000042412859,15
-}{5:{CHK:1143FB20924B}}{S:{COP:S}}${1:F21VZCRVECAAXXX5410610696}{4:{177:0404021720}{451:0}}{1:F01VZCRVECAAXXX5410610696}{2:09501717040402VZCRVECAAXXX40812675430404021720N}{3:{108:SCONNECT}}{4:
:20:MI090123
:25:1111111111
:28C:0547/270
:60M:D090123VEF000042412859,15
:61:090123D000000000170,00NTRF000026833487//180007
PAGO
:61:090123D000000001500,00NTRF000026827917//180007
PAGO
:61:090123D000000000400,00NTRF000026476939//180007
PAGO
:61:090123D000000001000,00NTRF000007014947//180007
PAGO
:61:090123D000000001000,00NTRF000006949947//180007
PAGO
:61:090123D000000001000,00NTRF000006948755//180007
PAGO
:61:090123D000000000500,00NTRF000006939768//180007
PAGO
:61:090123D000000000580,00NTRF000006923672//180007
PAGO
:61:090123D000000000500,00NTRF000006846768//180007
PAGO
:62M:D090123VEF000042419509,15
-}{5:{CHK:1143FB20924B}}{S:{COP:S}}${1:F21VZCRVECAAXXX5410610696}{4:{177:0404021720}{451:0}}{1:F01VZCRVECAAXXX5410610696}{2:09501717040402VZCRVECAAXXX40812675430404021720N}{3:{108:SCONNECT}}{4:
:20:MI090123
:25:1111111111
:28C:0547/271
:60M:D090123VEF000042419509,15
:61:090123D000000000040,00NTRF000006846045//180007
PAGO
:61:090123D000000001100,00NTRF000006640464//180007
PAGO
:61:090123D000000115420,00NTRF000000036406//180007
PAGO
:61:090123D000000036255,46NTRF000000036405//180007
PAGO
:61:090123D000000116109,80NTRF000000036404//180007
PAGO
:61:090123D000000023346,62NTRF000000036403//180007
PAGO
:61:090123D000000033628,16NTRF000000036402//180007
PAGO
:61:090123D000000001622,58NTRF000000036401//180007
PAGO
:61:090123D000000008037,20NTRF000000036400//180007
PAGO
:62M:D090123VEF000042755068,97
-}{5:{CHK:1143FB20924B}}{S:{COP:S}}${1:F21VZCRVECAAXXX5410610696}{4:{177:0404021720}{451:0}}{1:F01VZCRVECAAXXX5410610696}{2:09501717040402VZCRVECAAXXX40812675430404021720N}{3:{108:SCONNECT}}{4:
:20:MI090123
:25:1111111111
:28C:0547/272
:60M:D090123VEF000042755068,97
:61:090123D000000005747,66NTRF000000036399//180007
PAGO
:61:090123D000000007619,66NTRF000000036398//180007
PAGO
:61:090123D000000001165,65NTRF000000036310//180007
PAGO
:61:090123D000000001594,61NTRF000000036309//180007
PAGO
:61:090123D000000002726,80NTRF000000036308//180007
PAGO
:61:090123D000000023859,50NTRF000000036307//180007
PAGO
:61:090123D000000000131,29NTRF000000036306//180007
PAGO
:61:090123D000000049444,50NTRF000000036305//180007
PAGO
:61:090123D000000002354,94NTRF000000036304//180007
PAGO
:62M:D090123VEF000042849713,58
-}{5:{CHK:1143FB20924B}}{S:{COP:S}}${1:F21VZCRVECAAXXX5410610696}{4:{177:0404021720}{451:0}}{1:F01VZCRVECAAXXX5410610696}{2:09501717040402VZCRVECAAXXX40812675430404021720N}{3:{108:SCONNECT}}{4:
:20:MI090123
:25:1111111111
:28C:0547/273
:60M:D090123VEF000042849713,58
:61:090123D000000002442,16NTRF000000036303//180007
PAGO
:61:090123D000000001048,27NTRF000000036302//180007
PAGO
:61:090123D000000001399,50NTRF000022010334//180007
PAGO
:61:090123D000000001266,50NTRF000022010333//180007
PAGO
:61:090123D000000001231,50NTRF000022010332//180007
PAGO
:61:090123D000000001999,50NTRF000022010331//180007
PAGO
:61:090123D000000001927,50NTRF000022010330//180007
PAGO
:61:090123D000000002233,50NTRF000022010329//180007
PAGO
:61:090123D000000002702,61NTRF000022010328//180007
PAGO
:62M:D090123VEF000042865964,62
-}{5:{CHK:1143FB20924B}}{S:{COP:S}}${1:F21VZCRVECAAXXX5410610696}{4:{177:0404021720}{451:0}}{1:F01VZCRVECAAXXX5410610696}{2:09501717040402VZCRVECAAXXX40812675430404021720N}{3:{108:SCONNECT}}{4:
:20:MI090123
:25:1111111111
:28C:0547/274
:60M:D090123VEF000042865964,62
:61:090123D000000005504,17NTRF000022010327//180007
PAGO
:61:090123D000000001312,50NTRF000022010326//180007
PAGO
:61:090123D000000012198,00NTRF000000000051//180007
PAGO
:61:090123D000000007022,40NTRF000000000050//180007
PAGO
:61:090123D000000004810,80NTRF000000000049//180007
PAGO
:61:090123D000000002462,40NTRF000000000048//180007
PAGO
:61:090123D000000007872,00NTRF000000000047//180007
PAGO
:61:090123D000000010352,15NTRF000000000045//180007
PAGO
:61:090123D000000002758,80NTRF000000000044//180007
PAGO
:62M:D090123VEF000042920257,84
-}{5:{CHK:1143FB20924B}}{S:{COP:S}}${1:F21VZCRVECAAXXX5410610696}{4:{177:0404021720}{451:0}}{1:F01VZCRVECAAXXX5410610696}{2:09501717040402VZCRVECAAXXX40812675430404021720N}{3:{108:SCONNECT}}{4:
:20:MI090123
:25:1111111111
:28C:0547/275
:60M:D090123VEF000042920257,84
:61:090123D000000017670,00NTRF000000000043//180007
PAGO
:61:090123D000000010305,60NTRF000000000042//180007
PAGO
:61:090123D000000019355,19NTRF000000080186//180007
PAGO
:61:090123D000000002833,06NTRF000000080185//180007
PAGO
:61:090123D000000005052,60NTRF000000080184//180007
PAGO
:61:090123D000000001984,95NTRF000000080183//180007
PAGO
:61:090123D000000742459,92NTRF000000080182//180007
PAGO
:61:090123D000000003076,70NTRF000000080181//180007
PAGO
:61:090123D000000018636,69NTRF000000080180//180007
PAGO
:62M:D090123VEF000043741632,55
-}{5:{CHK:1143FB20924B}}{S:{COP:S}}${1:F21VZCRVECAAXXX5410610696}{4:{177:0404021720}{451:0}}{1:F01VZCRVECAAXXX5410610696}{2:09501717040402VZCRVECAAXXX40812675430404021720N}{3:{108:SCONNECT}}{4:
:20:MI090123
:25:1111111111
:28C:0547/276
:60M:D090123VEF000043741632,55
:61:090123D000000050994,06NTRF000000080179//180007
PAGO
:61:090123D000000032760,09NTRF000000080178//180007
PAGO
:61:090123D000000000700,00NTRF000037948305//180007
PAGO
:61:090123D000000002656,00NTRF000035645838//180007
PAGO
:61:090123D000000000300,00NTRF000035609246//180007
PAGO
:61:090123D000000000400,00NTRF000035424715//180007
PAGO
:61:090123D000000001200,00NTRF000032086662//180007
PAGO
:61:090123D000000000050,00NTRF000032016924//180007
PAGO
:61:090123D000000000209,62NTRF000030216025//180007
PAGO
:62M:D090123VEF000043830902,32
-}{5:{CHK:1143FB20924B}}{S:{COP:S}}${1:F21VZCRVECAAXXX5410610696}{4:{177:0404021720}{451:0}}{1:F01VZCRVECAAXXX5410610696}{2:09501717040402VZCRVECAAXXX40812675430404021720N}{3:{108:SCONNECT}}{4:
:20:MI090123
:25:1111111111
:28C:0547/277
:60M:D090123VEF000043830902,32
:61:090123D000000000750,00NTRF000029332524//180007
PAGO
:61:090123D000000000250,00NTRF000026967447//180007
PAGO
:61:090123D000000000290,00NTRF000075097837//180007
PAGO
:61:090123D000000000200,00NTRF000074834288//180007
PAGO
:61:090123D000000001200,00NTRF000074770792//180007
PAGO
:61:090123D000000000100,00NTRF000073641987//180007
PAGO
:61:090123D000000000500,00NTRF000072375532//180007
PAGO
:61:090123D000000000360,00NTRF000071997523//180007
PAGO
:61:090123D000000003420,00NTRF000071924472//180007
PAGO
:62M:D090123VEF000043837972,32
-}{5:{CHK:1143FB20924B}}{S:{COP:S}}${1:F21VZCRVECAAXXX5410610696}{4:{177:0404021720}{451:0}}{1:F01VZCRVECAAXXX5410610696}{2:09501717040402VZCRVECAAXXX40812675430404021720N}{3:{108:SCONNECT}}{4:
:20:MI090123
:25:1111111111
:28C:0547/278
:60M:D090123VEF000043837972,32
:61:090123D000000000420,00NTRF000071765136//180007
PAGO
:61:090123D000000002000,00NTRF000071434272//180007
PAGO
:61:090123D000000000300,00NTRF000037649248//180007
PAGO
:61:090123D000000000316,00NTRF000037535249//180007
PAGO
:61:090123D000000012000,00NTRF000037365672//180007
PAGO
:61:090123D000000000350,00NTRF000037071749//180007
PAGO
:61:090123D000000002694,80NTRF000037034165//180007
PAGO
:61:090123D000000000860,00NTRF000036810149//180007
PAGO
:61:090123D000000011000,00NTRF000036774645//180007
PAGO
:62M:D090123VEF000043867913,12
-}{5:{CHK:1143FB20924B}}{S:{COP:S}}${1:F21VZCRVECAAXXX5410610696}{4:{177:0404021720}{451:0}}{1:F01VZCRVECAAXXX5410610696}{2:09501717040402VZCRVECAAXXX40812675430404021720N}{3:{108:SCONNECT}}{4:
:20:MI090123
:25:1111111111
:28C:0547/279
:60M:D090123VEF000043867913,12
:61:090123D000000001200,00NTRF000036602111//180007
PAGO
:61:090123D000000001000,00NTRF000036530652//180007
PAGO
:61:090123D000000000300,00NTRF000006364468//180007
PAGO
:61:090123D000000000195,00NTRF000005744246//180007
PAGO
:61:090123D000000000500,00NTRF000005710327//180007
PAGO
:61:090123D000000000500,00NTRF000005689397//180007
PAGO
:61:090123D000000003750,00NTRF000005511198//180007
PAGO
:61:090123D000000000250,00NTRF000005323856//180007
PAGO
:61:090123D000000000025,36NTRF000005252223//180007
PAGO
:62M:D090123VEF000043875633,48
-}{5:{CHK:1143FB20924B}}{S:{COP:S}}${1:F21VZCRVECAAXXX5410610696}{4:{177:0404021720}{451:0}}{1:F01VZCRVECAAXXX5410610696}{2:09501717040402VZCRVECAAXXX40812675430404021720N}{3:{108:SCONNECT}}{4:
:20:MI090123
:25:1111111111
:28C:0547/280
:60M:D090123VEF000043875633,48
:61:090123D000000000500,00NTRF000004906065//180007
PAGO
:61:090123D000000000500,00NTRF000004832701//180007
PAGO
:61:090123D000000000100,00NTRF000067464935//180007
PAGO
:61:090123D000000000060,00NTRF000067354463//180007
PAGO
:61:090123D000000000183,49NTRF000066218168//180007
PAGO
:61:090123D000000000040,00NTRF000066116777//180007
PAGO
:61:090123D000000000400,00NTRF000066034654//180007
PAGO
:61:090123D000000000100,00NTRF000064941334//180007
PAGO
:61:090123D000000000100,00NTRF000064892334//180007
PAGO
:62M:D090123VEF000043877616,97
-}{5:{CHK:1143FB20924B}}{S:{COP:S}}${1:F21VZCRVECAAXXX5410610696}{4:{177:0404021720}{451:0}}{1:F01VZCRVECAAXXX5410610696}{2:09501717040402VZCRVECAAXXX40812675430404021720N}{3:{108:SCONNECT}}{4:
:20:MI090123
:25:1111111111
:28C:0547/281
:60M:D090123VEF000043877616,97
:61:090123D000000000800,00NTRF000064832589//180007
PAGO
:61:090123D000000000121,00NTRF000063241636//180007
PAGO
:61:090123D000000001000,00NTRF000031491226//180007
PAGO
:61:090123D000000000300,00NTRF000031234557//180007
PAGO
:61:090123D000000000400,00NTRF000031112254//180007
PAGO
:61:090123D000000001000,00NTRF000031094685//180007
PAGO
:61:090123D000000001000,00NTRF000031013685//180007
PAGO
:61:090123D000000001000,00NTRF000030926347//180007
PAGO
:61:090123D000000001250,00NTRF000030638211//180007
PAGO
:62M:D090123VEF000043884487,97
-}{5:{CHK:1143FB20924B}}{S:{COP:S}}${1:F21VZCRVECAAXXX5410610696}{4:{177:0404021720}{451:0}}{1:F01VZCRVECAAXXX5410610696}{2:09501717040402VZCRVECAAXXX40812675430404021720N}{3:{108:SCONNECT}}{4:
:20:MI090123
:25:1111111111
:28C:0547/282
:60M:D090123VEF000043884487,97
:61:090123D000000007496,15NTRF000030435837//180007
PAGO
:61:090123D000000000900,00NTRF000030308417//180007
PAGO
:61:090123D000000004601,10NTRF000000015904//180007
PAGO
:61:090123D000000020083,53NTRF000000015903//180007
PAGO
:61:090123D000000014021,23NTRF000000015902//180007
PAGO
:61:090123D000000004636,80NTRF000000015901//180007
PAGO
:61:090123D000000000549,70NTRF000000015900//180007
PAGO
:61:090123D000000002215,52NTRF000000015899//180007
PAGO
:61:090123D000000001054,50NTRF000000015898//180007
PAGO
:62M:D090123VEF000043940046,50
-}{5:{CHK:1143FB20924B}}{S:{COP:S}}${1:F21VZCRVECAAXXX5410610696}{4:{177:0404021720}{451:0}}{1:F01VZCRVECAAXXX5410610696}{2:09501717040402VZCRVECAAXXX40812675430404021720N}{3:{108:SCONNECT}}{4:
:20:MI090123
:25:1111111111
:28C:0547/283
:60M:D090123VEF000043940046,50
:61:090123D000000003009,90NTRF000000015897//180007
PAGO
:61:090123D000000008991,40NTRF000000015896//180007
PAGO
:61:090123D000000001080,00NTRF000092302493//180007
PAGO
:61:090123D000000001000,00NTRF000092225115//180007
PAGO
:61:090123D000000000140,00NTRF000092166260//180007
PAGO
:61:090123D000000001000,00NTRF000092157770//180007
PAGO
:61:090123D000000000828,00NTRF000092068149//180007
PAGO
:61:090123D000000000150,00NTRF000091844108//180007
PAGO
:61:090123D000000000750,00NTRF000091788471//180007
PAGO
:62M:D090123VEF000043956995,80
-}{5:{CHK:1143FB20924B}}{S:{COP:S}}${1:F21VZCRVECAAXXX5410610696}{4:{177:0404021720}{451:0}}{1:F01VZCRVECAAXXX5410610696}{2:09501717040402VZCRVECAAXXX40812675430404021720N}{3:{108:SCONNECT}}{4:
:20:MI090123
:25:1111111111
:28C:0547/284
:60M:D090123VEF000043956995,80
:61:090123D000000000300,00NTRF000091760717//180007
PAGO
:61:090123D000000001860,00NTRF000091730491//180007
PAGO
:61:090123D000000002000,00NTRF000074348677//180007
PAGO
:61:090123D000000007231,86NTRF000074337573//180007
PAGO
:61:090123D000000015057,33NTRF000074262403//180007
PAGO
:61:090123D000000003600,00NTRF000074231929//180007
PAGO
:61:090123D000000000800,00NTRF000074215514//180007
PAGO
:61:090123D000000000050,00NTRF000074113913//180007
PAGO
:61:090123D000000000050,00NTRF000074015528//180007
PAGO
:62M:D090123VEF000043987944,99
-}{5:{CHK:1143FB20924B}}{S:{COP:S}}${1:F21VZCRVECAAXXX5410610696}{4:{177:0404021720}{451:0}}{1:F01VZCRVECAAXXX5410610696}{2:09501717040402VZCRVECAAXXX40812675430404021720N}{3:{108:SCONNECT}}{4:
:20:MI090123
:25:1111111111
:28C:0547/285
:60M:D090123VEF000043987944,99
:61:090123D000000000270,00NTRF000073892584//180007
PAGO
:61:090123D000000000050,00NTRF000073548238//180007
PAGO
:61:090123D000000004100,00NTRF000056758427//180007
PAGO
:61:090123D000000000180,00NTRF000056714741//180007
PAGO
:61:090123D000000010600,00NTRF000056693334//180007
PAGO
:61:090123D000000001000,00NTRF000056544483//180007
PAGO
:61:090123D000000000472,90NTRF000056389000//180007
PAGO
:61:090123D000000001500,00NTRF000056373742//180007
PAGO
:61:090123D000000000450,00NTRF000056356962//180007
PAGO
:62M:D090123VEF000044006567,89
-}{5:{CHK:1143FB20924B}}{S:{COP:S}}${1:F21VZCRVECAAXXX5410610696}{4:{177:0404021720}{451:0}}{1:F01VZCRVECAAXXX5410610696}{2:09501717040402VZCRVECAAXXX40812675430404021720N}{3:{108:SCONNECT}}{4:
:20:MI090123
:25:1111111111
:28C:0547/286
:60M:D090123VEF000044006567,89
:61:090123D000000000800,00NTRF000056338482//180007
PAGO
:61:090123D000000000250,00NTRF000056103136//180007
PAGO
:61:090123D000000000300,00NTRF000038946717//180007
PAGO
:61:090123D000000003200,00NTRF000038778657//180007
PAGO
:61:090123D000000000300,00NTRF000038696113//180007
PAGO
:61:090123D000000001000,00NTRF000038659642//180007
PAGO
:61:090123D000000000300,00NTRF000038646411//180007
PAGO
:61:090123D000000000210,00NTRF000038587741//180007
PAGO
:61:090123D000000003000,00NTRF000038314559//180007
PAGO
:62M:D090123VEF000044015927,89
-}{5:{CHK:1143FB20924B}}{S:{COP:S}}${1:F21VZCRVECAAXXX5410610696}{4:{177:0404021720}{451:0}}{1:F01VZCRVECAAXXX5410610696}{2:09501717040402VZCRVECAAXXX40812675430404021720N}{3:{108:SCONNECT}}{4:
:20:MI090123
:25:1111111111
:28C:0547/287
:60M:D090123VEF000044015927,89
:61:090123D000000010000,00NTRF000038248362//180007
PAGO
:61:090123D000000000400,00NTRF000037860789//180007
PAGO
:61:090123D000000001700,00NTRF000019801326//180007
PAGO
:61:090123D000000000089,70NTRF000019695449//180007
PAGO
:61:090123D000000000600,00NTRF000019426702//180007
PAGO
:61:090123D000000001700,00NTRF000019335857//180007
PAGO
:61:090123D000000000100,00NTRF000019272432//180007
PAGO
:61:090123D000000007421,81NTRF000019219310//180007
PAGO
:61:090123D000000000150,00NTRF000019208226//180007
PAGO
:62M:D090123VEF000044038089,40
-}{5:{CHK:1143FB20924B}}{S:{COP:S}}${1:F21VZCRVECAAXXX5410610696}{4:{177:0404021720}{451:0}}{1:F01VZCRVECAAXXX5410610696}{2:09501717040402VZCRVECAAXXX40812675430404021720N}{3:{108:SCONNECT}}{4:
:20:MI090123
:25:1111111111
:28C:0547/288
:60M:D090123VEF000044038089,40
:61:090123D000000000068,50NTRF000019155982//180007
PAGO
:61:090123D000000001000,00NTRF000019034050//180007
PAGO
:61:090123D000000002000,00NTRF000002146624//180007
PAGO
:61:090123D000000001800,00NTRF000002129387//180007
PAGO
:61:090123D000000001800,00NTRF000002035613//180007
PAGO
:61:090123D000000000300,00NTRF000001961719//180007
PAGO
:61:090123D000000001950,00NTRF000001945129//180007
PAGO
:61:090123D000000001100,00NTRF000001870254//180007
PAGO
:61:090123D000000088000,00NTRF000001388474//180007
PAGO
:62M:D090123VEF000044136107,90
-}{5:{CHK:1143FB20924B}}{S:{COP:S}}${1:F21VZCRVECAAXXX5410610696}{4:{177:0404021720}{451:0}}{1:F01VZCRVECAAXXX5410610696}{2:09501717040402VZCRVECAAXXX40812675430404021720N}{3:{108:SCONNECT}}{4:
:20:MI090123
:25:1111111111
:28C:0547/289
:60M:D090123VEF000044136107,90
:61:090123D000000000221,88NTRF000001317719//180007
PAGO
:61:090123D000000000100,00NTRF000000980994//180007
PAGO
:61:090123D000000000250,00NTRF000079832619//180007
PAGO
:61:090123D000000000650,00NTRF000079070867//180007
PAGO
:61:090123D000000000069,00NTRF000078870712//180007
PAGO
:61:090123D000000000060,23NTRF000078796977//180007
PAGO
:61:090123D000000000300,00NTRF000078526473//180007
PAGO
:61:090123D000000001000,00NTRF000078404459//180007
PAGO
:61:090123D000000000276,00NTRF000077934742//180007
PAGO
:62M:D090123VEF000044139035,01
-}{5:{CHK:1143FB20924B}}{S:{COP:S}}${1:F21VZCRVECAAXXX5410610696}{4:{177:0404021720}{451:0}}{1:F01VZCRVECAAXXX5410610696}{2:09501717040402VZCRVECAAXXX40812675430404021720N}{3:{108:SCONNECT}}{4:
:20:MI090123
:25:1111111111
:28C:0547/290
:60M:D090123VEF000044139035,01
:61:090123D000000000150,00NTRF000077899029//180007
PAGO
:61:090123D000000000800,00NTRF000077892349//180007
PAGO
:61:090123D000000000050,00NTRF000052199384//180007
PAGO
:61:090123D000000000300,00NTRF000052008205//180007
PAGO
:61:090123D000000000300,00NTRF000051977108//180007
PAGO
:61:090123D000000000110,00NTRF000051769186//180007
PAGO
:61:090123D000000000150,00NTRF000051697950//180007
PAGO
:61:090123D000000002500,00NTRF000051568704//180007
PAGO
:61:090123D000000000150,00NTRF000051510238//180007
PAGO
:62M:D090123VEF000044143545,01
-}{5:{CHK:1143FB20924B}}{S:{COP:S}}${1:F21VZCRVECAAXXX5410610696}{4:{177:0404021720}{451:0}}{1:F01VZCRVECAAXXX5410610696}{2:09501717040402VZCRVECAAXXX40812675430404021720N}{3:{108:SCONNECT}}{4:
:20:MI090123
:25:1111111111
:28C:0547/291
:60M:D090123VEF000044143545,01
:61:090123D000000000160,00NTRF000051446439//180007
PAGO
:61:090123D000000000060,00NTRF000051155264//180007
PAGO
:61:090123D000000000200,00NTRF000026128754//180007
PAGO
:61:090123D000000000200,00NTRF000026039754//180007
PAGO
:61:090123D000000000233,00NTRF000026035675//180007
PAGO
:61:090123D000000000130,00NTRF000025966151//180007
PAGO
:61:090123D000000000314,00NTRF000025914555//180007
PAGO
:61:090123D000000000150,00NTRF000025483092//180007
PAGO
:61:090123D000000000254,00NTRF000025444728//180007
PAGO
:62M:D090123VEF000044145246,01
-}{5:{CHK:1143FB20924B}}{S:{COP:S}}${1:F21VZCRVECAAXXX5410610696}{4:{177:0404021720}{451:0}}{1:F01VZCRVECAAXXX5410610696}{2:09501717040402VZCRVECAAXXX40812675430404021720N}{3:{108:SCONNECT}}{4:
:20:MI090123
:25:1111111111
:28C:0547/292
:60M:D090123VEF000044145246,01
:61:090123D000000000500,00NTRF000025373966//180007
PAGO
:61:090123D000000000500,00NTRF000025340966//180007
PAGO
:61:090123D000000000150,00NTRF000006483627//180007
PAGO
:61:090123D000000001200,00NTRF000006472765//180007
PAGO
:61:090123D000000000055,00NTRF000006424324//180007
PAGO
:61:090123D000000000330,00NTRF000006084417//180007
PAGO
:61:090123D000000001000,00NTRF000005828544//180007
PAGO
:61:090123D000000001000,00NTRF000005810919//180007
PAGO
:61:090123D000000000900,00NTRF000005782083//180007
PAGO
:62M:D090123VEF000044150881,01
-}{5:{CHK:1143FB20924B}}{S:{COP:S}}${1:F21VZCRVECAAXXX5410610696}{4:{177:0404021720}{451:0}}{1:F01VZCRVECAAXXX5410610696}{2:09501717040402VZCRVECAAXXX40812675430404021720N}{3:{108:SCONNECT}}{4:
:20:MI090123
:25:1111111111
:28C:0547/293
:60M:D090123VEF000044150881,01
:61:090123D000000001000,00NTRF000005700065//180007
PAGO
:61:090123D000000001500,00NTRF000005583057//180007
PAGO
:61:090123D000000038400,20NTRF000000036397//180007
PAGO
:61:090123D000000028038,09NTRF000000036396//180007
PAGO
:61:090123D000000036515,36NTRF000000036395//180007
PAGO
:61:090123D000000453372,86NTRF000000036394//180007
PAGO
:61:090123D000000014966,95NTRF000000036393//180007
PAGO
:61:090123D000000222374,76NTRF000000036392//180007
PAGO
:61:090123D000000039486,57NTRF000000036391//180007
PAGO
:62M:D090123VEF000044986535,80
-}{5:{CHK:1143FB20924B}}{S:{COP:S}}${1:F21VZCRVECAAXXX5410610696}{4:{177:0404021720}{451:0}}{1:F01VZCRVECAAXXX5410610696}{2:09501717040402VZCRVECAAXXX40812675430404021720N}{3:{108:SCONNECT}}{4:
:20:MI090123
:25:1111111111
:28C:0547/294
:60M:D090123VEF000044986535,80
:61:090123D000000005766,79NTRF000000036390//180007
PAGO
:61:090123D000000064282,13NTRF000000036389//180007
PAGO
:61:090123D000000001273,17NTRF000000036301//180007
PAGO
:61:090123D000000000772,57NTRF000000036300//180007
PAGO
:61:090123D000000000633,27NTRF000000036299//180007
PAGO
:61:090123D000000015426,57NTRF000000036298//180007
PAGO
:61:090123D000000051506,43NTRF000000036297//180007
PAGO
:61:090123D000000001391,99NTRF000000036296//180007
PAGO
:61:090123D000000009022,50NTRF000000036295//180007
PAGO
:62M:D090123VEF000045136611,22
-}{5:{CHK:1143FB20924B}}{S:{COP:S}}${1:F21VZCRVECAAXXX5410610696}{4:{177:0404021720}{451:0}}{1:F01VZCRVECAAXXX5410610696}{2:09501717040402VZCRVECAAXXX40812675430404021720N}{3:{108:SCONNECT}}{4:
:20:MI090123
:25:1111111111
:28C:0547/295
:60M:D090123VEF000045136611,22
:61:090123D000000000655,98NTRF000000036294//180007
PAGO
:61:090123D000000144901,02NTRF000000036293//180007
PAGO
:61:090123D000000001029,50NTRF000022010325//180007
PAGO
:61:090123D000000001778,50NTRF000022010324//180007
PAGO
:61:090123D000000002260,00NTRF000000010001//180007
PAGO
:61:090123D000000000419,00NTRF000000057327//180007
PAGO
:61:090123D000000300000,00NTRF000000057311//180007
PAGO
:61:090123D000000035861,44NTRF000000057305//180007
PAGO
:61:090123D000000017521,03NTRF000000057303//180007
PAGO
:62M:D090123VEF000045641037,69
-}{5:{CHK:1143FB20924B}}{S:{COP:S}}${1:F21VZCRVECAAXXX5410610696}{4:{177:0404021720}{451:0}}{1:F01VZCRVECAAXXX5410610696}{2:09501717040402VZCRVECAAXXX40812675430404021720N}{3:{108:SCONNECT}}{4:
:20:MI090123
:25:1111111111
:28C:0547/296
:60M:D090123VEF000045641037,69
:61:090123D000000664806,90NTRF000000057301//180007
PAGO
:61:090123D000000009486,90NTRF000000057300//180007
PAGO
:61:090123D000000005558,00NTRF000000000040//180007
PAGO
:61:090123D000000001520,00NTRF000000000038//180007
PAGO
:61:090123D000000000654,00NTRF000000000037//180007
PAGO
:61:090123D000000002667,60NTRF000000000033//180007
PAGO
:61:090123D000000008820,00NTRF000000000032//180007
PAGO
:61:090123D000000018144,00NTRF000000000031//180007
PAGO
:61:090123D000000002069,10NTRF000000000030//180007
PAGO
:62M:D090123VEF000046354764,19
-}{5:{CHK:1143FB20924B}}{S:{COP:S}}${1:F21VZCRVECAAXXX5410610696}{4:{177:0404021720}{451:0}}{1:F01VZCRVECAAXXX5410610696}{2:09501717040402VZCRVECAAXXX40812675430404021720N}{3:{108:SCONNECT}}{4:
:20:MI090123
:25:1111111111
:28C:0547/297
:60M:D090123VEF000046354764,19
:61:090123D000000004788,00NTRF000000000029//180007
PAGO
:61:090123D000000002052,00NTRF000000000028//180007
PAGO
:61:090123D000000001438,00NTRF000024168810//180007
PAGO
:61:090123D000000000794,18NTRF000022853833//180007
PAGO
:61:090123D000000000100,00NTRF000022203312//180007
PAGO
:61:090123D000000000170,00NTRF000020772000//180007
PAGO
:61:090123D000000001000,00NTRF000020332191//180007
PAGO
:61:090123D000000005000,00NTRF000020227732//180007
PAGO
:61:090123D000000000550,00NTRF000018752485//180007
PAGO
:62M:D090123VEF000046370656,37
-}{5:{CHK:1143FB20924B}}{S:{COP:S}}${1:F21VZCRVECAAXXX5410610696}{4:{177:0404021720}{451:0}}{1:F01VZCRVECAAXXX5410610696}{2:09501717040402VZCRVECAAXXX40812675430404021720N}{3:{108:SCONNECT}}{4:
:20:MI090123
:25:1111111111
:28C:0547/298
:60M:D090123VEF000046370656,37
:61:090123D000000000100,00NTRF000018505046//180007
PAGO
:61:090123D000000001700,00NTRF000004453244//180007
PAGO
:61:090123D000000002616,00NTRF000071414991//180007
PAGO
:61:090123D000000001352,00NTRF000071050179//180007
PAGO
:61:090123D000000000088,00NTRF000070772768//180007
PAGO
:61:090123D000000001000,00NTRF000070661592//180007
PAGO
:61:090123D000000000550,00NTRF000070207053//180007
PAGO
:61:090123D000000000500,00NTRF000069564322//180007
PAGO
:61:090123D000000000800,00NTRF000069466448//180007
PAGO
:62M:D090123VEF000046379362,37
-}{5:{CHK:1143FB20924B}}{S:{COP:S}}${1:F21VZCRVECAAXXX5410610696}{4:{177:0404021720}{451:0}}{1:F01VZCRVECAAXXX5410610696}{2:09501717040402VZCRVECAAXXX40812675430404021720N}{3:{108:SCONNECT}}{4:
:20:MI090123
:25:1111111111
:28C:0547/299
:60M:D090123VEF000046379362,37
:61:090123D000000007150,00NTRF000068695766//180007
PAGO
:61:090123D000000001500,00NTRF000068548618//180007
PAGO
:61:090123D000000000400,00NTRF000036469167//180007
PAGO
:61:090123D000000004028,96NTRF000036393695//180007
PAGO
:61:090123D000000003000,00NTRF000036186457//180007
PAGO
:61:090123D000000003500,00NTRF000035922857//180007
PAGO
:61:090123D000000002300,00NTRF000035899388//180007
PAGO
:61:090123D000000002000,00NTRF000035318735//180007
PAGO
:61:090123D000000000600,00NTRF000035250024//180007
PAGO
:62M:D090123VEF000046403841,33
-}{5:{CHK:1143FB20924B}}{S:{COP:S}}${1:F21VZCRVECAAXXX5410610696}{4:{177:0404021720}{451:0}}{1:F01VZCRVECAAXXX5410610696}{2:09501717040402VZCRVECAAXXX40812675430404021720N}{3:{108:SCONNECT}}{4:
:20:MI090123
:25:1111111111
:28C:0547/300
:60M:D090123VEF000046403841,33
:61:090123D000000007300,00NTRF000035072938//180007
PAGO
:61:090123D000000000400,00NTRF000035046198//180007
PAGO
:61:090123D000000000425,00NTRF000004583654//180007
PAGO
:61:090123D000000001807,09NTRF000004502365//180007
PAGO
:61:090123D000000001545,54NTRF000004432152//180007
PAGO
:61:090123D000000003500,00NTRF000004285908//180007
PAGO
:61:090123D000000000125,00NTRF000004145106//180007
PAGO
:61:090123D000000002700,00NTRF000004017022//180007
PAGO
:61:090123D000000001210,00NTRF000003724569//180007
PAGO
:62M:D090123VEF000046422853,96
-}{5:{CHK:1143FB20924B}}{S:{COP:S}}${1:F21VZCRVECAAXXX5410610696}{4:{177:0404021720}{451:0}}{1:F01VZCRVECAAXXX5410610696}{2:09501717040402VZCRVECAAXXX40812675430404021720N}{3:{108:SCONNECT}}{4:
:20:MI090123
:25:1111111111
:28C:0547/301
:60M:D090123VEF000046422853,96
:61:090123D000000001743,00NTRF000002779047//180007
PAGO
:61:090123D000000001200,00NTRF000002584016//180007
PAGO
:61:090123D000000000085,00NTRF000062921675//180007
PAGO
:61:090123D000000000625,00NTRF000062761125//180007
PAGO
:61:090123D000000000050,00NTRF000062653314//180007
PAGO
:61:090123D000000000050,00NTRF000062608314//180007
PAGO
:61:090123D000000003002,00NTRF000062440225//180007
PAGO
:61:090123D000000000400,00NTRF000061681411//180007
PAGO
:61:090123D000000009840,00NTRF000061605916//180007
PAGO
:62M:D090123VEF000046439848,96
-}{5:{CHK:1143FB20924B}}{S:{COP:S}}${1:F21VZCRVECAAXXX5410610696}{4:{177:0404021720}{451:0}}{1:F01VZCRVECAAXXX5410610696}{2:09501717040402VZCRVECAAXXX40812675430404021720N}{3:{108:SCONNECT}}{4:
:20:MI090123
:25:1111111111
:28C:0547/302
:60M:D090123VEF000046439848,96
:61:090123D000000000650,00NTRF000061605175//180007
PAGO
:61:090123D000000000425,00NTRF000061577731//180007
PAGO
:61:090123D000000000110,00NTRF000030264290//180007
PAGO
:61:090123D000000001000,00NTRF000030154800//180007
PAGO
:61:090123D000000000068,00NTRF000029619451//180007
PAGO
:61:090123D000000005116,00NTRF000029391776//180007
PAGO
:61:090123D000000003300,00NTRF000029237401//180007
PAGO
:61:090123D000000003081,28NTRF000029104317//180007
PAGO
:61:090123D000000000050,00NTRF000029056598//180007
PAGO
:62M:D090123VEF000046453649,24
-}{5:{CHK:1143FB20924B}}{S:{COP:S}}${1:F21VZCRVECAAXXX5410610696}{4:{177:0404021720}{451:0}}{1:F01VZCRVECAAXXX5410610696}{2:09501717040402VZCRVECAAXXX40812675430404021720N}{3:{108:SCONNECT}}{4:
:20:MI090123
:25:1111111111
:28C:0547/303
:60M:D090123VEF000046453649,24
:61:090123D000000000050,00NTRF000028943598//180007
PAGO
:61:090123D000000000880,00NTRF000028935701//180007
PAGO
:61:090123D000000039940,07NTRF000000015895//180007
PAGO
:61:090123D000000037593,50NTRF000000015894//180007
PAGO
:61:090123D000000000508,27NTRF000000015893//180007
PAGO
:61:090123D000000004798,87NTRF000000015891//180007
PAGO
:61:090123D000000000891,30NTRF000000015890//180007
PAGO
:61:090123D000000002461,11NTRF000000015889//180007
PAGO
:61:090123D000000036397,22NTRF000000015888//180007
PAGO
:62M:D090123VEF000046577169,58
-}{5:{CHK:1143FB20924B}}{S:{COP:S}}${1:F21VZCRVECAAXXX5410610696}{4:{177:0404021720}{451:0}}{1:F01VZCRVECAAXXX5410610696}{2:09501717040402VZCRVECAAXXX40812675430404021720N}{3:{108:SCONNECT}}{4:
:20:MI090123
:25:1111111111
:28C:0547/304
:60M:D090123VEF000046577169,58
:61:090123D000000001993,55NTRF000000015887//180007
PAGO
:61:090123D000000004350,00NTRF000000015886//180007
PAGO
:61:090123D000000000100,00NTRF000091558590//180007
PAGO
:61:090123D000000002805,00NTRF000091247225//180007
PAGO
:61:090123D000000000300,00NTRF000091187545//180007
PAGO
:61:090123D000000002000,00NTRF000090998294//180007
PAGO
:61:090123D000000000306,00NTRF000090953394//180007
PAGO
:61:090123D000000020400,00NTRF000090902288//180007
PAGO
:61:090123D000000000200,00NTRF000090880361//180007
PAGO
:62M:D090123VEF000046609624,13
-}{5:{CHK:1143FB20924B}}{S:{COP:S}}${1:F21VZCRVECAAXXX5410610696}{4:{177:0404021720}{451:0}}{1:F01VZCRVECAAXXX5410610696}{2:09501717040402VZCRVECAAXXX40812675430404021720N}{3:{108:SCONNECT}}{4:
:20:MI090123
:25:1111111111
:28C:0547/305
:60M:D090123VEF000046609624,13
:61:090123D000000002400,00NTRF000090771471//180007
PAGO
:61:090123D000000000300,00NTRF000090623134//180007
PAGO
:61:090123D000000020000,00NTRF000073299305//180007
PAGO
:61:090123D000000002000,00NTRF000073225305//180007
PAGO
:61:090123D000000000170,00NTRF000073177082//180007
PAGO
:61:090123D000000000150,00NTRF000072883160//180007
PAGO
:61:090123D000000001100,00NTRF000072666061//180007
PAGO
:61:090123D000000002000,00NTRF000072548761//180007
PAGO
:61:090123D000000000610,00NTRF000072402017//180007
PAGO
:62M:D090123VEF000046638354,13
-}{5:{CHK:1143FB20924B}}{S:{COP:S}}${1:F21VZCRVECAAXXX5410610696}{4:{177:0404021720}{451:0}}{1:F01VZCRVECAAXXX5410610696}{2:09501717040402VZCRVECAAXXX40812675430404021720N}{3:{108:SCONNECT}}{4:
:20:MI090123
:25:1111111111
:28C:0547/306
:60M:D090123VEF000046638354,13
:61:090123D000000000163,50NTRF000072305017//180007
PAGO
:61:090123D000000006000,00NTRF000072271637//180007
PAGO
:61:090123D000000002500,00NTRF000055884363//180007
PAGO
:61:090123D000000000500,00NTRF000055800513//180007
PAGO
:61:090123D000000001551,07NTRF000055719469//180007
PAGO
:61:090123D000000001913,60NTRF000055612360//180007
PAGO
:61:090123D000000000500,00NTRF000055581547//180007
PAGO
:61:090123D000000000145,00NTRF000055535063//180007
PAGO
:61:090123D000000002000,00NTRF000055202566//180007
PAGO
:62M:D090123VEF000046653627,30
-}{5:{CHK:1143FB20924B}}{S:{COP:S}}${1:F21VZCRVECAAXXX5410610696}{4:{177:0404021720}{451:0}}{1:F01VZCRVECAAXXX5410610696}{2:09501717040402VZCRVECAAXXX40812675430404021720N}{3:{108:SCONNECT}}{4:
:20:MI090123
:25:1111111111
:28C:0547/307
:60M:D090123VEF000046653627,30
:61:090123D000000000155,00NTRF000055202509//180007
PAGO
:61:090123D000000001080,00NTRF000055145889//180007
PAGO
:61:090123D000000000050,00NTRF000037794918//180007
PAGO
:61:090123D000000000070,00NTRF000037758748//180007
PAGO
:61:090123D000000005000,00NTRF000037662109//180007
PAGO
:61:090123D000000001000,00NTRF000037566180//180007
PAGO
:61:090123D000000001200,00NTRF000037164410//180007
PAGO
:61:090123D000000001150,00NTRF000037123269//180007
PAGO
:61:090123D000000000900,00NTRF000037000039//180007
PAGO
:62M:D090123VEF000046664232,30
-}{5:{CHK:1143FB20924B}}{S:{COP:S}}${1:F21VZCRVECAAXXX5410610696}{4:{177:0404021720}{451:0}}{1:F01VZCRVECAAXXX5410610696}{2:09501717040402VZCRVECAAXXX40812675430404021720N}{3:{108:SCONNECT}}{4:
:20:MI090123
:25:1111111111
:28C:0547/308
:60M:D090123VEF000046664232,30
:61:090123D000000000600,00NTRF000036850443//180007
PAGO
:61:090123D000000000117,00NTRF000036840620//180007
PAGO
:61:090123D000000000610,00NTRF000019032389//180007
PAGO
:61:090123D000000000200,00NTRF000018962580//180007
PAGO
:61:090123D000000000904,00NTRF000018907799//180007
PAGO
:61:090123D000000000300,00NTRF000018903047//180007
PAGO
:61:090123D000000000300,00NTRF000018804820//180007
PAGO
:61:090123D000000000200,00NTRF000018774600//180007
PAGO
:61:090123D000000000125,00NTRF000018560291//180007
PAGO
:62M:D090123VEF000046667588,30
-}{5:{CHK:1143FB20924B}}{S:{COP:S}}${1:F21VZCRVECAAXXX5410610696}{4:{177:0404021720}{451:0}}{1:F01VZCRVECAAXXX5410610696}{2:09501717040402VZCRVECAAXXX40812675430404021720N}{3:{108:SCONNECT}}{4:
:20:MI090123
:25:1111111111
:28C:0547/309
:60M:D090123VEF000046667588,30
:61:090123D000000000293,00NTRF000018340403//180007
PAGO
:61:090123D000000000400,00NTRF000018244748//180007
PAGO
:61:090123D000000039000,00NTRF000000887909//180007
PAGO
:61:090123D000000005960,30NTRF000000785148//180007
PAGO
:61:090123D000000001645,00NTRF000000715089//180007
PAGO
:61:090123D000000000075,38NTRF000000579121//180007
PAGO
:61:090123D000000002000,00NTRF000000565045//180007
PAGO
:61:090123D000000000500,00NTRF000000504413//180007
PAGO
:61:090123D000000000160,00NTRF000000214193//180007
PAGO
:62M:D090123VEF000046717621,98
-}{5:{CHK:1143FB20924B}}{S:{COP:S}}${1:F21VZCRVECAAXXX5410610696}{4:{177:0404021720}{451:0}}{1:F01VZCRVECAAXXX5410610696}{2:09501717040402VZCRVECAAXXX40812675430404021720N}{3:{108:SCONNECT}}{4:
:20:MI090123
:25:1111111111
:28C:0547/310
:60M:D090123VEF000046717621,98
:61:090123D000000003866,00NTRF000000006720//180007
PAGO
:61:090123D000000000100,00NTRF000099927175//180007
PAGO
:61:090123D000000000175,00NTRF000077829681//180007
PAGO
:61:090123D000000000372,96NTRF000077593995//180007
PAGO
:61:090123D000000000245,60NTRF000077245376//180007
PAGO
:61:090123D000000001300,00NTRF000077134530//180007
PAGO
:61:090123D000000001000,00NTRF000077067907//180007
PAGO
:61:090123D000000001100,00NTRF000076734596//180007
PAGO
:61:090123D000000000100,00NTRF000075570952//180007
PAGO
:62M:D090123VEF000046725881,54
-}{5:{CHK:1143FB20924B}}{S:{COP:S}}${1:F21VZCRVECAAXXX5410610696}{4:{177:0404021720}{451:0}}{1:F01VZCRVECAAXXX5410610696}{2:09501717040402VZCRVECAAXXX40812675430404021720N}{3:{108:SCONNECT}}{4:
:20:MI090123
:25:1111111111
:28C:0547/311
:60M:D090123VEF000046725881,54
:61:090123D000000000130,00NTRF000075465282//180007
PAGO
:61:090123D000000000670,00NTRF000075441510//180007
PAGO
:61:090123D000000001000,00NTRF000051153711//180007
PAGO
:61:090123D000000000500,00NTRF000050998034//180007
PAGO
:61:090123D000000000500,00NTRF000050934034//180007
PAGO
:61:090123D000000000106,00NTRF000050892978//180007
PAGO
:61:090123D000000000500,00NTRF000050824054//180007
PAGO
:61:090123D000000000350,00NTRF000050325178//180007
PAGO
:61:090123D000000000450,00NTRF000049986257//180007
PAGO
:62M:D090123VEF000046730087,54
-}{5:{CHK:1143FB20924B}}{S:{COP:S}}${1:F21VZCRVECAAXXX5410610696}{4:{177:0404021720}{451:0}}{1:F01VZCRVECAAXXX5410610696}{2:09501717040402VZCRVECAAXXX40812675430404021720N}{3:{108:SCONNECT}}{4:
:20:MI090123
:25:1111111111
:28C:0547/312
:60M:D090123VEF000046730087,54
:61:090123D000000003700,00NTRF000049879142//180007
PAGO
:61:090123D000000000200,00NTRF000049840325//180007
PAGO
:61:090123D000000000170,00NTRF000025025402//180007
PAGO
:61:090123D000000000270,00NTRF000024789479//180007
PAGO
:61:090123D000000000500,00NTRF000024378184//180007
PAGO
:61:090123D000000000109,37NTRF000024361625//180007
PAGO
:61:090123D000000000150,80NTRF000024234033//180007
PAGO
:61:090123D000000000200,00NTRF000023576329//180007
PAGO
:61:090123D000000000750,00NTRF000023365526//180007
PAGO
:62M:D090123VEF000046736137,71
-}{5:{CHK:1143FB20924B}}{S:{COP:S}}${1:F21VZCRVECAAXXX5410610696}{4:{177:0404021720}{451:0}}{1:F01VZCRVECAAXXX5410610696}{2:09501717040402VZCRVECAAXXX40812675430404021720N}{3:{108:SCONNECT}}{4:
:20:MI090123
:25:1111111111
:28C:0547/313
:60M:D090123VEF000046736137,71
:61:090123D000000000270,00NTRF000023177704//180007
PAGO
:61:090123D000000000096,00NTRF000023092463//180007
PAGO
:61:090123D000000000110,00NTRF000005396384//180007
PAGO
:61:090123D000000000250,00NTRF000005279676//180007
PAGO
:61:090123D000000000300,00NTRF000005064713//180007
PAGO
:61:090123D000000000371,00NTRF000004763551//180007
PAGO
:61:090123D000000004479,55NTRF000004714494//180007
PAGO
:61:090123D000000000401,00NTRF000004550565//180007
PAGO
:61:090123D000000000450,00NTRF000004520230//180007
PAGO
:62M:D090123VEF000046742865,26
-}{5:{CHK:1143FB20924B}}{S:{COP:S}}${1:F21VZCRVECAAXXX5410610696}{4:{177:0404021720}{451:0}}{1:F01VZCRVECAAXXX5410610696}{2:09501717040402VZCRVECAAXXX40812675430404021720N}{3:{108:SCONNECT}}{4:
:20:MI090123
:25:1111111111
:28C:0547/314
:60M:D090123VEF000046742865,26
:61:090123D000000001383,01NTRF000004510803//180007
PAGO
:61:090123D000000000060,00NTRF000004249359//180007
PAGO
:61:090123D000000124312,67NTRF000000036388//180007
PAGO
:61:090123D000000071631,81NTRF000000036387//180007
PAGO
:61:090123D000000300778,49NTRF000000036386//180007
PAGO
:61:090123D000000003473,25NTRF000000036385//180007
PAGO
:61:090123D000000051631,40NTRF000000036384//180007
PAGO
:61:090123D000000021560,13NTRF000000036383//180007
PAGO
:61:090123D000000000306,32NTRF000000036382//180007
PAGO
:62M:D090123VEF000047318002,34
-}{5:{CHK:1143FB20924B}}{S:{COP:S}}${1:F21VZCRVECAAXXX5410610696}{4:{177:0404021720}{451:0}}{1:F01VZCRVECAAXXX5410610696}{2:09501717040402VZCRVECAAXXX40812675430404021720N}{3:{108:SCONNECT}}{4:
:20:MI090123
:25:1111111111
:28C:0547/315
:60M:D090123VEF000047318002,34
:61:090123D000000052165,24NTRF000000036381//180007
PAGO
:61:090123D000000001828,96NTRF000000036380//180007
PAGO
:61:090123D000000027407,93NTRF000000036292//180007
PAGO
:61:090123D000000019404,00NTRF000000036291//180007
PAGO
:61:090123D000000064456,98NTRF000000036290//180007
PAGO
:61:090123D000000000360,00NTRF000000036289//180007
PAGO
:61:090123D000000003065,44NTRF000000036288//180007
PAGO
:61:090123D000000005268,11NTRF000000036287//180007
PAGO
:61:090123D000000002868,00NTRF000000036286//180007
PAGO
:62M:D090123VEF000047494827,00
-}{5:{CHK:1143FB20924B}}{S:{COP:S}}${1:F21VZCRVECAAXXX5410610696}{4:{177:0404021720}{451:0}}{1:F01VZCRVECAAXXX5410610696}{2:09501717040402VZCRVECAAXXX40812675430404021720N}{3:{108:SCONNECT}}{4:
:20:MI090123
:25:1111111111
:28C:0547/316
:60M:D090123VEF000047494827,00
:61:090123D000000001003,01NTRF000000036285//180007
PAGO
:61:090123D000000026952,14NTRF000000036284//180007
PAGO
:61:090123D000001061911,77NTRF000000057299//180007
PAGO
:61:090123D000001827279,81NTRF000000057298//180007
PAGO
:61:090123D000000007479,30NTRF000000057290//180007
PAGO
:61:090123D000000000101,20NTRF000000892713//180007
PAGO
:61:090123D000000000690,49NTRF000000892712//180007
PAGO
:61:090123D000000003691,29NTRF000000892407//180007
PAGO
:61:090123D000000010348,80NTRF000000892392//180007
PAGO
:62M:D090123VEF000050434284,81
-}{5:{CHK:1143FB20924B}}{S:{COP:S}}${1:F21VZCRVECAAXXX5410610696}{4:{177:0404021720}{451:0}}{1:F01VZCRVECAAXXX5410610696}{2:09501717040402VZCRVECAAXXX40812675430404021720N}{3:{108:SCONNECT}}{4:
:20:MI090123
:25:1111111111
:28C:0547/317
:60M:D090123VEF000050434284,81
:61:090123D000000005078,79NTRF000000892135//180007
PAGO
:61:090123D000000066500,04NTRF000000113593//180007
PAGO
:61:090123D000000002231,55NTRF000000000026//180007
PAGO
:61:090123D000000002964,00NTRF000000000024//180007
PAGO
:61:090123D000000005130,00NTRF000000000023//180007
PAGO
:61:090123D000000017137,50NTRF000000000022//180007
PAGO
:61:090123D000000000472,00NTRF000000000021//180007
PAGO
:61:090123D000000007908,75NTRF000000000020//180007
PAGO
:61:090123D000000003328,80NTRF000000000019//180007
PAGO
:62M:D090123VEF000050545036,24
-}{5:{CHK:1143FB20924B}}{S:{COP:S}}${1:F21VZCRVECAAXXX5410610696}{4:{177:0404021720}{451:0}}{1:F01VZCRVECAAXXX5410610696}{2:09501717040402VZCRVECAAXXX40812675430404021720N}{3:{108:SCONNECT}}{4:
:20:MI090123
:25:1111111111
:28C:0547/318
:60M:D090123VEF000050545036,24
:61:090123D000000010488,00NTRF000000000018//180007
PAGO
:61:090123D000000014956,80NTRF000000000017//180007
PAGO
:61:090123D000000000086,00NTRF000004450935//180007
PAGO
:61:090123D000000001040,00NTRF000000141787//180007
PAGO
:61:090123D000000001000,00NTRF000099052001//180007
PAGO
:61:090123D000000000100,00NTRF000097863973//180007
PAGO
:61:090123D000000000200,00NTRF000095819263//180007
PAGO
:61:090123D000000000194,03NTRF000095271077//180007
PAGO
:61:090123D000000004235,00NTRF000093836020//180007
PAGO
:62M:D090123VEF000050577336,07
-}{5:{CHK:1143FB20924B}}{S:{COP:S}}${1:F21VZCRVECAAXXX5410610696}{4:{177:0404021720}{451:0}}{1:F01VZCRVECAAXXX5410610696}{2:09501717040402VZCRVECAAXXX40812675430404021720N}{3:{108:SCONNECT}}{4:
:20:MI090123
:25:1111111111
:28C:0547/319
:60M:D090123VEF000050577336,07
:61:090123D000000000105,40NTRF000093312150//180007
PAGO
:61:090123D000000000500,00NTRF000068403879//180007
PAGO
:61:090123D000000000500,00NTRF000067591806//180007
PAGO
:61:090123D000000000361,46NTRF000067552807//180007
PAGO
:61:090123D000000000888,10NTRF000066906193//180007
PAGO
:61:090123D000000000060,00NTRF000066878861//180007
PAGO
:61:090123D000000200000,00NTRF000066774800//180007
PAGO
:61:090123D000000007774,64NTRF000066624425//180007
PAGO
:61:090123D000000001100,00NTRF000065984092//180007
PAGO
:62M:D090123VEF000050788625,67
-}{5:{CHK:1143FB20924B}}{S:{COP:S}}${1:F21VZCRVECAAXXX5410610696}{4:{177:0404021720}{451:0}}{1:F01VZCRVECAAXXX5410610696}{2:09501717040402VZCRVECAAXXX40812675430404021720N}{3:{108:SCONNECT}}{4:
:20:MI090123
:25:1111111111
:28C:0547/320
:60M:D090123VEF000050788625,67
:61:090123D000000008365,00NTRF000065789296//180007
PAGO
:61:090123D000000000900,00NTRF000034842002//180007
PAGO
:61:090123D000000000300,00NTRF000034665643//180007
PAGO
:61:090123D000000005500,00NTRF000034665155//180007
PAGO
:61:090123D000000000650,00NTRF000033970263//180007
PAGO
:61:090123D000000000639,00NTRF000033660050//180007
PAGO
:61:090123D000000000160,00NTRF000033578491//180007
PAGO
:61:090123D000000000533,00NTRF000033575458//180007
PAGO
:61:090123D000000000150,00NTRF000033408608//180007
PAGO
:62M:D090123VEF000050805822,67
-}{5:{CHK:1143FB20924B}}{S:{COP:S}}${1:F21VZCRVECAAXXX5410610696}{4:{177:0404021720}{451:0}}{1:F01VZCRVECAAXXX5410610696}{2:09501717040402VZCRVECAAXXX40812675430404021720N}{3:{108:SCONNECT}}{4:
:20:MI090123
:25:1111111111
:28C:0547/321
:60M:D090123VEF000050805822,67
:61:090123D000000007500,00NTRF000032649944//180007
PAGO
:61:090123D000000001000,00NTRF000002084952//180007
PAGO
:61:090123D000000000950,00NTRF000001897585//180007
PAGO
:61:090123D000000001176,00NTRF000001768270//180007
PAGO
:61:090123D000000004000,00NTRF000001755858//180007
PAGO
:61:090123D000000000300,00NTRF000001572272//180007
PAGO
:61:090123D000000000900,00NTRF000001427371//180007
PAGO
:61:090123D000000000470,00NTRF000000923533//180007
PAGO
:61:090123D000000000838,80NTRF000000778156//180007
PAGO
:62M:D090123VEF000050822957,47
-}{5:{CHK:1143FB20924B}}{S:{COP:S}}${1:F21VZCRVECAAXXX5410610696}{4:{177:0404021720}{451:0}}{1:F01VZCRVECAAXXX5410610696}{2:09501717040402VZCRVECAAXXX40812675430404021720N}{3:{108:SCONNECT}}{4:
:20:MI090123
:25:1111111111
:28C:0547/322
:60M:D090123VEF000050822957,47
:61:090123D000000000150,00NTRF000000749693//180007
PAGO
:61:090123D000000000090,00NTRF000060476822//180007
PAGO
:61:090123D000000000500,00NTRF000059183014//180007
PAGO
:61:090123D000000003225,00NTRF000058584993//180007
PAGO
:61:090123D000000000150,00NTRF000058256034//180007
PAGO
:61:090123D000000000150,00NTRF000058126034//180007
PAGO
:61:090123D000000000150,00NTRF000057965034//180007
PAGO
:61:090123D000000000200,00NTRF000057869029//180007
PAGO
:61:090123D000000000035,00NTRF000057469317//180007
PAGO
:62M:D090123VEF000050827607,47
-}{5:{CHK:1143FB20924B}}{S:{COP:S}}${1:F21VZCRVECAAXXX5410610696}{4:{177:0404021720}{451:0}}{1:F01VZCRVECAAXXX5410610696}{2:09501717040402VZCRVECAAXXX40812675430404021720N}{3:{108:SCONNECT}}{4:
:20:MI090123
:25:1111111111
:28C:0547/323
:60M:D090123VEF000050827607,47
:61:090123D000000000208,03NTRF000055884855//180007
PAGO
:61:090123D000000000050,00NTRF000028900598//180007
PAGO
:61:090123D000000000800,00NTRF000028742927//180007
PAGO
:61:090123D000000000412,00NTRF000028729096//180007
PAGO
:61:090123D000000000135,00NTRF000028725614//180007
PAGO
:61:090123D000000000100,00NTRF000028721305//180007
PAGO
:61:090123D000000000200,00NTRF000028601547//180007
PAGO
:61:090123D000000000500,00NTRF000028288188//180007
PAGO
:61:090123D000000000350,00NTRF000028256812//180007
PAGO
:62M:D090123VEF000050830362,50
-}{5:{CHK:1143FB20924B}}{S:{COP:S}}${1:F21VZCRVECAAXXX5410610696}{4:{177:0404021720}{451:0}}{1:F01VZCRVECAAXXX5410610696}{2:09501717040402VZCRVECAAXXX40812675430404021720N}{3:{108:SCONNECT}}{4:
:20:MI090123
:25:1111111111
:28C:0547/324
:60M:D090123VEF000050830362,50
:61:090123D000000000500,00NTRF000027943188//180007
PAGO
:61:090123D000000001183,00NTRF000000015885//180007
PAGO
:61:090123D000000000421,99NTRF000000015884//180007
PAGO
:61:090123D000000005895,94NTRF000000015883//180007
PAGO
:61:090123D000000000214,72NTRF000000015882//180007
PAGO
:61:090123D000000003291,89NTRF000000015881//180007
PAGO
:61:090123D000000003716,78NTRF000000015880//180007
PAGO
:61:090123D000000000680,74NTRF000000015879//180007
PAGO
:61:090123D000000008826,22NTRF000000015878//180007
PAGO
:62M:D090123VEF000050855093,78
-}{5:{CHK:1143FB20924B}}{S:{COP:S}}${1:F21VZCRVECAAXXX5410610696}{4:{177:0404021720}{451:0}}{1:F01VZCRVECAAXXX5410610696}{2:09501717040402VZCRVECAAXXX40812675430404021720N}{3:{108:SCONNECT}}{4:
:20:MI090123
:25:1111111111
:28C:0547/325
:60M:D090123VEF000050855093,78
:61:090123D000000008289,61NTRF000000015877//180007
PAGO
:61:090123D000000000792,00NTRF000090519778//180007
PAGO
:61:090123D000000000065,00NTRF000090335073//180007
PAGO
:61:090123D000000000065,00NTRF000090207976//180007
PAGO
:61:090123D000000002501,13NTRF000090169934//180007
PAGO
:61:090123D000000000595,00NTRF000090154738//180007
PAGO
:61:090123D000000000400,00NTRF000090118174//180007
PAGO
:61:090123D000000000340,00NTRF000090097261//180007
PAGO
:61:090123D000000000650,00NTRF000090074143//180007
PAGO
:62M:D090123VEF000050868791,52
-}{5:{CHK:1143FB20924B}}{S:{COP:S}}${1:F21VZCRVECAAXXX5410610696}{4:{177:0404021720}{451:0}}{1:F01VZCRVECAAXXX5410610696}{2:09501717040402VZCRVECAAXXX40812675430404021720N}{3:{108:SCONNECT}}{4:
:20:MI090123
:25:1111111111
:28C:0547/326
:60M:D090123VEF000050868791,52
:61:090123D000000000220,00NTRF000089729852//180007
PAGO
:61:090123D000000000020,00NTRF000072244422//180007
PAGO
:61:090123D000000002340,12NTRF000072098020//180007
PAGO
:61:090123D000000000200,00NTRF000072042781//180007
PAGO
:61:090123D000000000400,00NTRF000071793833//180007
PAGO
:61:090123D000000000300,00NTRF000071739727//180007
PAGO
:61:090123D000000005000,00NTRF000071678328//180007
PAGO
:61:090123D000000000400,00NTRF000071599139//180007
PAGO
:61:090123D000000000100,00NTRF000071418481//180007
PAGO
:62M:D090123VEF000050877771,64
-}{5:{CHK:1143FB20924B}}{S:{COP:S}}${1:F21VZCRVECAAXXX5410610696}{4:{177:0404021720}{451:0}}{1:F01VZCRVECAAXXX5410610696}{2:09501717040402VZCRVECAAXXX40812675430404021720N}{3:{108:SCONNECT}}{4:
:20:MI090123
:25:1111111111
:28C:0547/327
:60M:D090123VEF000050877771,64
:61:090123D000000000400,00NTRF000071400892//180007
PAGO
:61:090123D000000000500,00NTRF000055108655//180007
PAGO
:61:090123D000000000212,00NTRF000055043322//180007
PAGO
:61:090123D000000023759,54NTRF000055040367//180007
PAGO
:61:090123D000000000500,00NTRF000054977570//180007
PAGO
:61:090123D000000004500,00NTRF000054895353//180007
PAGO
:61:090123D000000010000,00NTRF000054874655//180007
PAGO
:61:090123D000000000100,00NTRF000054871409//180007
PAGO
:61:090123D000000001000,00NTRF000054824714//180007
PAGO
:62M:D090123VEF000050918743,18
-}{5:{CHK:1143FB20924B}}{S:{COP:S}}${1:F21VZCRVECAAXXX5410610696}{4:{177:0404021720}{451:0}}{1:F01VZCRVECAAXXX5410610696}{2:09501717040402VZCRVECAAXXX40812675430404021720N}{3:{108:SCONNECT}}{4:
:20:MI090123
:25:1111111111
:28C:0547/328
:60M:D090123VEF000050918743,18
:61:090123D000000000100,00NTRF000054636602//180007
PAGO
:61:090123D000000001250,00NTRF000036818103//180007
PAGO
:61:090123D000000004532,00NTRF000036660974//180007
PAGO
:61:090123D000000000430,00NTRF000036412530//180007
PAGO
:61:090123D000000000300,00NTRF000035695108//180007
PAGO
:61:090123D000000000300,00NTRF000035554932//180007
PAGO
:61:090123D000000000700,00NTRF000035129218//180007
PAGO
:61:090123D000000000300,00NTRF000035087911//180007
PAGO
:61:090123D000000000258,00NTRF000034899188//180007
PAGO
:62M:D090123VEF000050926913,18
-}{5:{CHK:1143FB20924B}}{S:{COP:S}}${1:F21VZCRVECAAXXX5410610696}{4:{177:0404021720}{451:0}}{1:F01VZCRVECAAXXX5410610696}{2:09501717040402VZCRVECAAXXX40812675430404021720N}{3:{108:SCONNECT}}{4:
:20:MI090123
:25:1111111111
:28C:0547/329
:60M:D090123VEF000050926913,18
:61:090123D000000001500,00NTRF000034832895//180007
PAGO
:61:090123D000000000250,00NTRF000018173342//180007
PAGO
:61:090123D000000000500,50NTRF000018159573//180007
PAGO
:61:090123D000000001200,00NTRF000018023603//180007
PAGO
:61:090123D000000009000,00NTRF000018007117//180007
PAGO
:61:090123D000000000850,00NTRF000017928533//180007
PAGO
:61:090123D000000001650,00NTRF000017839595//180007
PAGO
:61:090123D000000001600,00NTRF000017360005//180007
PAGO
:61:090123D000000002000,00NTRF000017349134//180007
PAGO
:62M:D090123VEF000050945463,68
-}{5:{CHK:1143FB20924B}}{S:{COP:S}}${1:F21VZCRVECAAXXX5410610696}{4:{177:0404021720}{451:0}}{1:F01VZCRVECAAXXX5410610696}{2:09501717040402VZCRVECAAXXX40812675430404021720N}{3:{108:SCONNECT}}{4:
:20:MI090123
:25:1111111111
:28C:0547/330
:60M:D090123VEF000050945463,68
:61:090123D000000052700,43NTRF000017175005//180007
PAGO
:61:090123D000000000100,00NTRF000099895175//180007
PAGO
:61:090123D000000005000,00NTRF000099872373//180007
PAGO
:61:090123D000000000300,00NTRF000099687808//180007
PAGO
:61:090123D000000000200,00NTRF000099503605//180007
PAGO
:61:090123D000000002750,00NTRF000099415936//180007
PAGO
:61:090123D000000000100,00NTRF000099309521//180007
PAGO
:61:090123D000000000600,00NTRF000099245820//180007
PAGO
:61:090123D000000000200,00NTRF000099101605//180007
PAGO
:62M:D090123VEF000051007414,11
-}{5:{CHK:1143FB20924B}}{S:{COP:S}}${1:F21VZCRVECAAXXX5410610696}{4:{177:0404021720}{451:0}}{1:F01VZCRVECAAXXX5410610696}{2:09501717040402VZCRVECAAXXX40812675430404021720N}{3:{108:SCONNECT}}{4:
:20:MI090123
:25:1111111111
:28C:0547/331
:60M:D090123VEF000051007414,11
:61:090123D000000000200,00NTRF000099051605//180007
PAGO
:61:090123D000000000500,00NTRF000075099516//180007
PAGO
:61:090123D000000000110,00NTRF000074934184//180007
PAGO
:61:090123D000000000300,00NTRF000074330228//180007
PAGO
:61:090123D000000000300,00NTRF000074316277//180007
PAGO
:61:090123D000000000100,00NTRF000073991043//180007
PAGO
:61:090123D000000002680,00NTRF000073256819//180007
PAGO
:61:090123D000000000500,00NTRF000073202882//180007
PAGO
:61:090123D000000000090,00NTRF000073108120//180007
PAGO
:62M:D090123VEF000051012194,11
-}{5:{CHK:1143FB20924B}}{S:{COP:S}}${1:F21VZCRVECAAXXX5410610696}{4:{177:0404021720}{451:0}}{1:F01VZCRVECAAXXX5410610696}{2:09501717040402VZCRVECAAXXX40812675430404021720N}{3:{108:SCONNECT}}{4:
:20:MI090123
:25:1111111111
:28C:0547/332
:60M:D090123VEF000051012194,11
:61:090123D000000000150,00NTRF000073062607//180007
PAGO
:61:090123D000000000200,00NTRF000049743325//180007
PAGO
:61:090123D000000000161,00NTRF000049498465//180007
PAGO
:61:090123D000000003100,00NTRF000049252258//180007
PAGO
:61:090123D000000000300,00NTRF000049005212//180007
PAGO
:61:090123D000000000500,00NTRF000048846453//180007
PAGO
:61:090123D000000002107,71NTRF000048350564//180007
PAGO
:61:090123D000000000024,58NTRF000048225118//180007
PAGO
:61:090123D000000000855,74NTRF000048062404//180007
PAGO
:62M:D090123VEF000051019593,14
-}{5:{CHK:1143FB20924B}}{S:{COP:S}}${1:F21VZCRVECAAXXX5410610696}{4:{177:0404021720}{451:0}}{1:F01VZCRVECAAXXX5410610696}{2:09501717040402VZCRVECAAXXX40812675430404021720N}{3:{108:SCONNECT}}{4:
:20:MI090123
:25:1111111111
:28C:0547/333
:60M:D090123VEF000051019593,14
:61:090123D000000001893,74NTRF000047926273//180007
PAGO
:61:090123D000000001422,72NTRF000022714701//180007
PAGO
:61:090123D000000001556,36NTRF000022664274//180007
PAGO
:61:090123D000000000542,73NTRF000022458286//180007
PAGO
:61:090123D000000000100,00NTRF000022433023//180007
PAGO
:61:090123D000000001000,00NTRF000022332561//180007
PAGO
:61:090123D000000000300,00NTRF000022331943//180007
PAGO
:61:090123D000000000300,00NTRF000022268943//180007
PAGO
:61:090123D000000000300,00NTRF000022227498//180007
PAGO
:62M:D090123VEF000051027008,69
-}{5:{CHK:1143FB20924B}}{S:{COP:S}}${1:F21VZCRVECAAXXX5410610696}{4:{177:0404021720}{451:0}}{1:F01VZCRVECAAXXX5410610696}{2:09501717040402VZCRVECAAXXX40812675430404021720N}{3:{108:SCONNECT}}{4:
:20:MI090123
:25:1111111111
:28C:0547/334
:60M:D090123VEF000051027008,69
:61:090123D000000000100,00NTRF000021955873//180007
PAGO
:61:090123D000000005000,00NTRF000004232820//180007
PAGO
:61:090123D000000005000,00NTRF000004184820//180007
PAGO
:61:090123D000000000750,00NTRF000003515689//180007
PAGO
:61:090123D000000000213,64NTRF000003510856//180007
PAGO
:61:090123D000000001000,00NTRF000003087933//180007
PAGO
:61:090123D000000000450,00NTRF000003056850//180007
PAGO
:61:090123D000000000150,00NTRF000003008254//180007
PAGO
:61:090123D000000001000,00NTRF000002179614//180007
PAGO
:62M:D090123VEF000051040672,33
-}{5:{CHK:1143FB20924B}}{S:{COP:S}}${1:F21VZCRVECAAXXX5410610696}{4:{177:0404021720}{451:0}}{1:F01VZCRVECAAXXX5410610696}{2:09501717040402VZCRVECAAXXX40812675430404021720N}{3:{108:SCONNECT}}{4:
:20:MI090123
:25:1111111111
:28C:0547/335
:60M:D090123VEF000051040672,33
:61:090123D000000000300,00NTRF000001546210//180007
PAGO
:61:090123D000000023124,50NTRF000000036379//180007
PAGO
:61:090123D000000016776,95NTRF000000036378//180007
PAGO
:61:090123D000000087511,24NTRF000000036377//180007
PAGO
:61:090123D000000009523,49NTRF000000036376//180007
PAGO
:61:090123D000000016856,26NTRF000000036375//180007
PAGO
:61:090123D000000005932,13NTRF000000036374//180007
PAGO
:61:090123D000000006737,42NTRF000000036373//180007
PAGO
:61:090123D000000031474,52NTRF000000036372//180007
PAGO
:62M:D090123VEF000051238908,84
-}{5:{CHK:1143FB20924B}}{S:{COP:S}}${1:F21VZCRVECAAXXX5410610696}{4:{177:0404021720}{451:0}}{1:F01VZCRVECAAXXX5410610696}{2:09501717040402VZCRVECAAXXX40812675430404021720N}{3:{108:SCONNECT}}{4:
:20:MI090123
:25:1111111111
:28C:0547/336
:60M:D090123VEF000051238908,84
:61:090123D000000057847,04NTRF000000036371//180007
PAGO
:61:090123D000000002113,02NTRF000000036283//180007
PAGO
:61:090123D000000001209,46NTRF000000036282//180007
PAGO
:61:090123D000000006671,78NTRF000000036281//180007
PAGO
:61:090123D000000001846,32NTRF000000036280//180007
PAGO
:61:090123D000000000441,10NTRF000000036279//180007
PAGO
:61:090123D000000003743,95NTRF000000036278//180007
PAGO
:61:090123D000000001687,12NTRF000000036277//180007
PAGO
:61:090123D000000031307,79NTRF000000036276//180007
PAGO
:62M:D090123VEF000051345776,42
-}{5:{CHK:1143FB20924B}}{S:{COP:S}}${1:F21VZCRVECAAXXX5410610696}{4:{177:0404021720}{451:0}}{1:F01VZCRVECAAXXX5410610696}{2:09501717040402VZCRVECAAXXX40812675430404021720N}{3:{108:SCONNECT}}{4:
:20:MI090123
:25:1111111111
:28C:0547/337
:60M:D090123VEF000051345776,42
:61:090123D000000057220,55NTRF000000036275//180007
PAGO
:61:090123D000000004962,50NTRF000000113592//180007
PAGO
:61:090123D000000048200,57NTRF000000113591//180007
PAGO
:61:090123D000000066675,02NTRF000000113590//180007
PAGO
:61:090123D000000010373,85NTRF000000113589//180007
PAGO
:61:090123D000000019704,45NTRF000000113587//180007
PAGO
:61:090123D000000013814,04NTRF000000113586//180007
PAGO
:61:090123D000000006358,00NTRF000000113585//180007
PAGO
:61:090123D000000127538,26NTRF000000113584//180007
PAGO
:62M:D090123VEF000051700623,66
-}{5:{CHK:1143FB20924B}}{S:{COP:S}}${1:F21VZCRVECAAXXX5410610696}{4:{177:0404021720}{451:0}}{1:F01VZCRVECAAXXX5410610696}{2:09501717040402VZCRVECAAXXX40812675430404021720N}{3:{108:SCONNECT}}{4:
:20:MI090123
:25:1111111111
:28C:0547/338
:60M:D090123VEF000051700623,66
:61:090123D000000001332,32NTRF000000113579//180007
PAGO
:61:090123D000000008002,80NTRF000000000016//180007
PAGO
:61:090123D000000015616,32NTRF000000000015//180007
PAGO
:61:090123D000000004719,60NTRF000000000013//180007
PAGO
:61:090123D000000004286,40NTRF000000000012//180007
PAGO
:61:090123D000000000039,69NTRF000000000011//180007
PAGO
:61:090123D000000017877,39NTRF000000000010//180007
PAGO
:61:090123D000000014409,60NTRF000000000009//180007
PAGO
:61:090123D000000006361,20NTRF000000000007//180007
PAGO
:62M:D090123VEF000051773268,98
-}{5:{CHK:1143FB20924B}}{S:{COP:S}}${1:F21VZCRVECAAXXX5410610696}{4:{177:0404021720}{451:0}}{1:F01VZCRVECAAXXX5410610696}{2:09501717040402VZCRVECAAXXX40812675430404021720N}{3:{108:SCONNECT}}{4:
:20:MI090123
:25:1111111111
:28C:0547/339
:60M:D090123VEF000051773268,98
:61:090123D000000002810,10NTRF000000000006//180007
PAGO
:61:090123D000000000200,00NTRF000071434535//180007
PAGO
:61:090123D000000004650,38NTRF000070414749//180007
PAGO
:61:090123D000000004491,98NTRF000070414310//180007
PAGO
:61:090123D000000000150,00NTRF000065469616//180007
PAGO
:61:090123D000000000821,63NTRF000064978019//180007
PAGO
:61:090123D000000000400,00NTRF000064923980//180007
PAGO
:61:090123D000000001086,00NTRF000064922311//180007
PAGO
:61:090123D000000000771,27NTRF000064893394//180007
PAGO
:62M:D090123VEF000051788650,34
-}{5:{CHK:1143FB20924B}}{S:{COP:S}}${1:F21VZCRVECAAXXX5410610696}{4:{177:0404021720}{451:0}}{1:F01VZCRVECAAXXX5410610696}{2:09501717040402VZCRVECAAXXX40812675430404021720N}{3:{108:SCONNECT}}{4:
:20:MI090123
:25:1111111111
:28C:0547/340
:60M:D090123VEF000051788650,34
:61:090123D000000000205,42NTRF000064833694//180007
PAGO
:61:090123D000000000210,00NTRF000064037195//180007
PAGO
:61:090123D000000000450,00NTRF000063496990//180007
PAGO
:61:090123D000000000675,00NTRF000063150768//180007
PAGO
:61:090123D000000006000,00NTRF000032509913//180007
PAGO
:61:090123D000000000140,00NTRF000032505416//180007
PAGO
:61:090123D000000000300,00NTRF000032332883//180007
PAGO
:61:090123D000000004000,00NTRF000031430904//180007
PAGO
:61:090123D000000001215,00NTRF000031286540//180007
PAGO
:62M:D090123VEF000051801845,76
-}{5:{CHK:1143FB20924B}}{S:{COP:S}}${1:F21VZCRVECAAXXX5410610696}{4:{177:0404021720}{451:0}}{1:F01VZCRVECAAXXX5410610696}{2:09501717040402VZCRVECAAXXX40812675430404021720N}{3:{108:SCONNECT}}{4:
:20:MI090123
:25:1111111111
:28C:0547/341
:60M:D090123VEF000051801845,76
:61:090123D000000001500,00NTRF000031036949//180007
PAGO
:61:090123D000000002800,00NTRF000030953651//180007
PAGO
:61:090123D000000000500,00NTRF000030748991//180007
PAGO
:61:090123D000000000300,00NTRF000030615228//180007
PAGO
:61:090123D000000021668,00NTRF000000679299//180007
PAGO
:61:090123D000000000100,00NTRF000000415298//180007
PAGO
:61:090123D000000000400,00NTRF000000415126//180007
PAGO
:61:090123D000000000102,00NTRF000000175027//180007
PAGO
:61:090123D000000000500,00NTRF000099797010//180007
PAGO
:62M:D090123VEF000051829715,76
-}{5:{CHK:1143FB20924B}}{S:{COP:S}}${1:F21VZCRVECAAXXX5410610696}{4:{177:0404021720}{451:0}}{1:F01VZCRVECAAXXX5410610696}{2:09501717040402VZCRVECAAXXX40812675430404021720N}{3:{108:SCONNECT}}{4:
:20:MI090123
:25:1111111111
:28C:0547/342
:60M:D090123VEF000051829715,76
:61:090123D000000001300,00NTRF000099529733//180007
PAGO
:61:090123D000000000800,00NTRF000098340817//180007
PAGO
:61:090123D000000000800,00NTRF000097845915//180007
PAGO
:61:090123D000000000149,29NTRF000097298435//180007
PAGO
:61:090123D000000000400,00NTRF000055258325//180007
PAGO
:61:090123D000000006565,00NTRF000055145384//180007
PAGO
:61:090123D000000000200,00NTRF000054999837//180007
PAGO
:61:090123D000000000300,00NTRF000054840337//180007
PAGO
:61:090123D000000000300,00NTRF000054364546//180007
PAGO
:62M:D090123VEF000051840530,05
-}{5:{CHK:1143FB20924B}}{S:{COP:S}}${1:F21VZCRVECAAXXX5410610696}{4:{177:0404021720}{451:0}}{1:F01VZCRVECAAXXX5410610696}{2:09501717040402VZCRVECAAXXX40812675430404021720N}{3:{108:SCONNECT}}{4:
:20:MI090123
:25:1111111111
:28C:0547/343
:60M:D090123VEF000051840530,05
:61:090123D000000001400,00NTRF000054336621//180007
PAGO
:61:090123D000000001000,00NTRF000054185642//180007
PAGO
:61:090123D000000001650,00NTRF000053581721//180007
PAGO
:61:090123D000000000343,00NTRF000053264980//180007
PAGO
:61:090123D000000002000,00NTRF000027924002//180007
PAGO
:61:090123D000000000100,00NTRF000027696707//180007
PAGO
:61:090123D000000000300,00NTRF000027559422//180007
PAGO
:61:090123D000000000500,00NTRF000027410767//180007
PAGO
:61:090123D000000002000,00NTRF000027409566//180007
PAGO
:62M:D090123VEF000051849823,05
-}{5:{CHK:1143FB20924B}}{S:{COP:S}}${1:F21VZCRVECAAXXX5410610696}{4:{177:0404021720}{451:0}}{1:F01VZCRVECAAXXX5410610696}{2:09501717040402VZCRVECAAXXX40812675430404021720N}{3:{108:SCONNECT}}{4:
:20:MI090123
:25:1111111111
:28C:0547/344
:60M:D090123VEF000051849823,05
:61:090123D000000002000,00NTRF000027289566//180007
PAGO
:61:090123D000000000453,10NTRF000027179723//180007
PAGO
:61:090123D000000000400,00NTRF000027007448//180007
PAGO
:61:090123D000000003600,00NTRF000027000297//180007
PAGO
:61:090123D000000040567,69NTRF000000015876//180007
PAGO
:61:090123D000000001866,41NTRF000000015875//180007
PAGO
:61:090123D000000000756,64NTRF000000015874//180007
PAGO
:61:090123D000000002181,19NTRF000000015873//180007
PAGO
:61:090123D000000028611,53NTRF000000015872//180007
PAGO
:62M:D090123VEF000051930259,61
-}{5:{CHK:1143FB20924B}}{S:{COP:S}}${1:F21VZCRVECAAXXX5410610696}{4:{177:0404021720}{451:0}}{1:F01VZCRVECAAXXX5410610696}{2:09501717040402VZCRVECAAXXX40812675430404021720N}{3:{108:SCONNECT}}{4:
:20:MI090123
:25:1111111111
:28C:0547/345
:60M:D090123VEF000051930259,61
:61:090123D000000003792,75NTRF000000015871//180007
PAGO
:61:090123D000000020774,30NTRF000000015870//180007
PAGO
:61:090123D000000002030,00NTRF000000015869//180007
PAGO
:61:090123D000000011338,32NTRF000000015868//180007
PAGO
:61:090123D000000000200,00NTRF000089688140//180007
PAGO
:61:090123D000000001150,00NTRF000089520039//180007
PAGO
:61:090123D000000000150,00NTRF000089373482//180007
PAGO
:61:090123D000000005000,00NTRF000089166452//180007
PAGO
:61:090123D000000000420,00NTRF000089062881//180007
PAGO
:62M:D090123VEF000051975114,98
-}{5:{CHK:1143FB20924B}}{S:{COP:S}}${1:F21VZCRVECAAXXX5410610696}{4:{177:0404021720}{451:0}}{1:F01VZCRVECAAXXX5410610696}{2:09501717040402VZCRVECAAXXX40812675430404021720N}{3:{108:SCONNECT}}{4:
:20:MI090123
:25:1111111111
:28C:0547/346
:60M:D090123VEF000051975114,98
:61:090123D000000000225,00NTRF000088883601//180007
PAGO
:61:090123D000000000361,00NTRF000088784379//180007
PAGO
:61:090123D000000001000,00NTRF000088769579//180007
PAGO
:61:090123D000000000500,00NTRF000088753988//180007
PAGO
:61:090123D000000002800,00NTRF000070908324//180007
PAGO
:61:090123D000000001800,00NTRF000070843045//180007
PAGO
:61:090123D000000001000,00NTRF000070783061//180007
PAGO
:61:090123D000000000750,00NTRF000070617155//180007
PAGO
:61:090123D000000000400,00NTRF000070424710//180007
PAGO
:62M:D090123VEF000051983950,98
-}{5:{CHK:1143FB20924B}}{S:{COP:S}}${1:F21VZCRVECAAXXX5410610696}{4:{177:0404021720}{451:0}}{1:F01VZCRVECAAXXX5410610696}{2:09501717040402VZCRVECAAXXX40812675430404021720N}{3:{108:SCONNECT}}{4:
:20:MI090123
:25:1111111111
:28C:0547/347
:60M:D090123VEF000051983950,98
:61:090123D000000001500,00NTRF000070405993//180007
PAGO
:61:090123D000000000513,00NTRF000070303092//180007
PAGO
:61:090123D000000001013,00NTRF000070206834//180007
PAGO
:61:090123D000000000200,00NTRF000070186139//180007
PAGO
:61:090123C000051987176,98NTRF000020090123//180007
N/C
:62F:C090123VEF000000000000,00
-}{5:{CHK:1143FB20924B}}{S:{COP:S}}