{1:F21BCGVVECAAXXX3681575144}{4:{177:0708030801}{451:0}}{1:F01BCGVVECAAXXX3681575144}{2:O9500201070803SCBLUS33AXXX88557112250708030803N}{3:{108:DDA0803149377}}{4:
:20:EDO-INICIAL
:25:000753376
:28C:1/1
:60F:C090630USD321880,73
:61:081121D1106,50NTRF20081119
:61:081222D765,50NTRF20081219037315
:61:090121D861,50NTRF20090116020491
:61:090421D798,50NTRF20090420028402
:61:090608D4679,43NTRFREF090604029858
:61:090608D7266,76NTRFREF090604029881
:61:090608D9263,50NTRFREF090604029882
:61:090608D11313,09NTRFREF090604029884
:61:090608D72595,00NTRFREF090604029885
:61:090608D76794,40NTRFREF090604029856
:61:090608D84893,23NTRFREF090604029857
:61:090622D818,00NMSCNREF
SERVICE CHARGE
:61:090629D4,83NMSCNREF
OVERDRAFT INTEREST
:61:090104C2000,00NMSCNREF
PAGO DE UDAARREN
:61:090417C1413,20NTRF20090414PAY00409
:61:090405C2000,00NMSCNREF
PAGO DE UDAARREN
:61:090618C5642,50NMSCREF51843
:61:090619C100010,00NMSCSSN0009598
:61:090625C40502,49NMSCREFZD81176TJ7301
:61:090626C72600,10NMSCREF09060330048A
:61:090630C742,04NMSCNREF
BNF DANUBE INTER INC
:61:090630C9185,00NMSCNREF
BNF COLUMBUSNET SA
:61:090630C79980,00NMSCNREF
BNF NESTUMP CORP
:62F:C090630USD364795,82
-}{5:{CHK:83DED51A66AC}{DLM:}}{S:{COP:P}}