{1:F21VZCRVECAAXXX5297582204}{4:{177:0311252025}{451:0}}{1:F01VZCRVECAAXXX5297582204}{2:09502025031125VZCRVECAAXXX27981267430311252025N}{3:{108:T000163667}}{4:
:20:EDOINICIAL
:25:1111111111
:28C:0001/001
:60F:D090120VEF162511202,36
:61:080616C52128499,59NTRF000020080616//180012
N/C
:61:080808C58055164,5NTRF000020080808//180005
N/C
:61:080822C52327538,27NTRF000020080822//180005
N/C
:62F:C090120VEF000000000000,00
-}{5:{CHK:1143FB20924B}}{S:{COP:S}}