{1:F21VZCRVECAAXXX5297582204}{4:{177:0311252025}{451:0}}{1:F01VZCRVECAAXXX5297582204}{2:09502025031125VZCRVECAAXXX27981267430311252025N}{3:{108:T000163667}}{4:
:20:MI090506
:25:1111111111
:28C:0001/001
:60F:D090526VEF55468139,87
:61:090511C55468139,87NTRF000020090511//180007
N/C
:62F:C090526VEF000000000000,00
-}{5:{CHK:1143FB20924B}}{S:{COP:S}}