{1:F21BODEVE2MAXXX5369766298}{4:{177:1402040801}{451:0}}{1:F01BODEVE2MAXXX5369766298}{2:O9500220140204BKTRUS33AXXX14998187401402040759N}{3:{108:ST04439985032043}}{4:
:20:ST04439985032043
:25:04439985
:28C:00022/00002
:60M:C140203USD6831514,02
:61:140203D3466,67NTRFC17683692//S315746OCP020314
HELVY ENRIQUE MAVAREZ SIVIRA
:61:140203D3900,00NTRFC17483199//C705768OFD020314
BNF VANESSA ALIZO 8833 NW 107 TH C
:61:140203D3900,00NTRFC17609857//S318643OCP020314
ALESSANDRO BELMONTE LUGO
:61:140203D4463,33NTRFC17683549//S318955OCP020314
BANESCO, S.A.
:61:140203D4463,33NTRFC17683679//S318960OCP020314
BANESCO, S.A.
:61:140203D4752,00NTRFC17683692//C702717OFD020314
BNF CENTRALIA COLLEGE 600 CENTRALI
:61:140203D6066,67NTRFC17697496//S315748OCP020314
DIEGO JOSE RINCON GOSALVEZ
:61:140203D7453,33NTRFC17445316//S315742OCP020314
SORAYA AUXILIADORA TREMONT SANCHEZ
:61:140203D20054,47S202R23281(116)//C509415BBK020314
BANCO CENTRAL DE VENEZUELA- DIVISA
:61:140203D50000,00NTRF96494738SICAD//S342038OCP020314
GROUP KLEIN CORP
:61:140203D57000,00NTRF96494795SICAD//C711991OFD020314
BNF ZINTAX CONSULTING,LLC 2201 SW
:61:140203D92000,00NTRF96270113-SICAD//C706521OFD020314
BNF CARBOQUIMICAS S.A.S AV CALLE 5
:61:140203D92000,00NTRF96494817SICAD//C711949OFD020314
BNF UNIVERSAL SCRAP PROCESSORS 155
:61:140203D95000,00NTRF96343026-SICAD//S323546OCP020314
XA ENTREPRISE INC
:61:140203D97000,00NTRF96452949-SICAD//S319907OCP020314
HONGKONG AND SHANGHAI BANKING CORP
:62M:C140203USD6289994,22
-}{5:{CHK:62E86AC8F135}{DLM:}}{S:{COP:P}}${1:F21BODEVE2MAXXX5369766299}{4:{177:1402040801}{451:0}}{1:F01BODEVE2MAXXX5369766299}{2:O9500220140204BKTRUS33AXXX14998187411402040759N}{3:{108:ST04439985032044}}{4:
:20:ST04439985032044
:25:04439985
:28C:00022/00003
:60M:C140203USD6289994,22
:61:140203D99000,00NTRF96476364-SICAD//C704986OFD020314
BNF ICM GROUP INC 11231 NW 20 TH S
:61:140203D99997,95NTRF96452951-SICAD//C704614OFD020314
BNF CADECI INTERNATIONAL CORP 3101
:61:140203D100000,00NTRF96452898-SICAD//C704583OFD020314
BNF CAMPANARELLO INVESTMENT,LTD 59
:61:140203D100000,00NTRF96452903-SICAD//S319918OCP020314
HONGKONG AND SHANGHAI BANKING CORP
:61:140203D100000,00NTRF96452912-SICAD//C704615OFD020314
BNF CAMPANARELLO INVESTMENT LTD 59
:61:140203D100000,00NTRF96452936-SICAD//C704584RBK020314
BANK OF CHINA
:61:140203D100000,00NTRF96452952-SICAD//S324672OCP020314
HONGKONG AND SHANGHAI BANKING CORP
:61:140203D102000,00NTRF96494804SICAD//C711995OFD020314
BNF GLOBAL LINK AND SUPPLIES INTER
:61:140203D103000,00NTRF96096217SICAD//S347491OCP020314
CORPORACION FRAMECO
:61:140203D105000,00NTRF96494805SICAD//S342039OCP020314
ROAD TIRE PLUS, CORP
:61:140203D175000,00NTRF96476379-SICAD//S353183OCP020314
GLOBAL HORIZON TRADEL LLC
:61:140203D219952,30NTRF96494807SICAD//S342304OCP020314
BANK OF AMERICA N.A.
:61:140203D219969,05NTRF96494790SICAD//S342060OCP020314
BANK OF AMERICA N.A.
:61:140203D219971,92NTRF96494800SICAD//S342092OCP020314
BANK OF AMERICA N.A.
:62M:C140203USD4446103,00
-}{5:{CHK:624601DEF65D}{DLM:}}{S:{COP:P}}${1:F21BODEVE2MAXXX5369766300}{4:{177:1402040801}{451:0}}{1:F01BODEVE2MAXXX5369766300}{2:O9500220140204BKTRUS33AXXX14998187421402040759N}{3:{108:ST04439985032045}}{4:
:20:ST04439985032045
:25:04439985
:28C:00022/00004
:60M:C140203USD4446103,00
:61:140203D219973,10NTRF96494794SICAD//S342055OCP020314
BANK OF AMERICA N.A.
:61:140203D219977,00NTRF96494771SICAD//S342057OCP020314
BANK OF AMERICA N.A.
:61:140203D280000,00NTRF96494811SICAD//S342035OCP020314
HONGKONG AND SHANGHAI BANKING CORP
:61:140203D431000,00NTRF96483490-SICAD//S354896OCP020314
VEMELCA LLC
:61:140203D1800000,00S202TRASP.FDS.140203//C700963OFD020314
BNF BANCO OCCIDENTAL DE DESCUENTO
:62F:C140203USD1495152,90
:64:C140203USD1495152,90
-}{5:{CHK:4D01ABC6A8EB}{DLM:}}{S:{COP:P}}${1:F21BODEVE2MAXXX5369766301}{4:{177:1402040801}{451:0}}{1:F01BODEVE2MAXXX5369766301}{2:O9500220140204BKTRUS33CXXX41285137261402040759N}{3:{108:ST04439985032042}}{4:
:20:ST04439985032042
:25:04439985
:28C:00022/00001
:60F:C140203USD4212550,13
:61:140203C125,00NTRFPCB1350047//M201372IFD020314
ORG 2103969 JOSHUA S WAY 1001 W PO
:61:140203C60228,19S202TITULOS//C686476BBK020314
BANCO CENTRAL DE VENEZULA
:61:140203C2577340,86S202TITULOS//C686486BBK020314
BANCO CENTRAL DE VENEZULA
:61:140203D0,35S202TRASPASO140203//S307621OCP020314
BANCO OCCIDENTAL DE DESCUENTO
:61:140203D415,50NTRFC17683549//S318939OCP020314
BANCO GENERAL S A
:61:140203D505,50NTRFC17696886//S315747OCP020314
BANCO GENERAL S A
:61:140203D625,00NTRFC17683679//S318940OCP020314
BANCO GENERAL S A
:61:140203D866,95S202I54499(116)//C509414BBK020314
BANCO CENTRAL DE VENEZUELA- DIVISA
:61:140203D1501,68NTRFC17579378//C702681BBK020314
BANCO BRADESCO S.A.
:61:140203D2036,67NTRFC17667268//S318715OCP020314
ANA R PASQUIER ANDRADE
:61:140203D2039,99NTRFC17389999//S318634OCP020314
SAM ASH MUSIC STORE CORP
:61:140203D2227,81NTRFC17723340//C702686OFD020314
BNF ANA ISABEL URRUTIA RIVAS 933 O
:61:140203D2574,04NTRFC17723325//C702716OFD020314
BNF ANA ISABEL URRUTIA RIVAS 933 O
:61:140203D2600,00NTRFC17571918//S315718OCP020314
LUIS FERNANDO CARRASCO
:61:140203D3336,67NTRFC17696886//S322898OCP020314
VERONICA ISABEL VALERA INFANTE
:62M:C140203USD6831514,02
-}{5:{CHK:9D7B1BB76DFC}{DLM:}}{S:{COP:P}}${1:F21BODEVE2MAXXX5370766415}{4:{177:1402050800}{451:0}}{1:F01BODEVE2MAXXX5370766415}{2:O9500213140205BKTRUS33EXXX60957787441402050759N}{3:{108:ST04439985041897}}{4:
:20:ST04439985041897
:25:04439985
:28C:00023/00001
:60F:C140204USD1495152,90
:61:140204C25630,07S2021067829//C772701BBK020414
BANCO CENTRAL DE VENEZULA
:61:140204C500000,00NTRFNON REF//S337043ICP020414
ORG BODEVE2MCCS
:61:140204D500,00NTRFC17629962//S292153OCP020414
NESTOR VILLALOBOS
:61:140204D1257,97NTRFC17689722//S292125OCP020414
BBVA BANCO FRANCES SA
:61:140204D1907,72NTRFC16918219//S301986OCP020414
LIBERTI AIR SERVICE
:61:140204D3900,00NTRFC17455241//S292503OCP020414
CAROL ANN LARREAL SOCORRO
:61:140204D6200,00NTRFC17629962//S292157OCP020414
BANCOLOMBIA S.A.
:61:140204D6543,33NTRFC17682476//C103646BBK020414
ROSSANA YASMIN RODRIGUEZ ROMERO
:61:140204D6573,22NTRFC17488842//S302180OCP020414
CANADIAN IMPERIAL BANK OF COMMERCE
:61:140204D7228,77NTRFC17455241//S297575OCP020414
CANADIAN IMPERIAL BANK OF COMMERCE
:61:140204D7760,00NTRFC17488842//S302277OCP020414
CANADIAN IMPERIAL BANK OF COMMERCE
:61:140204D700000,00S202TRAS20140204//C106847OFD020414
BNF BANCO OCCIDENTAL DE DESCUENTO
:62F:C140204USD1278911,96
:64:C140204USD1278911,96
-}{5:{CHK:C8A370823D32}{DLM:}}{S:{COP:P}}