{1:F21BODEVE2MAXXX5371766522}{4:{177:1402060801}{451:0}}{1:F01BODEVE2MAXXX5371766522}{2:O9500215140206BKTRUS33DXXX96829836201402060759N}{3:{108:ST04439985051932}}{4:
:20:ST04439985051932
:25:04439985
:28C:00024/00001
:60F:C140205USD1278911,96
:61:140205C350,00NTRF011940304F14002//C119354BBK020514
1/ROMERO-ROMERO-ELIEZER-JOSE
:61:140205C6430,00NTRFNON-REF//S186815ICP020514
ORG 150940400500USD OGB CORP BANCA
:61:140205C86887,25S2021068028//C164648BBK020514
BANCO CENTRAL DE VENEZULA
:61:140205C2900000,00NTRF140205010970//S290755ICP020514
ORG USBKUS44IMT OGB US BANK, MINNE
:61:140205D468,00S202LIDCO116140204-1//S230541OCP020514
BANCO OCCIDENTAL DE DESCUENTO
:61:140205D800,00NTRF16804384-SICAD//C206792OFD020514
BNF FRANCISCO JESUS HERRERA ALBORN
:61:140205D800,00NTRF17900484-SICAD//C206795OFD020514
BNF 9135676898 LARRY VASQUEZ LAGO
:61:140205D800,00NTRF18265537-SICAD//C206791OFD020514
BNF 9119608000 VILLUNUEVA LUIS ALB
:61:140205D800,00NTRF18268862-SICAD//C206790OFD020514
BNF 9119608000 VILLANUEVA LUIS ALB
:61:140205D800,00NTRF1830892-SICAD//C206793OFD020514
BNF 9119608000 VILLANUEVA LUIS ALB
:61:140124D890,00NTRFS147604ICP012414//C209405OFD020514
BNF PREVIOUS DAY S RETURN OF FUNDS
:61:140205D930,15S202I54522(116)//C206635BBK020514
BANCO CENTRAL DE VENEZUELA- DIVISA
:61:140205D1200,00S202R23317(116)//C116440BBK020514
BANCO CENTRAL DE VENEZUELA- DIVISA
:61:140205D1594,20NTRFC16959857//C193808BBK020514
UNIVERSIDAD DE SAN BUENAVENTURA
:62M:C140205USD4263496,86
-}{5:{CHK:4C5B93EF183A}{DLM:}}{S:{COP:P}}${1:F21BODEVE2MAXXX5371766523}{4:{177:1402060801}{451:0}}{1:F01BODEVE2MAXXX5371766523}{2:O9500215140206BKTRUS33EXXX60967828451402060759N}{3:{108:ST04439985051933}}{4:
:20:ST04439985051933
:25:04439985
:28C:00024/00002
:60M:C140205USD4263496,86
:61:140205D2643,32NTRFC17690644//S296819OCP020514
BANCO SANTANDER MEXICO S A
:61:140205D3525,63NTRFC17593370//C193792OFD020514
BNF AMELIA BEATRIZ QUIJADA DE TILL
:61:140205D4560,00NTRFC17678967//S301260OCP020514
SONIALEJANDRA LEO CAMACHO
:61:140205D6100,00S202LIDCO116140204-2//S237900OCP020514
BANCO OCCIDENTAL DE DESCUENTO
:61:140205D7756,67NTRFC17704273//S296808OCP020514
BANK OF AMERICA N.A.
:61:140205D7800,00NTRFC17723288//S296824OCP020514
TORONTO DOMINION BANK
:61:140205D11598,38NTRFC17768593//S296820OCP020514
SANTIAGO SOLIS
:61:140205D14339,05NTRFC17733907//C193807BBK020514
MARY CLARET NUNEZ DE GLOD
:61:140205D33070,00NTRFC17704273//C193790OFD020514
BNF BOSTON UNIVERSITY 811 COMMONWE
:61:140205D90838,03S202CDSIC-011//C204147BBK020514
CREDIT SUISSE AG
:61:140205D96512,92S202CDSIC-038//C204439BBK020514
CREDIT SUISSE AG
:61:140205D150000,00S202TRAS20140205//C206576OFD020514
BNF BANCO OCCIDENTAL DE DESCUENTO
:61:140205D800000,00S202TRAS20140205//C200287OFD020514
BNF BANCO OCCIDENTAL DE DESCUENTO
:62F:C140205USD3034752,86
:64:C140205USD3034752,86
-}{5:{CHK:3AA7CF7A65D8}{DLM:}}{S:{COP:P}}