{1:F21BODEVE2MAXXX5372766707}{4:{177:1402070801}{451:0}}{1:F01BODEVE2MAXXX5372766707}{2:O9500226140207BKTRUS33DXXX96839881951402070759N}{3:{108:ST04439985061925}}{4:
:20:ST04439985061925
:25:04439985
:28C:00025/00001
:60F:C140206USD3034752,86
:61:140206C990,00NVDAC17363213//C302760BBK020614
SUSPENSE ACCOUNT 122559
:61:140206C9900,00NTRFLEDCO116140204//S284483ICP020614
ORG BCVEVECA OGB BANCO CENTRAL DE
:61:140206C27307,76NVDAC17624826//C231798BBK020614
SUSPENSE ACCOUNT 122559
:61:140206C44203,92S2021068245//C256747BBK020614
BANCO CENTRAL DE VENEZULA
:61:140205C150000,00NVDATRAS20140205//C231561BBK020614
SUSPENSE ACCOUNT 122559
:61:140206C550000,00NTRFTRASP140205//S193298ICP020614
ORG 150940400500USD OGB CORP BANCA
:61:140206D158,33NTRFC17583192//C302516RBK020614
S D T USACH LTDA
:61:140206D560,20S202SUBASTA001-2013//C304569BBK020614
BANCO CENTRAL DE VENEZUELA
:61:140206D601,61S202SUBASTA001-2013//C304748BBK020614
BANCO CENTRAL DE VENEZUELA
:61:140206D838,70S202SUBASTA001-2013//C304503BBK020614
BANCO CENTRAL DE VENEZUELA
:61:140206D2010,20NTRFC17699168//S327423OCP020614
ROYAL BANK OF CANADA
:61:140206D2573,33NTRFC17307293//C302515OFD020614
BNF MARTIN ENRIQUE MARTINEZ MARQUE
:61:140206D2785,08NTRFC17612350//S326209OCP020614
BANK OF AMERICA N.A.
:61:140206D3076,67NTRFC17708794//S326213OCP020614
TATIANA TORROELLA
:61:140206D3250,00NTRFC17685990//S326208OCP020614
FERNANDO GALUE
:62M:C140206USD3801300,42
-}{5:{CHK:B0A6A0EF26F4}{DLM:}}{S:{COP:P}}${1:F21BODEVE2MAXXX5372766708}{4:{177:1402070801}{451:0}}{1:F01BODEVE2MAXXX5372766708}{2:O9500226140207BKTRUS33CXXX41315267561402070759N}{3:{108:ST04439985061927}}{4:
:20:ST04439985061927
:25:04439985
:28C:00025/00003
:60M:C140206USD3129912,23
:61:140206D1500000,00S202T.FDOS.140206//C270658OFD020614
BNF BANCO OCCIDENTAL DE DESCUENTO
:62F:C140206USD1629912,23
:64:C140206USD1629912,23
-}{5:{CHK:A2CB681E7A47}{DLM:}}{S:{COP:P}}${1:F21BODEVE2MAXXX5372766709}{4:{177:1402070801}{451:0}}{1:F01BODEVE2MAXXX5372766709}{2:O9500226140207BKTRUS33BXXX66188620661402070759N}{3:{108:ST04439985061926}}{4:
:20:ST04439985061926
:25:04439985
:28C:00025/00002
:60M:C140206USD3801300,42
:61:140206D3525,67NTRFC17537556//S327383OCP020614
TIRCIA T BOHORQUEZ DE SALAZAR
:61:140206D3900,00NTRFC17583192//S327406OCP020614
BANCO DEL ESTADO DE CHILE
:61:140206D4833,97S202SUBASTA001-2013//C304612BBK020614
BANCO CENTRAL DE VENEZUELA
:61:140206D5968,00NTRFC17708794//S326217OCP020614
MIAMI INTERNACIONAL UNIVERSITY OF
:61:140206D6430,00S202LIDCO116140205//S287024OCP020614
BANCO OCCIDENTAL DE DESCUENTO
:61:140206D6500,00NTRFC17718203//S326211OCP020614
SOFIA ELENA ESPINA PEROZO
:61:140206D7557,94S202SUBASTA001-2013//C304440BBK020614
BANCO CENTRAL DE VENEZUELA
:61:140206D10125,00S202I54535(116)//C111150BBK020614
BANCO CENTRAL DE VENEZUELA- DIVISA
:61:140206D10456,64NTRFC17738235//S327403OCP020614
JUIO ANTONIO ORTIZ RIVAS
:61:140206D15546,77S202SUBASTA001-2013//C304728BBK020614
BANCO CENTRAL DE VENEZUELA
:61:140206D17211,03S202SUBASTA001-2013//C304657BBK020614
BANCO CENTRAL DE VENEZUELA
:61:140206D30886,32S202SUBASTA001-2013//C304314BBK020614
BANCO CENTRAL DE VENEZUELA
:61:140206D150000,00S202TRAS20140206//S267225OCP020614
BANCO OCCIDENTAL DE DESCUENTO
:61:140206D398446,85S202CDSIC-005//C289039BBK020614
BANCO DEL ORINOCO N.V.
:62M:C140206USD3129912,23
-}{5:{CHK:0E3D1F4FAF54}{DLM:}}{S:{COP:P}}