{1:F21BODEVE2MAXXX5373766834}{4:{177:1402100801}{451:0}}{1:F01BODEVE2MAXXX5373766834}{2:O9500217140208BKTRUS33DXXX96849917201402100759N}{3:{108:ST04439985071965}}{4:
:20:ST04439985071965
:25:04439985
:28C:00026/00003
:60M:C140207USD1664711,13
:61:140207D9900,00S202LIDCO116140206//S269308OCP020714
BANCO OCCIDENTAL DE DESCUENTO
:61:140207D10000,00NTRF96096468-SICAD//C392775OFD020714
BNF 9136986147 INTERMEDICS SUPPLY
:61:140207D11286,36NTRFC17655101//S337754OCP020714
LILIA BEATRIZ FERNANDEZ
:61:140207D15899,97NTRF96063265-SICAD//C392740OFD020714
BNF 37791004 BRITPART GROVE CRAVEN
:61:140207D42454,69NTRF96468158-SICAD//C392774OFD020714
BNF TOOLMEX CORPORATION 1075 WORCE
:61:140207D50000,00S202TRAS20140207//C393169OFD020714
BNF CORP BANCA C.A. VENEZUELA CARA
:61:140207D100000,00NTRF96285436-SICAD//S383742OCP020714
BANISTMO S A
:61:140207D109000,00NTRF96497392-SICAD//S383745OCP020714
HONGKONG AND SHANGHAI BANKING CORP
:61:140207D200000,00NTRF96476570-SICAD//C392773OFD020714
BNF 9137000912 EPIC 503 INVESTMENT
:61:140207D250000,00S202TRAS20140207//C393168OFD020714
BNF BANCO OCCIDENTAL DE DESCUENTO
:62F:C140207USD866170,11
:64:C140207USD866170,11
-}{5:{CHK:1ACFB4BF5DEE}{DLM:}}{S:{COP:P}}${1:F21BODEVE2MAXXX5373766835}{4:{177:1402100801}{451:0}}{1:F01BODEVE2MAXXX5373766835}{2:O9500217140208BKTRUS33BXXX66198687551402100759N}{3:{108:ST04439985071963}}{4:
:20:ST04439985071963
:25:04439985
:28C:00026/00001
:60F:C140207USD1629912,23
:61:140207C15053,36NTRFPAGOCALENTADORE//S391987ICP020714
ORG PRODECEQ OGB /SW-PRODECEQ ORG
:61:140207C20800,00NTRFLEDCO116140205//S332757ICP020714
ORG BCVEVECA OGB BANCO CENTRAL DE
:61:140207C94548,39S2021068456//C364970BBK020714
BANCO CENTRAL DE VENEZULA
:61:140207D539,48NTRFC17728756//C382536BBK020714
UNIVERSIDAD LATINA DE PANAMA
:61:140207D714,97S202I54550(116)//C206663BBK020714
BANCO CENTRAL DE VENEZUELA- DIVISA
:61:140207D800,00NTRF17831910-SICAD//S363980OCP020714
BANISTMO S A
:61:140207D1050,00NTRFCARELY VALENTIN//C393357RBK020714
BANCO DEL ORINOCO N.V.
:61:140207D1112,22NTRFC17571087//S337752OCP020714
SILVIA VANESA PARRA BELLOSO
:61:140207D1500,00S20296207026//C393426BBK020714
BANCO CENTRAL DE VENEZUELA
:61:140207D1690,00NTRFC17699168//S337784OCP020714
ROYAL BANK OF CANADA
:61:140207D2300,00NTRF18458688SICAD//C389406OFD020714
BNF CHEMICAL AND MEDICAL EQUIPMENT
:61:140207D2500,00NTRF18268315-SICAD//S363987OCP020714
VENEIMPCA LLC
:61:140207D3007,95NTRFC17662691//S337761OCP020714
MIRIAM TOVAR
:61:140207D3063,00S202I23346(116)//C206636BBK020714
BANCO CENTRAL DE VENEZUELA- DIVISA
:61:140207D3466,66NTRFC17704651//S363985OCP020714
JESUS ISRAEL ACOSTA GARAFFA
:62M:C140207USD1738569,70
-}{5:{CHK:2E036F09F80C}{DLM:}}{S:{COP:P}}${1:F21BODEVE2MAXXX5373766836}{4:{177:1402100801}{451:0}}{1:F01BODEVE2MAXXX5373766836}{2:O9500217140208BKTRUS33CXXX41325303851402100759N}{3:{108:ST04439985071964}}{4:
:20:ST04439985071964
:25:04439985
:28C:00026/00002
:60M:C140207USD1738569,70
:61:140207D3525,67NTRFC17711582//C382532OFD020714
BNF ADELAIDA BRICENO 307 MARK AVE.
:61:140207D3550,00NTRFC17664287//S363983OCP020714
MARIA CRISTINA SANTOS VILLASMIL
:61:140207D3900,00NTRFC17564785//C382575RBK020714
VIVIANA LISETTE LEON AYALA
:61:140207D3900,00NTRFC17714323//C382530RBK020714
MARIAN TERESA TUFANO RIVERO
:61:140207D4000,00S20296100234/9620634//C393460BBK020714
BANCO CENTRAL DE VENEZUELA
:61:140207D4141,00NTRFC17730324//C382571OFD020714
BNF UNIVERSIDAD SAGRADO CORAZON PO
:61:140207D4420,00NTRFC17636599//S340948OCP020714
TORONTO-DOMINION BANK, THE
:61:140207D4490,32NTRFC17642103//S340990OCP020714
PONTIFICIA UNIVERSIDAD JAVERIANA
:61:140207D4562,86NTRFC17540031//S337748OCP020714
RAIZA BEATRIZ MOLERO DE CASANOVA
:61:140207D4794,03NTRFC17564785//C382573RBK020714
PAD UNIVERSIDAD DE PIURA
:61:140207D4807,30NTRFC17697815//S337760OCP020714
BANCOLOMBIA S.A.
:61:140207D5165,00NTRFC17704651//C382568OFD020714
BNF CENTRALIA COLLEGE 600 CENTRALI
:61:140207D5200,00NTRFC17730324//C382572OFD020714
BNF JOSE ANTONIO OCHOA ARTETA C/ G
:61:140207D7800,00NTRFC17642103//S340992OCP020714
HELM BANK SA
:61:140207D9602,39NTRFC17765962//C382535RBK020714
ISABEL GUERRERO RODRIGUEZ
:62M:C140207USD1664711,13
-}{5:{CHK:50970FD254C5}{DLM:}}{S:{COP:P}}