{1:F21BODEVE2MACCS5523794372}{4:{177:1409150702}{451:0}}{1:F01BODEVE2MACCS5523794372}{2:O9500158140913CITIUS33FXXX17936442201409150658N}{3:{108:40913QBQ66162USA}}{4:
:20:1020
:25:36298371
:28C:220/0008
:60M:C140912USD4991496,82
:61:140912DD3000,00S10317932947SICAD//S0642551A42501
S F/O IVAN ALEJANDRO RODRIGUEZ AP
:61:140912DD3000,00S10320002343SICAD//S0642551A41701
S F/O ANALIA VERONICA AMOR FACELL
:61:140912DD3000,00S10320090366SICAD//S0642511A87A01
S F/O GERALDINE DEL CARMEN URDANE
:61:140912DD3006,32S10319259638SICAD//S0642521A52801
S F/O BULLON MARIA YOVANINA
:61:140912DD3842,85S10320356382SICAD//S0642521BAF501
S F/O JOSE GUILLERMO SIERRA RODRI
:61:140912DD3953,45S10320606630SICAD//S0642551A41801
S F/O MONNOTT GARCIA JHON HENRY
:61:140912DD4000,00S10319914270SICAD//S0642551A41601
S F/O ROLO RODRIGUEZ RUBEN
:61:140912DD4000,00S10320644345SICAD//S0642551A42701
S F/O ANTUNEZ FERNANDEZ OMAR DARI
:61:140912DD4000,00S10320379366SICAD//S064255001F701
S F/O ERIKA WADSKIER DE GABACHE
:61:140912DD4000,00S10320217196SICAD//S0642521BB0F01
S F/O CHEING TANG YEU OUYANG
:61:140912DD4500,00S10319946030SICAD//S0642551A42401
S F/O JAYO CORTABARRIA YNAKI
:61:140912DD4512,63S10319340656SICAD//S0642551A41301
S F/O LAFRANCONI MENDOZA OSWALDO
:61:140912DD5000,00S10319781113SICAD//S0642551A43201
S F/O DANIEL ALBERTO FUNG HUNG
:61:140912DD5000,00S10320329474SICAD//S0642551A43501
S F/O IRAIMA CARRILLO
:61:140912DD5000,00S10319471084SICAD//S0642551A40401
S F/O LUIS EURIPIDES QUINTANA VEL
:61:140912DD5000,00S10320214537SICAD//S064252171B401
S F/O TELLERIA ALVAREZ XIOMARA BE
:61:140912DD5500,00S10319340370SICAD//S0642511A88601
S F/O BOTERO VILLANEDA MAURICIO
:61:140912DD6000,00S10319945540SICAD//S0642551A43301
S F/O JOSE VICENTE CAMERO SOLORZA
:62M:C140912USD4915181,57
-}{5:{CHK:92032BBE6817}{DLM:}}{S:{COP:P}}${1:F21BODEVE2MACCS5523794373}{4:{177:1409150702}{451:0}}{1:F01BODEVE2MACCS5523794373}{2:O9500158140913CITIUS33FXXX17936442211409150659N}{3:{108:40913QBQ66165USA}}{4:
:20:1020
:25:36298371
:28C:220/0009
:60M:C140912USD4915181,57
:61:140912DD6012,63S10320166060SICAD//S0642521B49601
S F/O CLAUDIO BATTISTINI LORZA
:61:140912DD6500,00S10320446608SICAD//S0642511BBEB01
S F/O DIAZ DELGADO ANGEL JAVIER
:61:140912DD6616,00S10319206320SICAD//S0642551ABF001
S F/O NETCYCLE TRADING CORP.
:61:140912DD7000,00S10320630440SICAD//S0642551ABEB01
S F/O CHRISTIAN GONZALEZ NOGUEIRA
:61:140912DD7000,00S10320509383SICAD//S0642551A40601
S F/O JORGE VICENTE BENAVIDES CAL
:61:140912DD7500,00S10320580517SICAD//S0642551A63701
S F/O MARC BIERSTEDT
:61:140912DD7500,00S10319247800SICAD//S064252171C401
S F/O BUFIMAR S.A
:61:140912DD7802,70S10320473354SICAD//S0642551A3FC01
S F/O SUN YOUNG LEE CHAE
:61:140912DD7900,00S10319214110SICAD//S0642551A3FD01
S F/O MANUFACTURAS GIGI IMPORT C.
:61:140912DD8000,00S10320644698SICAD//S0642551A63601
S F/O MORAIMA LOPEZ
:61:140912DD8000,00S10319861702SICAD//S0642511BC1501
S F/O CESAR HERNANDEZ
:61:140912DD9021,71S10320356412SICAD//S0642551ACBD01
S F/O CORAL BABY, C.A
:61:140912DD9315,00S10320758740SICAD//S0642551A40801
S F/O AUTO ACCESORIOS MILAN C.A
:61:140912DD9368,00S10320003080SICAD//S0642551A40301
S F/O JVA INTERNATIONAL
:61:140912DD9717,00S10320178239SICAD//S0642551A41101
S F/O G . G
:61:140912DD9802,24S10318987397SICAD//S0642551AC9E01
S F/O TECHESTETIK GLOBAL, C.A
:61:140912DD9900,00S10319480814SICAD//S0642551AC3C01
S F/O ROUND TEX FRE ZONE NV
:61:140912DD9928,32S103CIT140905-004263//S0642531BD5901
R F/O DSL STORAGE EXPORTERS LLC
:61:140912DD10000,00S10320392397SICAD//S0642510044D01
S F/O FIVE OCEANS ELECTRONICS LTD
:62M:C140912USD4758297,97
-}{5:{CHK:1AE36957ABE0}{DLM:}}{S:{COP:P}}${1:F21BODEVE2MACCS5523794374}{4:{177:1409150702}{451:0}}{1:F01BODEVE2MACCS5523794374}{2:O9500158140913CITIUS33FXXX17936442221409150659N}{3:{108:40913QBQ66156USA}}{4:
:20:1020
:25:36298371
:28C:220/0003
:60M:C140912USD5207050,24
:61:140912DD2000,00S10320486359SICAD//S064252115BF01
S F/O KEVIN AL ABDALLAH
:61:140912DD2000,00S10320243065SICAD//S064253183D901
S F/O BELLOSO GONZALEZ JULIANA MA
:61:140912DD2000,00S10320613709SICAD//S0642542437501
S F/O MARJORIE BARBOZA
:61:140912DD2000,00S10320443315SICAD//S0642521196601
S F/O FIORAVANTI COSTAGLIOLA, EUR
:61:140912DD2000,00S10319497156SICAD//S0642541BBAD01
S F/O ZOAILAN CAROLINA VIVAS VASQ
:61:140912DD2000,00S10319452594SICAD//S0642521159601
S F/O MONTIEL ALVAREZ, MONICA ISA
:61:140912DD2000,00S10319263040SICAD//S0642541BBA801
S F/O ANTONIO CAFONCELLI TEDESCO
:61:140912DD2000,00S10320642970SICAD//S0642542437801
S F/O JOSE LUIS PINO
:61:140912DD2000,00S10320190700SICAD//S0642541BBAE01
S F/O RICARDO RODRIGUEZ
:61:140912DD2000,00S10320459785SICAD//S0642531839A01
S F/O MARIA LUISA DE ROMERO
:61:140912DD2000,00S10319292406SICAD//S0642521159B01
S F/O CARLOS ANDRES AFKERIAN
:61:140912DD2000,00S10320379374SICAD//S0642541BBC901
S F/O JORGE WILIAN SALAZAR UZCATE
:61:140912DD2000,00S10319264526SICAD//S0642541BBAC01
S F/O MIRELLA JOSEFINA FERNANDEZ
:61:140912DD2000,00S10320150740SICAD//S0642531850601
S F/O MENDEZ PINEDA MARIA INES
:61:140912DD2000,00S10320268963SICAD//S064253184F001
S F/O DAMAS ESTABA BALBOA
:61:140912DD2000,00S10320395190SICAD//S064253183BD01
S F/O VILCHEZ MEDINA JESUS ALBERT
:61:140912DD2000,00S10319859198SICAD//S0642541BBAF01
S F/O SANCHEZ FRANK JOSE VICENTE
:61:140912DD2000,00S10320356625SICAD//S0642541BBD501
S F/O ORIANA GARCIA ARIAS
:61:140912DD2000,00S10320379129SICAD//S0642541BBCD01
S F/O ODUARDO ENRIQUE HERNANDEZ C
:62M:C140912USD5169050,24
-}{5:{CHK:4742C151CAE1}{DLM:}}{S:{COP:P}}${1:F21BODEVE2MACCS5523794375}{4:{177:1409150702}{451:0}}{1:F01BODEVE2MACCS5523794375}{2:O9500158140913CITIUS33FXXX17936442231409150659N}{3:{108:40913QBQ66160USA}}{4:
:20:1020
:25:36298371
:28C:220/0006
:60M:C140912USD5084483,14
:61:140912DD2500,00S10319785232SICAD//S06425519B3D01
S F/O DELGADO SANCHEZ MARY DEL SO
:61:140912DD2500,00S10320299214SICAD//S0642551A41401
S F/O RODOLFO RINCON
:61:140912DD2500,00S10319405642SICAD//S06425519B3801
S F/O BETTENCOURT LOURENCO MANUEL
:61:140912DD2500,00S10320606788SICAD//S06425518CB901
S F/O LEONARDO JOSE PEREZ MESTRE
:61:140912DD2500,00S10320265123SICAD//S06425519B5501
S F/O GOMEZ GOMEZ JIMMY DEIDI
:61:140912DD2500,00S10320768583SICAD//S0642521303B01
S F/O ROBERTO VILORIA
:61:140912DD2500,00S10320626142SICAD//S0642521303F01
S F/O CARRILLO LAPLACELIERE CARLO
:61:140912DD2500,00S10319316224SICAD//S0642521303D01
S F/O NATHACHA OXFORD
:61:140912DD2500,00S10320701012SICAD//S0642521304201
S F/O JOAN MANUEL PORTILLO RAMOS
:61:140912DD2500,00S10320758529SICAD//S0642521C03901
S F/O ALDANA CORONEL, LAURA CECIL
:61:140912DD2500,00S10320481365SICAD//S0642521303E01
S F/O GERMAN LUGO
:61:140912DD2500,00S10320758472SICAD//S0642521C03A01
S F/O ANTONIO JOSE SILVA MORALES
:61:140912DD2500,00S10320743793SICAD//S0642521306401
S F/O LEAL MONTIEL, JOHANY PATRIC
:61:140912DD2500,00S10320702566SICAD//S0642531833301
S F/O NAVA ATENCIO PAOLA CRISTINA
:61:140912DD2500,00S10320772190SICAD//S0642521303701
S F/O NUNEZ COLL, JOSE RICARDO
:61:140912DD2500,00S10320397283SICAD//S0642521303C01
S F/O EDUARSO V AREVALO
:61:140912DD2500,00S10319744919SICAD//S0642542438001
S F/O PERSIA PINEDA VAZQUEZ
:61:140912DD2500,00S10320481810SICAD//S0642542437E01
S F/O ALEMAN DE PADRON XIOMARA MA
:61:140912DD2500,00S10320359497SICAD//S0642521306501
S F/O BECKER SARAVIA, JUAN CARLOS
:62M:C140912USD5036983,14
-}{5:{CHK:9472DE1C8B7F}{DLM:}}{S:{COP:P}}${1:F21BODEVE2MACCS5523794376}{4:{177:1409150702}{451:0}}{1:F01BODEVE2MACCS5523794376}{2:O9500158140913CITIUS33FXXX17936442241409150659N}{3:{108:40913QBQ66168USA}}{4:
:20:1020
:25:36298371
:28C:220/0011
:60M:C140912USD4438680,13
:61:140912DD22138,00S10319321600SICAD//S0642551A08501
S F/O EMIVAL CORPORATION TIRE
:61:140912DD23944,22S10319466080SICAD//S0642551ACA001
S F/O DISTRIBUIDORA B. 8 TOYS C.A
:61:140912DD24447,88S10319963040SICAD//S0642551ACBA01
S F/O ARMIDOS, C.A
:61:140912DD26150,00S10319272227SICAD//S064253184F101
S F/O ISHAI CORPORATION
:61:140912DD27065,70S10319213042SICAD//S0642551ACA601
S F/O INFRASOFT BUSINESS SOLUTION
:61:140912DD27948,03S10319337360SICAD//S0642551A40201
S F/O SAKAI MOTORS, C.A
:61:140912DD28000,00S10319380356SICAD//S0642551AC3601
S F/O MAYS ZONA LIBRE S.A
:61:140912DD28455,57S10320642946SICAD//S0642551A09901
S F/O HARDWARE Y EQUIPMENT FLORID
:61:140912DD30000,00S10320047347SICAD//S06425518D9D01
S F/O CONSORCIO EMPRESARIAL CKS S
:61:140912DD30000,00S10320047207SICAD//S06425518D6F01
S F/O CONSORCIO EMPRESARIAL CKS S
:61:140912DD31500,00S10318981577SICAD//S0642551ABF101
S F/O MARLEW S.A
:61:140912DD31535,00S10319799454SICAD//S0642551ABF501
S F/O API TRADE FREE ZONE (ARUBA)
:61:140912DD31576,56S10320696965SICAD//S0642551ABF201
S F/O INVERSIONES JUVA, C.A
:61:140912DD32400,00S10319172079SICAD//S0642551ACA701
S F/O COMERCIALIZADORA MASTERRA 1
:61:140912DD32400,00S10320033907SICAD//S0642551A64701
S F/O COMERCIALIZADORA PROVENSA C
:61:140912DD32405,26S10319286325SICAD//S0642551A40501
S F/O ACUSTERM PANAMA S.A
:61:140912DD32444,38S10319281625SICAD//S06425518E0101
S F/O GOLD ELECTRONIC, C.A
:61:140912DD32444,38S10320293542SICAD//S0642551ACA401
S F/O D TODO GHANNAM IMPORT, C.A
:61:140912DD32550,00S10320089988SICAD//S0642511A85A01
S F/O ADMINISTRADORA JASAP, C.A
:62M:C140912USD3881275,15
-}{5:{CHK:959DD64FAD93}{DLM:}}{S:{COP:P}}${1:F21BODEVE2MACCS5523794377}{4:{177:1409150702}{451:0}}{1:F01BODEVE2MACCS5523794377}{2:O9500158140913CITIUS33FXXX17936442251409150659N}{3:{108:40913QBQ66172USA}}{4:
:20:1020
:25:36298371
:28C:220/0014
:60M:C140912USD2193448,61
:61:140912DD80000,00S10319821042SICAD//S0642551A08401
S F/O IMPORTADORA EL TRIUNFO S.A
:61:140912DD100000,00S10319234414SICAD//S06425518C4F01
S F/O LATEX UNICA S.A
:61:140912DD105000,00S10319972210SICAD//S064255001F601
S F/O GRUPO PALMA BELLA VISTA S.A
:61:140912DD110096,04S10320090943SICAD//S064255001F001
S F/O ADAR LATAM HIGH INCOME FUND
:61:140912DD110173,64S10319258860SICAD//S0642551AC9F01
S F/O EL HOGAR DEL CENTRO, C.A
:61:140912DD130000,00S10320189842SICAD//S06425518C3E01
S F/O MERCADO SAN JOSE, C.A.
:61:140912DD130000,00S10320537670SICAD//S0642551A63C01
S F/O CONVERTIDORA GRAFIROLL C.A
:61:140912DD130000,00S10320537395SICAD//S0642551A63A01
S F/O CONVERTIDORA GRAFIROLL C.A
:61:140912DD136627,64S10319957602SICAD//S064255001ED01
S F/O ADAR LATAM HIGH INCOME FUND
:61:140912DD138000,00S10320189672SICAD//S06425518BBF01
S F/O MERCADO SAN JOSE, C.A.
:61:140912DD142635,25S10318393845SICAD//S064252171C601
S F/O OFITOTAL LA TRINIDAD CA
:61:140912DD173276,32S10319972105SICAD//S064255001F301
S F/O ADAR LATAM HIGH INCOME FUND
:61:140912DD188408,00S10319223960SICAD//S06425518E3301
S F/O TYC VENEZUELA, C.A
:61:140912DD245000,00S10319341636SICAD//S0642510046601
S F/O HOST TRAVEL S.A
:61:140912DD269713,86S10320606869SICAD//S0642551A08201
S F/O CARIBBEAN ALL DISTRIBUTIONS
:62F:C140912USD4517,86
:64:C140912USD4517,86
-}{5:{CHK:63CA40F3A4F1}{DLM:}}{S:{COP:P}}${1:F21BODEVE2MACCS5523794378}{4:{177:1409150702}{451:0}}{1:F01BODEVE2MACCS5523794378}{2:O9500158140913CITIUS33FXXX17936442261409150659N}{3:{108:40913QBQ66169USA}}{4:
:20:1020
:25:36298371
:28C:220/0012
:60M:C140912USD3881275,15
:61:140912DD32600,00S10320631278SICAD//S0642551567C01
S F/O IMPORTADORA EL TRIUNFO
:61:140912DD32606,00S10319205937SICAD//S064252171CB01
S F/O VENUS TIRES
:61:140912DD32606,14S10319286820SICAD//S06425314F2D01
S F/O MAQUINARIAS CORTE, C.A
:61:140912DD33276,32S10320529279SICAD//S0642550085B01
S F/O AKRAM HAYADA
:61:140912DD33562,94S10320580886SICAD//S0642550086701
S F/O HADAYA AHMAD TAHA
:61:140912DD34000,00S10319379820SICAD//S0642550085701
S F/O ATENAS DE MARACAY C.A
:61:140912DD34190,00S10320659946SICAD//S0642551A62F01
S F/O AJSR LIMITED
:61:140912DD34190,00S10320643004SICAD//S0642551A6A001
S F/O TRADE 2000 INC
:61:140912DD34309,35S10320740890SICAD//S0642551A64301
S F/O NIPPON DJ C.A
:61:140912DD35000,00S10320282869SICAD//S0642551ACC001
S F/O AMIRA TIENDAS C.A
:61:140912DD35000,00S10319313713SICAD//S0642551ABEC01
S F/O MONTMIRAIL, C.A
:61:140912DD35220,00S10319205937SICAD//S0642551A08B01
S F/O VENUS TIRES
:61:140912DD35220,00S10319205970SICAD//S0642551A08601
S F/O VENUS TIRES
:61:140912DD36658,56S10320371330SICAD//S06425518BAC01
S F/O GAJAS INTERNACIONAL C.A
:61:140912DD37498,77S10320161476SICAD//S0642551ACB601
S F/O TRAILERS DE VENEZUELA, C.A
:61:140912DD37528,77S10319409672SICAD//S0642551ACBF01
S F/O VENEZOLANA SERVICIOS PORTUA
:61:140912DD38000,00S10319381263SICAD//S0642551AC3801
S F/O MAYS ZONA LIBRE S.A
:61:140912DD38000,00S10319742185SICAD//S0642551A63B01
S F/O INVERSIONES MEZA LLC
:61:140912DD38000,00S10319378793SICAD//S0642530018601
S F/O GAMAS TELAS SABANA GRANDE C
:61:140912DD38612,94S10320265425SICAD//S0642551A63301
S F/O WUISAN NEMER
:62M:C140912USD3175195,36
-}{5:{CHK:0BF0C72B45E5}{DLM:}}{S:{COP:P}}${1:F21BODEVE2MACCS5523794380}{4:{177:1409150702}{451:0}}{1:F01BODEVE2MACCS5523794380}{2:O9500158140913CITIUS33HXXX18134586381409150659N}{3:{108:40913QBQ66153USA}}{4:
:20:1020
:25:36298371
:28C:220/0001
:60F:C140912USD206,25
:61:140912CD1930,00NTRF20458800SICAD//F0142550814501
B/O CUSTOMER SERVICE CLAIMS ACC B
:61:140912CD1940,00NTRF19730330SICAD//C0042555874601
B/O BANK OF AMERICA
:61:140912CD1940,00NTRF19098650SICAD//C0042555874001
B/O BANK OF AMERICA
:61:140912CD2458,60NTRF20329490SICAD//C0042551111901
B/O MULTIBANK INC
:61:140912CD2480,00NTRFCIT140902-006320//S064255001C301
B/O NONE
:61:140912CD2871,00NTRFCIT140902-006321//S064255090E401
B/O NONE
:61:140912CD17552,73NTRFCIT140911-006926//S0642551CC8D01
B/O NONE
:61:140912CD33502,94NTRF20580886SICAD//F0142550709201
B/O WF RETURN WIRES IN PROCESS
:61:140912CD182774,75NTRF2550648643IPB//G0142553712801
B/O BRUNO ANGELINI LUENGO
:61:140912CD5000000,00S202NON REF//C0042555704901
B/O BANCO OCCIDENTAL DE DESCUENTO
:61:140912DD400,00S10319339372SICAD//S064255001F401
S F/O ARIAS ARIAS VANESSA DEL LUC
:61:140912DD500,00S10320338112SICAD//S0642551EC6701
S F/O GARABOA AUREA
:61:140912DD600,00S10319469730SICAD//S0642551A43601
S F/O EDWIN GUILLERMO LUM FATT CA
:61:140912DD937,62S10320075650SICAD//S0642551A42901
S F/O MALYORI LUCILA LOPEZ DE PAE
:61:140912DD976,72S10320460619SICAD//S0642551EC6801
R F/O MIGUEL GABACHE
:61:140912DD1000,00S10320324278SICAD//S064255001F801
S F/O PORTILLO MIELES JAVIER ENRI
:61:140912DD1000,00S10320343370SICAD//S0642541BB8D01
S F/O LUGO SEMECO DENIS VICTORIA
:61:140912DD1000,00S10320149352SICAD//S0642541BB8B01
R F/O JUAN RODRIGUEZ
:61:140912DD1000,00S10320448112SICAD//S06425518C4E01
S F/O MARIA FERNANDA JIMENEZ MARQ
:61:140912DD1000,00S10320033680SICAD//S06425518D4501
S F/O MARIA ESTEFANIA VALLADARES
:62M:C140912USD5239241,93
-}{5:{CHK:C0E264D64F6C}{DLM:}}{S:{COP:P}}${1:F21BODEVE2MACCS5523794381}{4:{177:1409150702}{451:0}}{1:F01BODEVE2MACCS5523794381}{2:O9500158140913CITIUS33HXXX18134586401409150659N}{3:{108:40913QBQ66157USA}}{4:
:20:1020
:25:36298371
:28C:220/0004
:60M:C140912USD5169050,24
:61:140912DD2000,00S10319730330SICAD//S064253183C601
S F/O LOZE ACHKAR NATALI MARIA
:61:140912DD2000,00S10320459688SICAD//S0642541BBC201
S F/O JOSE MIGUEL GABACHE WADSKIE
:61:140912DD2000,00S10319316550SICAD//S0642541BBBF01
S F/O FELIX FELIPE FIGUERA
:61:140912DD2000,00S10319098650SICAD//S0642541BBA401
S F/O JAIRO OCANDO
:61:140912DD2000,00S10320613717SICAD//S0642542437A01
S F/O MARJORIE BARBOZA
:61:140912DD2000,00S10320473532SICAD//S064253184CF01
S F/O GONZALEZ HURTADO JULIA MARI
:61:140912DD2000,00S10319874820SICAD//S0642541BBC001
S F/O ANDREA DE JESUS CARRASCO ZA
:61:140912DD2000,00S10319267370SICAD//S064252118BF01
S F/O FELIPE HERNANDEZ, JAIME EFR
:61:140912DD2000,00S10320740727SICAD//S0642541BBC101
S F/O SANCHEZ DI LORENZO JAVIER A
:61:140912DD2000,00S10320445997SICAD//S0642521C01B01
S F/O MARTINEZ CORONEL ALVARO JOS
:61:140912DD2000,00S10319485794SICAD//S0642521C01901
S F/O ANDREA DESIREE PINTO CONDE
:61:140912DD2000,00S10320745869SICAD//S0642511F17901
S F/O JAVIER R MUNOZ CHIRINOS
:61:140912DD2000,00S10320265220SICAD//S0642541BBC601
S F/O WAI KUEN CHO CHUN
:61:140912DD2000,00S10320673850SICAD//S0642521196901
S F/O LA ROCHE MEJIAS, HUMBERTO R
:61:140912DD2000,00S10320537298SICAD//S0642541BBB601
S F/O ANTONIO JIMENEZ HERRERA
:61:140912DD2012,63S10319338503SICAD//S064255001F101
S F/O ANGELICA DEL CARMEN ALBIZU
:61:140912DD2012,63S10320059345SICAD//S0642551A42A01
S F/O TOVAR TOVAR LILIANA RAYMAR
:61:140912DD2012,63S10320696906SICAD//S0642531841F01
S F/O HERRERA TAYLOR CESAR ALFRED
:61:140912DD2012,63S10319427190SICAD//S064253185E201
S F/O JUAN GONZALEZ CANO
:62M:C140912USD5130999,72
-}{5:{CHK:6980609EB9CD}{DLM:}}{S:{COP:P}}${1:F21BODEVE2MACCS5523794382}{4:{177:1409150702}{451:0}}{1:F01BODEVE2MACCS5523794382}{2:O9500158140913CITIUS33HXXX18134586431409150659N}{3:{108:40913QBQ66154USA}}{4:
:20:1020
:25:36298371
:28C:220/0002
:60M:C140912USD5239241,93
:61:140912DD1000,00S10319307860SICAD//S06425518C6E01
S F/O MARIA ELISA PIRELA GUZMAN
:61:140912DD1000,00S10320309570SICAD//S06425518C9B01
S F/O CELIS RIVAS MARIA AMPARO
:61:140912DD1000,00S10320161212SICAD//S06425518BB401
R F/O DARIO DE LA VEGA BESTEIRO
:61:140912DD1000,00S10319062389SICAD//S06425518E2401
S F/O ZIRIT RODRIGUEZ JESUS ALBER
:61:140912DD1000,00S10315621560SICAD//S0642542438401
S F/O VALMORE SEGUNDO ROBLES
:61:140912DD1804,34S10319932472SICAD//S0642551A42101
S F/O GUILLERMINA MIREYA GONZALEZ
:61:140912DD1804,34S10320644213SICAD//S0642551A43101
S F/O KAMAL TALAL YOUSSEF TABORDA
:61:140912DD1862,76S10320701799SICAD//S0642551A42601
S F/O MENESES CAMACHO HENRRY JOSE
:61:140912DD1953,00S10320579640SICAD//S0642551A64001
S F/O RINCON TROCONIZ RODOLFO ALB
:61:140912DD1953,45S10320712250SICAD//S0642551A41501
S F/O ABILIO JOSE MARCANO SUAREZ
:61:140912DD1953,45S10319696809SICAD//S0642551A42D01
S F/O FULFARO GARCIA OTTORINO
:61:140912DD1953,45S10320712120SICAD//S0642551A41E01
S F/O ABILIO MARCANO SUAREZ
:61:140912DD1953,45S10320712146SICAD//S0642551A42001
S F/O ABILIO MARCANO SUAREZ
:61:140912DD1953,45S10320589468SICAD//S0642531856901
S F/O MARIA SOLEDAD ARANEO DE CAR
:61:140912DD2000,00S10320815778SICAD//S06425518C4801
S F/O LUBEZKA LILIANE LEON FRANCO
:61:140912DD2000,00S10319319010SICAD//S06425518D9F01
S F/O MARIA PIEPOLI CACCAVO
:61:140912DD2000,00S10320711719SICAD//S06425518CAB01
S F/O JUAN PABLO ROMERO SANCHEZ
:61:140912DD2000,00S10320190867SICAD//S06425518CE001
S F/O RICARDO RODRIGUEZ
:61:140912DD2000,00S10318949576SICAD//S064252115B701
S F/O LISSETTE GONZALEZ
:62M:C140912USD5207050,24
-}{5:{CHK:F24794BA21CD}{DLM:}}{S:{COP:P}}${1:F21BODEVE2MACCS5523794383}{4:{177:1409150702}{451:0}}{1:F01BODEVE2MACCS5523794383}{2:O9500158140913CITIUS33HXXX18134586441409150700N}{3:{108:40913QBQ66159USA}}{4:
:20:1020
:25:36298371
:28C:220/0005
:60M:C140912USD5130999,72
:61:140912DD2012,83S10319291698SICAD//S0642551A42801
S F/O ESPANA RONDON FRANCISCO MIG
:61:140912DD2080,71S10320118899SICAD//S0642551A43401
S F/O PRATO ZULUAGA RUBEN DARIO
:61:140912DD2428,04S10320216807SICAD//S0642521B49101
S F/O MONTISCI COCO BRUNO EDMUNDO
:61:140912DD2495,00S10320580800SICAD//S0642531861601
S F/O TERAN FRANCO MAGDIEL HYSAIC
:61:140912DD2500,00S10320767943SICAD//S06425519B3F01
S F/O ABILIO JOSE MARCANO SUAREZ
:61:140912DD2500,00S10320716915SICAD//S06425518C7901
S F/O GUERRERO ESCALANTE JORGE EL
:61:140912DD2500,00S10320493215SICAD//S06425518CB401
S F/O ANTONIA DE SARIO DE MAGO
:61:140912DD2500,00S10320803362SICAD//S06425519B3C01
S F/O BALDOMERO VILLEGAS
:61:140912DD2500,00S10320745320SICAD//S06425519B3901
S F/O LARRY DE JESUS PEREZ CASTRO
:61:140912DD2500,00S10319291540SICAD//S06425519B5101
S F/O DE JESUS CAETANO MARIO DELF
:61:140912DD2500,00S10320700679SICAD//S06425519B4E01
S F/O BISHOP PAPER IMPORT EXPORT
:61:140912DD2500,00S10320768257SICAD//S06425519B4601
S F/O ABILIO JOSE MARCANO SUAREZ
:61:140912DD2500,00S10320745630SICAD//S06425519B3E01
S F/O ABILIO JOSE MARCANO SUAREZ
:61:140912DD2500,00S10319233493SICAD//S06425518DE401
S F/O SOULEIMAN ABDUL KHALK
:61:140912DD2500,00S10320540728SICAD//S06425519B5001
S F/O ROGELIO SANCHEZ
:61:140912DD2500,00S10320653875SICAD//S06425519B3701
S F/O ABILIO JOSE MARCANO SUAREZ
:61:140912DD2500,00S10320133294SICAD//S06425519B5201
S F/O ABILIO JOSE MARCANO SUAREZ
:61:140912DD2500,00S10320282620SICAD//S06425519B3401
S F/O FUMO VIVAS ALFREDO
:61:140912DD2500,00S10319499396SICAD//S06425519B3A01
S F/O MORA MOVILLA HECTOR DAVID
:62M:C140912USD5084483,14
-}{5:{CHK:C04FB4AAAE32}{DLM:}}{S:{COP:P}}${1:F21BODEVE2MACCS5523794384}{4:{177:1409150702}{451:0}}{1:F01BODEVE2MACCS5523794384}{2:O9500158140913CITIUS33HXXX18134586451409150700N}{3:{108:40913QBQ66161USA}}{4:
:20:1020
:25:36298371
:28C:220/0007
:60M:C140912USD5036983,14
:61:140912DD2500,00S10320712154SICAD//S0642521C03801
S F/O PINA URDANETA CARLOS EDUARD
:61:140912DD2500,00S10319413785SICAD//S0642521306601
S F/O GUERRERO QUINTERO, MATILDE
:61:140912DD2500,00S10320787642SICAD//S0642521304001
S F/O ZAMBRANO GONZALEZ JESUS
:61:140912DD2500,00S10320309287SICAD//S0642541BBF601
S F/O FREDDY RODOLFO ROJAS MARQUE
:61:140912DD2500,00S10320602448SICAD//S0642541BBEF01
S F/O AMESTY LINARES LUIS GUILLER
:61:140912DD2500,00S10319315988SICAD//S0642541BBD101
S F/O EVELIN CAROLINA FIGUERA CIP
:61:140912DD2500,00S10320341237SICAD//S0642521303401
S F/O JUAN CARLOS RANIOLO CEDRES
:61:140912DD2500,00S10320773919SICAD//S0642541BBE801
S F/O ROQUE ANTONIO ARISPE JIMENE
:61:140912DD2500,00S10320115229SICAD//S0642541BBD401
S F/O MOLINA VILLALOBOS SERGIO RO
:61:140912DD2500,00S10320397879SICAD//S0642541BBDF01
S F/O NOMO GROUP INC
:61:140912DD2500,00S10320228170SICAD//S064254180F801
S F/O GIOVANI RAFAEL ROMERO URDAN
:61:140912DD2500,00S10320282249SICAD//S0642521B48901
S F/O OSWALDO SALAZAR
:61:140912DD2500,00S10319378688SICAD//S0642521306A01
S F/O RIVERA PRIETO, FELIPE JOSE
:61:140912DD2500,00S10320301782SICAD//S0642541D98301
S F/O ODUARDO ENRIQUE HERNANDEZ C
:61:140912DD2500,00S10320537140SICAD//S0642541BBEC01
S F/O FRANKLIN ARENAS
:61:140912DD2500,00S10320268335SICAD//S0642541BBF301
S F/O ODUARDO ENRIQUE HERNANDEZ C
:61:140912DD2500,00S10320702159SICAD//S0642521C03601
S F/O CAVALLARO MORONTA STEPHANIA
:61:140912DD2986,32S10320496559SICAD//S064252171B301
S F/O HERRERA TAYLOR CESAR ALFRED
:62M:C140912USD4991496,82
-}{5:{CHK:6EF1425B75A7}{DLM:}}{S:{COP:P}}${1:F21BODEVE2MACCS5523794385}{4:{177:1409150702}{451:0}}{1:F01BODEVE2MACCS5523794385}{2:O9500158140913CITIUS33HXXX18134586461409150700N}{3:{108:40913QBQ66166USA}}{4:
:20:1020
:25:36298371
:28C:220/0010
:60M:C140912USD4758297,97
:61:140912DD10500,07S10319809450SICAD//S0642551A41901
S F/O MEIER GARCIA ERNESTO JOSE
:61:140912DD11408,67S10320657927SICAD//S0642551ACC101
S F/O RAFAEL RUEDAS
:61:140912DD11500,00S10319174039SICAD//S0642521B06E01
S F/O HE IJUMEI
:61:140912DD12000,00S10319176503SICAD//S0642521B06C01
S F/O GANESH FREEZONE NV
:61:140912DD13973,72S10319510764SICAD//S0642551A08801
S F/O ALTOS DE MANANTIAL, C.A
:61:140912DD14550,52S10319341733SICAD//S0642511BB8501
S F/O BOTERO GOMEZ LUIS BERNARDO
:61:140912DD15000,00S10319247427SICAD//S0642551ABEF01
S F/O SUPERCAJAS C.A
:61:140912DD15000,00S10320562690SICAD//S0642541911701
S F/O JOSE VALMORE DUGARTE
:61:140912DD16021,60S10319264224SICAD//S0642542437D01
S F/O NADIR FIGUEIREDO IND E COM
:61:140912DD18636,52S10320383908SICAD//S0642511A85C01
S F/O JUAN BARBUZANO
:61:140912DD19000,00S10319363648SICAD//S0642551AC3501
S F/O MAYS ZONA LIBRE S.A
:61:140912DD19000,00S10319340508SICAD//S0642551A69901
S F/O NESTOR LUIS PEREZ PEARRA
:61:140912DD19554,15S10319290780SICAD//S0642551ACC801
S F/O INVERSIONES DON MIGUEL C.A
:61:140912DD19567,20S10318378129SICAD//S0642511A85501
S F/O IMPORTADORA Y EXPORTADORA S
:61:140912DD19900,00S10320102704SICAD//S0642551ACAE01
S F/O INVERSIONES OPTIEXPRESS, S.
:61:140912DD20000,00S10319984707SICAD//S0642551A08A01
S F/O TM INTERNATIONAL INVESTMENT
:61:140912DD20126,34S10319314132SICAD//S0642551A3FA01
S F/O REPRESENTACIONES BATTERIES
:61:140912DD21889,05S10319171935SICAD//S0642551ACBC01
S F/O PRODUCCIONES LA PIEDRA, C.A
:61:140912DD21990,00S10319917392SICAD//S0642551A08D01
S F/O COMEDORES GOURMET, C.A
:62M:C140912USD4438680,13
-}{5:{CHK:8559930A5A65}{DLM:}}{S:{COP:P}}${1:F21BODEVE2MACCS5523794386}{4:{177:1409150702}{451:0}}{1:F01BODEVE2MACCS5523794386}{2:O9500158140913CITIUS33HXXX18134586481409150700N}{3:{108:40913QBQ66171USA}}{4:
:20:1020
:25:36298371
:28C:220/0013
:60M:C140912USD3175195,36
:61:140912DD38675,59S10319465920SICAD//S0642551ACA101
S F/O COMERCIAL 868 C.A
:61:140912DD38850,00S10320165780SICAD//S0642551A40101
S F/O CASTILLO MATOS JOSE GREGORI
:61:140912DD39074,00S10320657935SICAD//S0642551A63901
S F/O AJSR LIMITED
:61:140912DD39713,86S10320484283SICAD//S0642551A40F01
S F/O ALTEC, C.A
:61:140912DD40000,00S10318367100SICAD//S0642531843C01
S F/O SHIVA EXPORTS (HK) LIMITED
:61:140912DD43225,71S10319373210SICAD//S0642551ABF801
S F/O TIRE CENTER, C.A
:61:140912DD44028,08S10320344597SICAD//S0642551A40E01
S F/O UCAN SPARES CO LIMITED
:61:140912DD44895,44S10319516290SICAD//S0642551ACBE01
S F/O MATERIALES ELECTRICOS ARAGU
:61:140912DD45000,00S10320047207SICAD//S06425518D8201
S F/O CONSORCIO EMPRESARIAL CKS S
:61:140912DD46400,00S10319374305SICAD//S0642530018701
S F/O BUFIMAR S.A.
:61:140912DD50000,00S10319312687SICAD//S0642551A63001
S F/O HERRERA, C.A
:61:140912DD53853,00S10319427719SICAD//S0642530018801
S F/O VENUS TIRES
:61:140912DD58522,56S10319287380SICAD//S0642551AC9D01
S F/O KAFRICA, S.A
:61:140912DD58664,97S10319799330SICAD//S0642551A69A01
S F/O MANEQUIMED DE COSATA RICA S
:61:140912DD65000,00S10319701926SICAD//S0642551A08901
S F/O SHINLETSU SE TYLOSE GMBH Y
:61:140912DD66716,14S10320315643SICAD//S0642551A08701
S F/O YIWU HONGFENG IMPORT
:61:140912DD66796,82S10320460170SICAD//S0642551ACA201
S F/O CORPORACION ROBLES, C.A.
:61:140912DD68908,00S10319701100SICAD//S0642511BB4101
S F/O SHIVA EXPORTS (HK) LIMITED
:61:140912DD73422,58S10319471068SICAD//S0642511A87901
S F/O VIVERES ZAN 57 C.A.
:62M:C140912USD2193448,61
-}{5:{CHK:A7099E93789C}{DLM:}}{S:{COP:P}}