{1:F01IBIIPRSJAXXX0202098274}{2:O9500827120516BMARES2MAXXX47446249581205160227N}{4:
:20:16-05-12
:25:0640-211-2530403
:28C:00475/001
:60F:C120515USD1982307,66
:61:1205140515D242,NMSCGTOS.OUR 1405201//GTOS.OUR 1405201
:61:1205140515D262,32NTRF391565//002024696
:61:1205140515D285,NTRF390838//002024662
:61:1205140515D285,NTRF390842//002024663
:61:1205140515D285,NTRF390840//002024664
:62M:C120515USD1980948,34
-}{5:{CHK:52E59E362E53}}${1:F01IBIIPRSJAXXX0202098275}{2:O9500827120516BMARES2MAXXX47446249591205160227N}{4:
:20:16-05-12
:25:0640-211-2530403
:28C:00475/002
:60M:C120515USD1980948,34
:61:1205140515D285,NTRF390844//002024665
:61:1205140515D285,NTRF390846//002024666
:61:1205140515D285,NTRF390848//002024667
:61:1205140515D285,NTRF390850//002024668
:61:1205140515D285,NTRF390852//002024669
:61:1205140515D285,NTRF390862//002024671
:62M:C120515USD1979238,34
-}{5:{CHK:501652E32AA6}}${1:F01IBIIPRSJAXXX0202098276}{2:O9500827120516BMARES2MAXXX47446249601205160227N}{4:
:20:16-05-12
:25:0640-211-2530403
:28C:00475/003
:60M:C120515USD1979238,34
:61:1205140515D285,NTRF390864//002024672
:61:1205140515D285,NTRF390868//002024673
:61:1205140515D285,NTRF390870//002024676
:61:1205140515D285,NTRF390872//002024677
:61:1205140515D285,NTRF391250//002024681
:61:1205140515D285,NTRF391248//002024682
:62M:C120515USD1977528,34
-}{5:{CHK:64B20B392694}}${1:F01IBIIPRSJAXXX0202098279}{2:O9500827120516BMARES2MAXXX47446249631205160227N}{4:
:20:16-05-12
:25:0640-211-2530403
:28C:00475/006
:60M:C120515USD1974108,34
:61:1205140515D285,NTRF391282//002024695
:61:1205140515D285,NTRF391290//002024700
:61:1205140515D285,NTRF391225//002024701
:61:1205140515D285,NTRF391286//002024702
:61:1205140515D285,NTRF391223//002024703
:61:1205140515D285,NTRF391189//002024704
:62M:C120515USD1972398,34
-}{5:{CHK:EAD9E37ACB74}}${1:F01IBIIPRSJAXXX0202098280}{2:O9500827120516BMARES2MAXXX47446249641205160227N}{4:
:20:16-05-12
:25:0640-211-2530403
:28C:00475/007
:60M:C120515USD1972398,34
:61:1205140515D285,NTRF391191//002024705
:61:1205140515D285,NTRF391193//002024706
:61:1205140515D285,NTRF391199//002024707
:61:1205140515D285,NTRF391201//002024708
:61:1205140515D285,NTRF391215//002024709
:61:1205140515D285,NTRF391221//002024710
:62M:C120515USD1970688,34
-}{5:{CHK:91EFAD74F707}}${1:F01IBIIPRSJAXXX0202098281}{2:O9500827120516BMARES2MAXXX47446249651205160227N}{4:
:20:16-05-12
:25:0640-211-2530403
:28C:00475/008
:60M:C120515USD1970688,34
:61:1205140515D285,NTRF391219//002024711
:61:1205140515D285,NTRFCP00285/1405/103//002024714
:61:1205140515D285,NTRFCP00284/1405/103//002024715
:61:1205140515D285,NTRFCP00283/1405/103//002024716
:61:1205140515D285,NTRF391217//002024734
:62M:C120515USD1969263,34
-}{5:{CHK:0E79BCCCFB0C}}${1:F01IBIIPRSJAXXX0202098282}{2:O9500827120516BMARES2MAXXX47446249661205160227N}{4:
:20:16-05-12
:25:0640-211-2530403
:28C:00475/009
:60M:C120515USD1969263,34
:61:1205140515D285,NTRF391211//002024735
:61:1205140515D285,NTRF391187//002024736
:61:1205140515D285,NTRF390856//002024737
:61:1205140515D285,NTRF391213//002024738
:61:1205140515D285,NTRF391197//002024739
:61:1205140515D285,NTRF391195//002024743
:62M:C120515USD1967553,34
-}{5:{CHK:96A551949838}}${1:F01IBIIPRSJAXXX0202098283}{2:O9500827120516BMARES2MAXXX47446249671205160227N}{4:
:20:16-05-12
:25:0640-211-2530403
:28C:00475/010
:60M:C120515USD1967553,34
:61:1205140515D285,NTRF391209//002024744
:61:1205140515D617,NTRF390996//002024741
:61:1205140515D2832,54NTRF390866//002024670
:61:1205140515D3710,NTRF391563//002024699
:61:1205140515D4500,NTRF390903//002024698
:61:1205140515D10000,NTRF391373//002024748
:62M:C120515USD1945608,80
-}{5:{CHK:56DA37BADA9D}}${1:F01IBIIPRSJAXXX0202098277}{2:O9500827120516BMARES2MAXXX47446249611205160227N}{4:
:20:16-05-12
:25:0640-211-2530403
:28C:00475/004
:60M:C120515USD1977528,34
:61:1205140515D285,NTRF391252//002024683
:61:1205140515D285,NTRF391254//002024684
:61:1205140515D285,NTRF391262//002024685
:61:1205140515D285,NTRF391256//002024686
:61:1205140515D285,NTRF391264//002024687
:61:1205140515D285,NTRF391266//002024688
:62M:C120515USD1975818,34
-}{5:{CHK:94564DF58FF0}}${1:F01IBIIPRSJAXXX0202098278}{2:O9500827120516BMARES2MAXXX47446249621205160227N}{4:
:20:16-05-12
:25:0640-211-2530403
:28C:00475/005
:60M:C120515USD1975818,34
:61:1205140515D285,NTRF391270//002024689
:61:1205140515D285,NTRF391268//002024690
:61:1205140515D285,NTRF391274//002024691
:61:1205140515D285,NTRF391272//002024692
:61:1205140515D285,NTRF391276//002024693
:61:1205140515D285,NTRF391280//002024694
:62M:C120515USD1974108,34
-}{5:{CHK:505305F795CE}}${1:F01IBIIPRSJAXXX0202098287}{2:O9500827120516BMARES2MAXXX47446249711205160227N}{4:
:20:16-05-12
:25:0640-211-2530403
:28C:00475/014
:60M:C120515USD1352488,05
:61:1205150515D285,NTRF391203//002025327
:61:1205150515D285,NTRF391205//002025328
:61:1205150515D285,NTRF391207//002025329
:61:1205150515D2865,42NTRF391292//002025316
:61:1205150515C114981,59NMSC3353300136FC//002025089
:62F:C120515USD1463749,22
:64:C120515USD1463749,22
-}{5:{CHK:E0F5FC3249B2}}${1:F01IBIIPRSJAXXX0202098286}{2:O9500827120516BMARES2MAXXX47446249701205160227N}{4:
:20:16-05-12
:25:0640-211-2530403
:28C:00475/013
:60M:C120515USD1354198,05
:61:1205150515D285,NTRF390876//002025320
:61:1205150515D285,NTRF391258//002025321
:61:1205150515D285,NTRF391288//002025322
:61:1205150515D285,NTRF391284//002025323
:61:1205150515D285,NTRF390858//002025325
:61:1205150515D285,NTRF390874//002025326
:62M:C120515USD1352488,05
-}{5:{CHK:062DA428914E}}${1:F01IBIIPRSJAXXX0202098285}{2:O9500827120516BMARES2MAXXX47446249691205160227N}{4:
:20:16-05-12
:25:0640-211-2530403
:28C:00475/012
:60M:C120515USD1113771,33
:61:1205140515C21300,13NMSCF60514232490000//002024733
:61:1205140515C219981,59NMSCF60514224840000//002024732
:61:1205150515D285,NTRF391260//002025315
:61:1205150515D285,NTRF390854//002025317
:61:1205150515D285,NTRF390860//002025318
:62M:C120515USD1354198,05
-}{5:{CHK:A3BE933561E0}}${1:F01IBIIPRSJAXXX0202098284}{2:O9500827120516BMARES2MAXXX47446249681205160227N}{4:
:20:16-05-12
:25:0640-211-2530403
:28C:00475/011
:60M:C120515USD1945608,80
:61:1205140515D29113,96NTRF391000//002024740
:61:1205140515D44700,NTRF391185//002024712
:61:1205140515D150000,NTRF391590//002024747
:61:1205140515D200000,NTRF391371//002024746
:61:1205140515D408023,51NTRF390835//002024745
:62M:C120515USD1113771,33
-}{5:{CHK:D2AFFFDF5A71}}