{1:F21BNCRCRSJAXXX7981419969}{4:{177:1005190928}{451:0}}{1:F01BNCRCRSJAXXX7981419969}{2:O9501111100519CHASUS33AXXX87917657641005190911N}{3:{108:DDA05035402111}}{4:
:20:ST05030011186749
:25:001 1 186749
:28C:00084/00001
:60F:C100503USD8404211,99
:61:100503CD385985,00S103NONREF//8177300123FS
EFG BANK SA - ZURICH ZURICH SWITZE
:61:100503CD243313,00NTRFNONREF//2032100123ES
KEVIN C RUDY DALLAS TX 75236-2222 
:61:100503CD199985,00NTRFNONREF//2709200123JO
LEVIN SCHREDER CAREY LTD CHICAGO I
:61:100503CD184985,00NTRFNONREF//1920700123ES
CHRISTOPHER J VESY M D DALLAS TX 7
:61:100503CD150000,00S2022010042900008154//0133300119FS
FORTIS BANK (NEDERLAND) N.V. AMSTE
:61:100503CD79985,00NTRFNONREF//1089100123JO
SMITHS INTERCONNECT MICROWAVE STUA
:61:100503CD79985,00NTRFCOMPRADEORO//5006309123FF
OCEAN BANK MIAMI FL 33126-        
:61:100503CD75049,16NTRF2081300152770//5147900123FC
BROWN BROTHERS HARRIMAN CO. COLLEC
:61:100503CD54368,25S103NONREF//0123300119FS
ABN AMRO BANK N V HEAD OFFICE AMST
:61:100503CD53582,50NTRF2137491//5109200123FC
CANADIAN IMPERIAL BANK OF COMMERCE
:61:100503CD47607,18NTRF201005047274ISCW//0969009123FF
PNC BANK, N.A. PITTSBURGH PA      
:61:100503CD38288,10NTRFGT03000085566965//3726100123FC
FLORIMEX BV AALSMEER,NETHERLANDS  
:61:100503CD36974,91S103NONREF//8621600119JS
ABN AMRO BANK N V HEAD OFFICE AMST
:61:100503CD35937,27NTRF20100503001701//4695500123FC
FERNANDES HANDELMIJ AGENTUREN NV P
:61:100503CD27554,00NTRFOBHSBCUSA//5442500123FC
THOMAS MARTIN HANSEN TR SANTA MONI
:61:100503CD25000,00NTRFNONREF//0780100123ES
PRO TECH USA THIBODAUX LA 70301-  
:61:100503CD24804,58NTRF3015173392//1177100123FC
CITIBANK N.A. LONDON UNITED KINGDO
:61:100503CD24397,31NTRF000000681//3401909123FF
WELLS FARGO BANK SAN FRANCISCO CA 
:61:100503CD22832,00S2022010050300011110//5130200123FS
FORTIS BANK (NEDERLAND) N.V. AMSTE
:61:100503CD22765,00S103NONREF//4568000123FS
ABN AMRO BANK N V HEAD OFFICE AMST
:62M:C100503USD10217610,25
-}{5:{CHK:C39245063601}}{S:{SPD:}{COP:P}}${1:F21BNCRCRSJAXXX7981419970}{4:{177:1005190928}{451:0}}{1:F01BNCRCRSJAXXX7981419970}{2:O9501111100519CHASUS33AXXX87917657651005190911N}{3:{108:DDA05035402113}}{4:
:20:ST05030011186749
:25:001 1 186749
:28C:00084/00003
:60M:C100503USD10526708,58
:61:100503CD9950,00NTRF2010050300009076//5688300123FC
MARIO MARTINEZ STONEHAM MA 0218013
:61:100503CD9000,00S202EBANKGO34047412//9947800119JS
NATIONAL WESTMINSTER BANK PLC LOND
:61:100503CD8965,00S103NONREF//6682200118FS
JYSKE BANK A S DK-8600 SILKEBORG D
:61:100503CD8716,80NTRFNONREF//2360000123JO
DEL MONTE FRESH PRODUCE COMP FUNDG
:61:100503CD8550,00NTRFMINO103101230088//5308900123FC
CAISSE CENTRALE DESJARDINS MONTREA
:61:100503CD7985,00NTRFOBRBCBANK(US//R-3913309123FF
RBC BANK (USA) ROCKY MOUNT NC 2780
:61:100503CD7965,78NTRFCEGESTISAS//4282100123FC
PYMECAPITAL LATIN AMERICAN FUND SA
:61:100503CD7568,33S103NONREF//2370300120JS
BANK OF VALLETTA PLC ST VENERA MAL
:61:100503CD7440,00S103NONREF//8175300123FS
BANCO DE CREDITO DEL PERU LIMA LIM
:61:100503CD7406,50NTRF000000000115485//0638600123FC
SUMINISTROS PACIFICO SA DIABLO PMA
:61:100503CD6873,00NTRFNONREF//3946100123JO
ENCORE BANK HOUSTON TX 77046-     
:61:100503CD6105,00NMSCNONREF//0000057120FH
SWIFT MT103 B/D REF               
:61:100503CD5985,00S103NONREF//2276700123FT
NATIONAL FINANCIAL SERVICES LLC BO
:61:100503CD5985,00NTRFOBBANCAINTESA//3757100123FC
1/WORLD FAMILY OF RADIO MARIA 3/IT
:61:100503CD5445,62NTRF100503500693//4658309123FF
COMERICA BANK DETROIT MI 48226-344
:61:100503CD5437,50S2022010042900006524//0447200119FS
FORTIS BANK (NEDERLAND) N.V. AMSTE
:61:100503CD5000,00NTRFCA100430071214//4406400123FC
B N S INTL BKG DIV.TORONTO TORONTO
:61:100503CD5000,00NTRFMINO103101230222//5553500123FC
CAISSE CENTRALE DESJARDINS MONTREA
:61:100503CD4985,00NTRFNONREF//0135100123ES
GISELE BUNDCHEN OPERATING ACCOUNT 
:61:100503CD4985,00NTRF1133471766011225//0380309123FF
WELLS FARGO BANK SAN FRANCISCO CA 
:62M:C100503USD10666057,11
-}{5:{CHK:E6D02FB469D7}}{S:{SPD:}{COP:P}}${1:F21BNCRCRSJAXXX7981419971}{4:{177:1005190928}{451:0}}{1:F01BNCRCRSJAXXX7981419971}{2:O9501111100519CHASUS33AXXX87917657661005190911N}{3:{108:DDA05035402112}}{4:
:20:ST05030011186749
:25:001 1 186749
:28C:00084/00002
:60M:C100503USD10217610,25
:61:100503CD21432,65S103NONREF//9438700123FS
BANCO INTERNACIONAL DEL PERU LIMA 
:61:100503CD21074,00NTRF00537420100503PW//2685609123FF
UBS AG STAMFORD CT 06912-0305     
:61:100503CD20185,34S103NONREF//0123200119FS
ABN AMRO BANK N V HEAD OFFICE AMST
:61:100503CD20000,00NTRFFTS1004300130600//0018109123FF
THE BANK OF NEW YORK MELLON NEW YO
:61:100503CD20000,00NTRFFTS1004300122600//0245409123FF
THE BANK OF NEW YORK MELLON NEW YO
:61:100503CD18600,00NTRFNONREF//1772100123ES
CA ONE INVESTORS LLC CAPE CORAL FL
:61:100503CD17235,00NTRFTT60766312300234//5589900123FC
JOSEPH G KEARNEY LYNBROOK NY 11563
:61:100503CD17181,50NTRFVIAMERICASCORP//5882809123FF
U S BANK N.A COMMERCIAL REGION POR
:61:100503CD16165,00S103NONREF//9421100123FS
BANCO INTERNACIONAL DEL PERU LIMA 
:61:100503CD16091,50NTRF187472-87293//1515800123FC
BAYERISCHE LANDESBANK GIROZENTRALE
:61:100503CD14985,00S103NONREF//9789100123FS
CIBC TRUST CO BAHAMAS LTD NASSAU B
:61:100503CD14000,00NTRFNONREF//1110100123ES
GRAMIC ENTERPRISES INC YORBA LINDA
:61:100503CD13696,00S103NONREF//0123400119FS
ABN AMRO BANK N V HEAD OFFICE AMST
:61:100503CD13398,34NTRF2010050300093236//4363000123FC
IC MEDIA DIRECT COM REISTERSTOWN, 
:61:100503CD12674,00S103NONREF//8409300119JS
FORTIS BANK (EX GENERALE BANK) BRU
:61:100503CD12415,00S103NONREF//9421000123FS
BANCO INTERNACIONAL DEL PERU LIMA 
:61:100503CD10000,00NTRFNONREF//1784100123ES
LAM FOODS INC QUEENS VILLAGE, NY 1
:61:100503CD10000,00S2021004297725277I//3724400119FS
BANCA POPOLARE DI VICENZA VICENZA 
:61:100503CD9985,00NTRFNONREF//3254300123JO
US CENTRAL INT'L WIRES LENEXA KS 6
:61:100503CD9980,00NTRF2010050300022146//4720509123FF
PNC BANK, N.A. PITTSBURGH PA      
:62M:C100503USD10526708,58
-}{5:{CHK:8B91F1BD313B}}{S:{SPD:}{COP:P}}${1:F21BNCRCRSJAXXX7981419972}{4:{177:1005190928}{451:0}}{1:F01BNCRCRSJAXXX7981419972}{2:O9501111100519CHASUS33AXXX87917657671005190911N}{3:{108:DDA05035402115}}{4:
:20:ST05030011186749
:25:001 1 186749
:28C:00084/00005
:60M:C100503USD10744679,37
:61:100503CD2752,34S20218398742//0741500118FS
BRED BANQUE POPULAIRE CRETEIL CEDE
:61:100503CD2634,00NTRFTRE08110007013//5557300123FC
1/BEREZNIKI INTERNATIONAL CORP 3/C
:61:100503CD2562,50NTRFSACCA03MAY2010N//5372100123FC
DEUTSCHE BANK AG LONDON EC2N 4DA, 
:61:100503CD2485,00NTRFOBCOMMUNITYEL//2876209123FF
COMMUNITY BANK OF ELMHURST ELMHURS
:61:100503CD2485,00NTRF541-23211-18//4877200123FC
NORMAN LEE A HINERFELD TTEES 11 OA
:61:100503CD2175,00NTRFCA100503041817//5589700123FC
B N S INTL BKG DIV.TORONTO TORONTO
:61:100503CD2100,00NTRFNONREF//0803500123ES
RANDALL C STROOT OSA              
:61:100503CD2000,00NTRFNONREF//0049800123ES
GEORGE H BADIA JR TWP OF WASHINGTO
:61:100503CD2000,00NTRFNONREF//0723300123ES
ALEXANDER V RAMIREZ OR LIGIA I MET
:61:100503CD1975,00S103NONREF//9086400123FS
BANCO POPULAR DE PUERTO RICO SAN J
:61:100503CD1785,00NTRFNONREF//4241900123JO
US CENTRAL INT'L WIRES LENEXA KS 6
:61:100503CD1771,00NTRFNONREF//1978300123ES
KEVIN C RUDY DALLAS TX 75236-2222 
:61:100503CD1661,63NTRF000000680//3399609123FF
WELLS FARGO BANK SAN FRANCISCO CA 
:61:100503CD1528,50S103NONREF//9444600123FS
BANCO NACIONAL DE PANAMA REPUBLIC 
:61:100503CD1523,38NTRFFT1012320174//5329200123FC
SIMPLE NET INC CURACAO            
:61:100503CD1520,00NTRFNONREF//0924200123ES
DIVERSIFIED CONSULTING SERVICES, D
:61:100503CD1485,00NTRFOBWACHOVIABAN//3254100123FC
JOHN L PHOENIX OR ARLYN S PHOENIX 
:61:100503CD1395,00NTRF600691//6169909123FF
BANK OF TOKYO-MITSUBISHI NEW YORK 
:61:100503CD1355,00NTRF2010050300006465//4846700123FC
PABLO JOSE RODRIGUEZ STATE COLLEGE
:61:100503CD1277,86NTRF2010050300001144//4287100123FC
FERNANDO MORALES SAN JOSE 1000 COS
:62M:C100503USD10783150,58
-}{5:{CHK:8D9A20990176}}{S:{SPD:}{COP:P}}${1:F21BNCRCRSJAXXX7981419973}{4:{177:1005190928}{451:0}}{1:F01BNCRCRSJAXXX7981419973}{2:O9501111100519CHASUS33AXXX87917657681005190911N}{3:{108:DDA05035402116}}{4:
:20:ST05030011186749
:25:001 1 186749
:28C:00084/00006
:60M:C100503USD10783150,58
:61:100503CD1250,00NTRFNONREF//0089700123ES
KIMBERLY ANN SCHOLTEN-MCCUNN OR FA
:61:100503CD1185,00NTRFOBCITIBANKNYC//3806800123FC
LAWRENCE CAROL URBANEK TTEESCAROL 
:61:100503CD1160,00S103NONREF//9513500121JS
ARAB NATIONAL BANK RIYADH 11564 SA
:61:100503CD1053,30NTRF123387738//3611100123FC
GEORGE BROOKMAN BRACEVILLE IL 6040
:61:100503CD1050,00NTRFNONREF//0720300123ES
IRVING CARPMAN OR ALEJANDRA CARPMA
:61:100503CD1000,00NTRFNONREF//0031200123ES
BRIAN J DIAS OR ELSIE VIDAL BOCA R
:61:100503CD1000,00NTRFNONREF//0483400123ES
LEX B TIMMONS CROWLEY, TX 76036   
:61:100503CD1000,00NTRFNONREF//0488300123ES
LUIS FERNANDEZ HOWARD BEACH, NY 11
:61:100503CD1000,00NTRFNONREF//1460000123ES
ATHENA M STALLCOP POULSBO, WA 9837
:61:100503CD1000,00NTRF2010050300027433//5191609123FF
PNC BANK,NA PHILADELPHIA PA       
:61:100503CD985,00NTRFOBBKRSBKOFT//R-4391509123FF
BANKERS' BANK OF THE WEST DENVER C
:61:100503CD985,00NTRF2323618//4713100123FC
42926573 - CASEEKEY INVESTMENTS LI
:61:100503CD985,00NTRFOBLOSALAMOSN//6155609123FF
LOS ALAMOS NATIONAL BANK LOS ALAMO
:61:100503CD933,75NTRFOBSUPERIORBAN//3144409123FF
SUPERIOR BANK WARRIOR AL          
:61:100503CD898,75NTRFOBSUPERIORBAN//3157309123FF
SUPERIOR BANK WARRIOR AL          
:61:100503CD800,00NTRFNONREF//1491000123ES
VINCENT D MCBRIDE DBA MCBRIDE REAL
:61:100503CD762,50NTRFOBSUPERIORBAN//3133509123FF
SUPERIOR BANK WARRIOR AL          
:61:100503CD720,00NTRFNONREF//0029600123ES
MATTHEW S STRINGFELLOW VENICE, CA 
:61:100503CD685,00NTRFNONREF//R-5055700123JO
NCL BAHAMAS LTD MIAMI FL 33126-   
:61:100503CD657,00S103NONREF//0121900123JS
BANCO DE CREDITO DEL PERU LIMA LIM
:62M:C100503USD10802260,88
-}{5:{CHK:E4D786C67D17}}{S:{SPD:}{COP:P}}${1:F21BNCRCRSJAXXX7981419974}{4:{177:1005190928}{451:0}}{1:F01BNCRCRSJAXXX7981419974}{2:O9501111100519CHASUS33AXXX87917657691005190911N}{3:{108:DDA05035402118}}{4:
:20:ST05030011186749
:25:001 1 186749
:28C:00084/00008
:60M:C100503USD4297552,51
:61:100503DD40000,00S103208-06-1219768//9820400123FS
:61:100503DD34333,00S103087-06-0038042//9103900123FS
:61:100503DD32800,03S103037-06-0114601-O//9161300123FS
:61:100503DD29495,00S103087-06-0038122//9012000123FS
:61:100503DD29107,59S103208-06-1219492//9866800123FS
:61:100503DD25416,17S103208-06-1219679//9868200123FS
:61:100503DD23895,00S202205-03-0063521-O//8031200123FS
:61:100503DD23125,00S103208-06-1219795-O//8249900123FS
:61:100503DD23071,16S103205-06-2161589//8759700120JS
:61:100503DD21011,50S103208-06-1219633//9866600123FS
:61:100503DD19943,14S103205-06-2161543//8757600120JS
:61:100503DD19229,44S103205-06-2161516//8757300120JS
:61:100503DD17084,05S103208-06-1219508//9866900123FS
:61:100503DD16450,00S103205-06-2161641-O//9079600120JS
:61:100503DD15000,00S103002-06-0197452//9148500123FS
:61:100503DD15000,00S103208-06-1219820//9820500123FS
:61:100503DD14259,97S103205-06-2162098//8426600123FS
:61:100503DD14172,10S103087-06-0038140-O//9818500123FS
:61:100503DD13680,00S103087-06-0037891//9104100123FS
:61:100503DD12868,40S103208-06-1218974-O//9143800123FS
:61:100503DD12455,12S103080-06-0172946//8030500123FS
:61:100503DD11500,00S103208-06-1220097//9869400123FS
:61:100503DD11204,00S103205-06-2163131-O//9116700123FS
:61:100503DD10540,00S103205-06-2162463-O//8746300123FS
:61:100503DD10022,93S103208-06-1218876-O//9143600123FS
:61:100503DD10000,00S103208-06-1219018-O//8251900123FS
:61:100503DD10000,00S103006-06-0077541//9634300123FS
:61:100503DD9968,00S103087-06-0037962//9103400123FS
:61:100503DD9900,00S103205-06-2161909-O//8748100123FS
:61:100503DD8500,00S103002-06-0197498//9346200123FS
:61:100503DD8280,00S103208-06-1219731//9818700123FS
:62M:C100503USD3745240,91
-}{5:{CHK:3AE7420D1089}}{S:{SPD:}{COP:P}}${1:F21BNCRCRSJAXXX7981419975}{4:{177:1005190928}{451:0}}{1:F01BNCRCRSJAXXX7981419975}{2:O9501111100519CHASUS33AXXX87917657701005190911N}{3:{108:DDA05035402114}}{4:
:20:ST05030011186749
:25:001 1 186749
:28C:00084/00004
:60M:C100503USD10666057,11
:61:100503CD4985,00S103NONREF//2356000120JS
BANK OF VALLETTA PLC ST VENERA MAL
:61:100503CD4985,00NTRFBI11161201200005//3340400123FC
ALBEE ADVENTURES INC NEW YORK     
:61:100503CD4985,00NTRFOBEMPIRESTATE//4317509123FF
EMPIRE STATE BANK,N.A. NOT AVAILAB
:61:100503CD4985,00S103NONREF//R-8846400123FS
BANK OF N T BUTTERFIELD SON LTD HA
:61:100503CD4785,00NTRFTRE01910002072//5640900123FC
1/T M TRADING INC S A 3/PA/PANAMA 
:61:100503CD4724,47NTRFTTQSC609293MNY//2292200123FC
MARCO ANTONIO V CESPEDES DOHA PC 2
:61:100503CD4675,00NTRFNONREF//1194100123ES
MAX G NEWLAND OR COLLEEN M NEWLAND
:61:100503CD4150,00NTRFNONREF//0440500123ES
JERRY M WHITE PAULA A WHITE MIAMI,
:61:100503CD3985,00S103NONREF//6626300120JS
BANCO DE MEXICO MEXICO D.F. MEXICO
:61:100503CD3966,82NTRF123424097//5383900123FC
TASK FORCE FOR GLOBAL HEALTH INC D
:61:100503CD3860,91S103NONREF//8705200123FS
BANCO NACIONAL DE PANAMA REPUBLIC 
:61:100503CD3825,00NTRFTT60766312300046//4072600123FC
JEAN PAUL VELLUTI OZONE PARK NY 11
:61:100503CD3375,00NTRF2712081//3451600123FC
CANADIAN IMPERIAL BANK OF COMMERCE
:61:100503CD3260,00NTRFOBNATLBKKUWA//2973200123FC
MICHEAL RONALD BROWN PEREZ DOHA QA
:61:100503CD3249,00NTRFOBCITIBANKBNM//3002209123FF
BANAMEX USA LOS ANGELES CA 90030-0
:61:100503CD3111,75NTRFNONREF//3740300123JO
BIO-TEK INSTRUMENTS INC WINOOSKI V
:61:100503CD2985,00NTRFFW04386123554288//4164209123FF
WELLS FARGO BANK SAN FRANCISCO CA 
:61:100503CD2965,00NTRF123380613//3911600123FC
TERRY L TAYLOR PLAINFIELD, IN 4616
:61:100503CD2964,31S202A2097TI060520119//3916200119FS
CAJA DE AHORROS Y PENSIONES DE BAR
:61:100503CD2800,00NTRF2010050300014490//2054709123FF
PNC BANK, FUNDS CONTROL PITTSBURGH
:62M:C100503USD10744679,37
-}{5:{CHK:923390340DA1}}{S:{SPD:}{COP:P}}${1:F21BNCRCRSJAXXX7981419976}{4:{177:1005190928}{451:0}}{1:F01BNCRCRSJAXXX7981419976}{2:O9501111100519CHASUS33AXXX87917657711005190911N}{3:{108:DDA05035402119}}{4:
:20:ST05030011186749
:25:001 1 186749
:28C:00084/00009
:60M:C100503USD3745240,91
:61:100503DD7500,00S103006-06-0077453//0065500123JS
:61:100503DD7000,00S103095-06-0084492//9894700123FS
:61:100503DD5937,67S103075-06-0077351//9206000123FS
:61:100503DD5884,00S103084-06-0058898//8248700123FS
:61:100503DD5790,86S103208-06-1220122-O//9117000123FS
:61:100503DD5760,00S103208-06-1218858-O//9143700123FS
:61:100503DD5533,00S103205-06-2161927//8426700123FS
:61:100503DD5525,00S103205-06-2162506-O//9010900123FS
:61:100503DD5410,00S103208-06-1217573//9867100123FS
:61:100503DD5181,64S103208-06-1217831//9145000123FS
:61:100503DD5100,00S103012-06-0000260-O//9243800120JS
:61:100503DD5000,00S103205-06-2161534//8757400120JS
:61:100503DD5000,00S103087-06-0038006//9103100123FS
:61:100503DD5000,00S103006-06-0077532//9818400123FS
:61:100503DD4675,00S103080-06-0172919-O//8030600123FS
:61:100503DD4092,91S103205-06-2162301//8425700123FS
:61:100503DD4000,00S103095-06-0084526//9895000123FS
:61:100503DD3600,00S103006-06-0077587//9634500123FS
:61:100503DD3443,28S103002-06-0197513-O//9346100123FS
:61:100503DD3350,60S103208-06-1218787-O//9080600120JS
:61:100503DD3312,83S103095-06-0084517//9894900123FS
:61:100503DD3284,75S103075-06-0077404//9205800123FS
:61:100503DD3268,50S103075-06-0077422//9294700123FS
:61:100503DD3179,25S103205-06-2163122-O//9751500123FS
:61:100503DD2700,00S103006-06-0077505//0040500123JS
:61:100503DD2550,00S103084-06-0058923-O//8248900123FS
:61:100503DD2537,00S103006-06-0077550//9634400123FS
:61:100503DD2500,00S103006-06-0077514//9193400120JS
:61:100503DD2371,19S103080-06-0172866-O//8031100123FS
:61:100503DD2000,00S103002-06-0197372//8030300123FS
:61:100503DD2000,00S103131-06-0005387//9011900123FS
:61:100503DD1978,00S103087-06-0037935-O//9103500123FS
:62M:C100503USD3610775,43
-}{5:{CHK:325D668D239A}}{S:{SPD:}{COP:P}}${1:F21BNCRCRSJAXXX7981419978}{4:{177:1005190928}{451:0}}{1:F01BNCRCRSJAXXX7981419978}{2:O9501111100519CHASUS33AXXX87917657731005190911N}{3:{108:DDA05035402117}}{4:
:20:ST05030011186749
:25:001 1 186749
:28C:00084/00007
:60M:C100503USD10802260,88
:61:100503CD650,00NTRFNONREF//2079500123ES
JOSE J SUAREZ OREJON SUNLAND, CA 9
:61:100503CD647,00NTRF022380HB00011//0927300123FC
PROMEDIA TOUR S.R.L. 46031 BAGNOLO
:61:100503CD585,00NTRF13731//0913700123FC
PRO CONFORT INTERNACIONAL SOCIEDAD
:61:100503CD584,69NTRFNONREF//1716500123ES
LESLIE R MORRIS EL SEGUNDO, CA 902
:61:100503CD500,00NTRF2010050300003167//2402909123FF
M AND I MARSHALL AND ILSLEY BANK M
:61:100503CD500,00NTRF123382901//4646500123FC
JONATHAN PAUL INMAN DUBAI, U.A.E. 
:61:100503CD480,00NTRF123434111//5257600123FC
PAUL DELANO WOLF INC OAKLAND CA 94
:61:100503CD460,00NTRFOBSUPERIORBAN//3171609123FF
SUPERIOR BANK WARRIOR AL          
:61:100503CD400,00NTRFNONREF//0729700123ES
SEIDY P VARGAS HIALEAH, FL 33014  
:61:100503CD325,00NTRFOBCORNERSTONE//5751309123FF
CORNERSTONE COMMUNITY BANK CHATTAN
:61:100503CD300,00NTRFNONREF//2152600123ES
JAIME GERARDO GARBANZO OR NINETTE 
:61:100503CD200,10NTRFBI11125501200003//4792900123FC
WORDREFERENCECOM LLC VIENNA       
:61:100503CD185,00NTRFOBAMERFIRSTF//6199009123FF
AMERICA FIRST CREDIT UNION OGDEN U
:61:100503CD116,33NTRF205-12-0016458//6799909123FF
BANK OF AMERICA N.A. NEW YORK NY 1
:61:100503CD10,00NMSCNONREF//0001042120FH
PHONE OPERATOR B/D REF            
:61:100503DD6000000,00S200DRFLI-10-05-0493//8762900123FS
:61:100503DD140400,00S103208-06-1219777-O//8250100123FS
:61:100503DD135166,04S202205-03-0061088-O//8425400123FS
:61:100503DD55611,00S103208-06-1218545-O//9097200120JS
:61:100503DD50000,00S103208-06-1220015//9869300123FS
:61:100503DD45991,30S103075-06-0077342//9206100123FS
:61:100503DD43483,15S103208-06-1219786-O//8250000123FS
:61:100503DD40000,00S103075-06-0077388-O//9205900123FS
:62M:C100503USD4297552,51
-}{5:{CHK:A9C85E0E10E9}}{S:{SPD:}{COP:P}}${1:F21BNCRCRSJAXXX7981419982}{4:{177:1005190928}{451:0}}{1:F01BNCRCRSJAXXX7981419982}{2:O9501111100519CHASUS33AXXX87917657771005190911N}{3:{108:DDA05035402120}}{4:
:20:ST05030011186749
:25:001 1 186749
:28C:00084/00010
:60M:C100503USD3610775,43
:61:100503DD1925,00S103002-06-0197522//9346000123FS
:61:100503DD1900,00S103087-06-0037980-O//9103300123FS
:61:100503DD1800,00S103002-06-0197461//9148600123FS
:61:100503DD1560,00S103205-06-2162711//8744200123FS
:61:1004300503DD1504,00NMSC205-16-7546109//3357200123HH
DIVERSIFIED CONSULTING SERVICES, D
:61:100503DD1440,45S103208-06-1219045-O//8251800123FS
:61:100503DD1351,00S103205-06-2162418//8427400123FS
:61:100503DD1333,84S103208-06-1218180//9144800123FS
:61:100503DD1230,00S103208-06-1219839//9820600123FS
:61:100503DD1220,00S103205-06-2162392//8746500123FS
:61:100503DD1200,00S103208-06-1219893//9866700123FS
:61:100503DD1118,84S103087-06-0037999//9103200123FS
:61:100503DD1092,00S103095-06-0084508//9894800123FS
:61:100503DD1078,00S103205-06-2162739//8744100123FS
:61:100503DD1075,00S103080-06-0172937//9161200123FS
:61:100503DD1000,00S103002-06-0197381//8030400123FS
:61:100503DD1000,00S103205-06-2162427//8746400123FS
:61:100503DD1000,00S103208-06-1219919//9867000123FS
:61:100503DD978,00S103205-06-2162560-O//9010800123FS
:61:100503DD931,76S103208-06-1219848//9964500123FS
:61:100503DD913,21S103087-06-0038033//9104000123FS
:61:100503DD900,00S103205-06-2161482//8757200120JS
:61:100503DD785,00S103087-06-0037917//9013100123FS
:61:100503DD684,98S103208-06-1217877//R-9144900123FS
:61:100503DD600,00S103205-06-2162695//9751600123FS
:61:100503DD463,00S103205-06-2162203//8425800123FS
:61:100503DD400,00S103080-06-0172928//9898600123FS
:61:100503DD374,00S103208-06-1219866//9965000123FS
:61:100503DD304,50S103137-06-0090975-O//9818600123FS
:61:100503DD181,40S103006-06-0077578-O//0018000123JS
:62F:C100503USD3579431,45
:64:C100503USD3579431,45
-}{5:{CHK:367AEFC339B4}}{S:{SPD:}{COP:P}}${1:F21BNCRCRSJAXXX7981419977}{4:{177:1005190928}{451:0}}{1:F01BNCRCRSJAXXX7981419977}{2:O9501111100519CHASUS33AXXX87917657721005190911N}{3:{108:DDA05045411086}}{4:
:20:ST05040011186749
:25:001 1 186749
:28C:00085/00001
:60F:C100504USD3579431,45
:61:100504CD2928034,96NTRFNONREF//R-1394700124JO
ED F MAN TREASURY MANAGEMENT PLC L
:61:100504CD699985,00NTRFNONREF//2242900124JO
INT'L LABOUR OFFICE LIMA LIMA-PERU
:61:100504CD264950,00NTRF5140103A01190044//0471400124FC
SENOR HEREDIA COSTA RICA          
:61:100504CD186415,00NTRFOP330109041//4777500124FC
BANK OF MONTREAL MONTREAL, CANADA 
:61:100504CD149985,00S103NONREF//1507100124FS
BANCO MONEX, S.A. INSTITUCION DE M
:61:100504CD80000,00S202205-11-0006610//4389701124JS
DEUTSCHE BUNDESBANK D 60431 FRANKF
:61:100504CD79975,00NTRFMIS28785//R-6027900124FC
BUILD CANADA ( MIKFA ) INC CANADA 
:61:100504CD77688,00S103NONREF//8028500124JS
ABN AMRO BANK N V HEAD OFFICE AMST
:61:100504CD71090,50S103NONREF//8028400124JS
ABN AMRO BANK N V HEAD OFFICE AMST
:61:100504CD53804,50NTRFOBGREATEASTER//2521009124FF
GREAT EASTERN BANK OF FLORIDA MIAM
:61:100504CD49967,00S103NONREF//2884800124JS
THE BANK OF TAIWAN TAIPEI TAIWAN  
:61:100504CD35520,00NTRFNONREF//0279400124ES
REDI FRESH PRODUCE INC ASTORIA NY 
:61:100504CD33313,85NTRFCA100504049088//6550900124FC
B N S INTL BKG DIV.TORONTO TORONTO
:61:100504CD31195,00NTRFOP055109130//1393800124FC
BANK OF MONTREAL MONTREAL, CANADA 
:61:100504CD29957,00S103NONREF//6026800123FS
BANK HAPOALIM B M TEL-AVIV ISRAEL 
:61:100504CD29273,60NTRFNONREF//2834300124JO
STREAMLINE FOODS INC BELLEVILLE ON
:61:100504CD29273,60NTRFNONREF//2840500124JO
STREAMLINE FOODS INC BELLEVILLE ON
:61:100504CD28754,00S103NONREF//8028800124JS
ABN AMRO BANK N V HEAD OFFICE AMST
:61:100504CD28000,00NTRF2138558//5682900124FC
CANADIAN IMPERIAL BANK OF COMMERCE
:61:100504CD26805,00S103NONREF//8028700124JS
ABN AMRO BANK N V HEAD OFFICE AMST
:62M:C100504USD8493418,46
-}{5:{CHK:608F8D499E1E}}{S:{SPD:}{COP:P}}${1:F21BNCRCRSJAXXX7981419979}{4:{177:1005190928}{451:0}}{1:F01BNCRCRSJAXXX7981419979}{2:O9501111100519CHASUS33AXXX87917657741005190911N}{3:{108:DDA05045411087}}{4:
:20:ST05040011186749
:25:001 1 186749
:28C:00085/00002
:60M:C100504USD8493418,46
:61:100504CD26306,45NTRFOBTRANSATLBK//1980409124FF
TRANSATLANTIC BANK CORAL GABLES FL
:61:100504CD25748,00S103FV89543//2165500124FS
BANCO GENERAL SA REPUBLIC OF PANAM
:61:100504CD25200,00S202EBANKGO34058658//8151200120FS
NATIONAL WESTMINSTER BANK PLC LOND
:61:100504CD24985,00S103NONREF//1733100124FS
CIBC TRUST CO BAHAMAS LTD NASSAU B
:61:100504CD21534,83S103NONREF//8176300123FS
FIRSTRAND BANK LTD JOHANNESBURG SO
:61:100504CD18932,32NTRFGT03000085689640//4795800124FC
FLORIMEX BV AALSMEER,NETHERLANDS  
:61:100504CD18086,20S2022010050400012743//7276100124JS
FORTIS BANK (NEDERLAND) N.V. AMSTE
:61:100504CD17484,00NTRFVIAMERICASCORP//5219209124FF
U S BANK N.A COMMERCIAL REGION POR
:61:100504CD17460,00NTRF124431859//6205400124FC
GLORIA PERCH 35216                
:61:100504CD16532,00NTRFNONREF//R-4557200124JO
REPUBLIC INTERNATIONAL BANK, N.V. 
:61:100504CD15000,00NTRF7906NOO05226519//4077500124FC
DNB NOR BANK ASA OSLO NORWAY N-502
:61:100504CD15000,00S103NONREF//7815300120FS
NORDDEUTSCHE LANDESBANK HANOVER GE
:61:100504CD13385,00NTRFOBRDWDCUSRO//3704009124FF
REDWOOD CREDIT UNION SANTA ROSA CA
:61:100504CD13096,88S103NONREF//8028600124JS
ABN AMRO BANK N V HEAD OFFICE AMST
:61:100504CD12840,00NTRFNONREF//0551700124ES
KEVIN A VILLEDA NORMA VILLEDA LINC
:61:100504CD12000,00S202205-11-0006610//4389703124JS
DEUTSCHE BUNDESBANK D 60431 FRANKF
:61:100504CD11965,00S103NONREF//5048400124JS
WESTLB AG 40217 DUESSELDORF GERMAN
:61:100504CD10000,00NTRF2138884//6032900124FC
CANADIAN IMPERIAL BANK OF COMMERCE
:61:100504CD9950,00NTRF2010050400006844//6208600124FC
MARIO MARTINEZ STONEHAM MA 0218013
:61:100504CD9000,00NTRFNONREF//0064200124ES
CATHERINE A THOMPSON OR BRUCE A SA
:62M:C100504USD8827924,14
-}{5:{CHK:E17FBF5A6FFE}}{S:{SPD:}{COP:P}}${1:F21BNCRCRSJAXXX7981419980}{4:{177:1005190928}{451:0}}{1:F01BNCRCRSJAXXX7981419980}{2:O9501111100519CHASUS33AXXX87917657751005190911N}{3:{108:DDA05045411088}}{4:
:20:ST05040011186749
:25:001 1 186749
:28C:00085/00003
:60M:C100504USD8827924,14
:61:100504CD8985,00NTRFOBBCOSANTANC//R-4846409124FF
BANCO SANTANDER CENTRAL MIAMI FL 3
:61:100504CD8985,00NTRFOBBCOSANTANC//R-4846509124FF
BANCO SANTANDER CENTRAL MIAMI FL 3
:61:100504CD8717,40S103NONREF//8029000124JS
ABN AMRO BANK N V HEAD OFFICE AMST
:61:100504CD8268,75NTRFCA100504025535//5743500124FC
B N S INTL BKG DIV.TORONTO TORONTO
:61:100504CD8188,00NTRF124301280//0392400124FC
1/FLANERIES AU BOUT DU MONDE 3/FR/
:61:100504CD8054,00S103NONREF//2360100120JS
BANK OF VALLETTA PLC ST VENERA MAL
:61:100504CD7793,06S2023650660915310543//4513100120JS
BANCO DE SABADELL SABADELL (BARCEL
:61:100504CD7666,64NTRF3015340155//0709100124FC
CITIBANK N.A. LONDON UNITED KINGDO
:61:100504CD7500,00NTRFNONREF//1259200124ES
JYS INVESTMENTS LLC WESTFIELD NJ 0
:61:100504CD6836,50NTRF2722851//5994800124FC
CANADIAN IMPERIAL BANK OF COMMERCE
:61:100504CD6809,00S103NONREF//7819100120FS
NORDDEUTSCHE LANDESBANK HANOVER GE
:61:100504CD6583,76NTRF2010050400019696//3276309124FF
PNC BANK, N.A. PITTSBURGH PA      
:61:100504CD6000,00S202205-11-0006610//4389702124JS
DEUTSCHE BUNDESBANK D 60431 FRANKF
:61:100504CD5553,57S2023651660915314664//5413700120JS
BANCO DE SABADELL SABADELL (BARCEL
:61:100504CD5441,70S103NONREF//3829500120JS
CONFEDERACION ESPANOLA DE CAJAS MA
:61:100504CD5335,00NTRFCA100504049087//5703709124FF
THE BANK OF NOVA SCOTIA NEW YORK N
:61:100504CD5300,00NTRFNONREF//0721700124ES
LOVE AT WORK MINISTRIES INC CARMEL
:61:100504CD5235,00NTRFNONREF//0001400123JO
ASG INTERNATIONAL LTD CAYO BELIZE 
:61:100504CD5000,00NTRF2139526//5534709124FF
BANK OF AMERICA N.A. NEW YORK NY 1
:61:100504CD4985,00NTRFNONREF//1461400124JO
LAZARD CAPITAL MARKETS LLC NEW YOR
:62M:C100504USD8965161,52
-}{5:{CHK:50549CDBA8DA}}{S:{SPD:}{COP:P}}${1:F21BNCRCRSJAXXX7981419981}{4:{177:1005190928}{451:0}}{1:F01BNCRCRSJAXXX7981419981}{2:O9501111100519CHASUS33AXXX87917657761005190911N}{3:{108:DDA05045411090}}{4:
:20:ST05040011186749
:25:001 1 186749
:28C:00085/00005
:60M:C100504USD9036504,27
:61:100504CD2350,00NTRFNONREF//1061100124ES
QUICK WAY TRANSPORT, INC HYPOLUXO,
:61:100504CD2235,00NTRFOBROYALBKCAN//4106909124FF
ROYAL BANK OF CANADA MIAMI FL 3313
:61:100504CD2165,00NTRF124447538//5746109124FF
HSBC BANK USA NEWARK DE 19713     
:61:100504CD2000,00NTRFNONREF//1064400124ES
ROBERT MENA WILTON, CT 068975001  
:61:100504CD1985,00NTRFNONREF//2764900124JO
US CENTRAL INT'L WIRES LENEXA KS 6
:61:100504CD1985,00NTRFBI11715201230010//4732800124FC
FRAME BY THE ARTIST LLC MIAMI BEAC
:61:100504CD1985,00NTRFOBSIGNATUREBA//4813409124FF
SIGNATURE BANK NEW YORK NY 10017  
:61:100504CD1965,00NTRF124424954//5740900124FC
EDEN FLORAL FARMS INC MIAMI FL 331
:61:100504CD1500,00NTRF2010050400199401//3875709124FF
BANK OF AMERICA N.A. NEW YORK NY 1
:61:100504CD1500,00S202CA100503288399//9802700123FS
ROYAL BANK OF CANADA-PAYMENT CENTE
:61:100504CD1485,00NTRFNONREF//2945400124JO
488 PERFORMANCE GROUP INC NEW YORK
:61:100504CD1477,00NTRFOBBKOFNYC//5720209124FF
THE BANK OF NEW YORK MELLON NEW YO
:61:100504CD1455,00NTRF2010050400007810//6457500124FC
JOHN L CAREY ROCKY HILL CT 0606711
:61:100504CD1454,19S202CA100503162827//0019300123JS
ROYAL BANK OF CANADA-PAYMENT CENTE
:61:100504CD1402,38NTRFNONREF//0159600124ES
AMERILINK INT'L CORP ROMEOVILLE IL
:61:100504CD1400,00NTRFNONREF//0055300124ZM
DEONA RENE WILLIAMS MIAMI FL 33186
:61:100504CD1400,00NTRFNONREF//0953400124ES
PALMER H DELEEUW SALT LAKE CITY, U
:61:100504CD1280,00S202P76015512321//9992000123FR
JPMORGAN CHASE BANK NA - LONDON LO
:61:100504CD1277,50NTRFNONREF//4044600124JO
SOUTHWEST CORP FEDERAL CREDIT UNIO
:61:100504CD1230,00NTRFOBHSBCUSA//2925809124FF
HSBC BANK USA NEWARK DE 19713     
:62M:C100504USD9070035,34
-}{5:{CHK:F9D572B86560}}{S:{SPD:}{COP:P}}${1:F21BNCRCRSJAXXX7981419983}{4:{177:1005190928}{451:0}}{1:F01BNCRCRSJAXXX7981419983}{2:O9501111100519CHASUS33AXXX87917657781005190911N}{3:{108:DDA05045411092}}{4:
:20:ST05040011186749
:25:001 1 186749
:28C:00085/00007
:60M:C100504USD9085788,41
:61:100504CD450,00NTRF2138821//5668200124FC
CANADIAN IMPERIAL BANK OF COMMERCE
:61:100504CD411,00NTRFNONREF//0754600124ES
JOSE CARCAMO MARTINEZ OR JESUSITA 
:61:100504CD411,00NTRFTT60766312400026//4797500124FC
ALICE S YOUNG BUFFALO NY 14222-192
:61:100504CD410,00NTRFOBFALCONNBLA//3064809124FF
FALCON INTERNATIONAL BANK LAREDO T
:61:100504CD336,00NTRFMINO103101240195//5410000124FC
CAISSE CENTRALE DESJARDINS MONTREA
:61:100504CD320,00NTRFNONREF//0316900124ES
JONATHAN MORENO LONG BEACH, CA 908
:61:100504CD300,00NTRFNONREF//1200200124ES
MARIO E CALDERON LOPEZ OR ELIZABET
:61:100504CD285,00NTRFNONREF//1005700124ES
THOMAS J KUESEL MEQUON WI 53092-  
:61:100504CD285,00NTRFNONREF//2773900124JO
US CENTRAL INT'L WIRES LENEXA KS 6
:61:100504CD264,00S202I20D10123L61520//2887300123FS
BANQUE FEDERATIVE DU CREDIT STRASB
:61:100504CD250,00NTRFNONREF//1401300124ES
SHAD A HANCOCK GILBERT, AZ 8529820
:61:100504CD250,00S202P76892942321//1790900124FR
JPMORGAN CHASE BANK NA - LONDON LO
:61:100504CD220,00NTRFNONREF//0189200124ES
GARY D ROWE OR VICTORIA L ROWE VAN
:61:100504CD195,00S103NONREF//0493700124FS
HSBC MEXICO, S.A. MEXICO, D.F. MEX
:61:100504CD100,00NTRFNONREF//1468800124ES
KATHIA SORRI LOS GATOS, CA 9503218
:61:100504CD87,33NTRF3015449573//3301400124FC
CITIBANK N.A. LONDON UNITED KINGDO
:61:100504DD204123,62S202205-01-0032022-O//0218800124FS
:61:100504DD100000,00S103205-06-2163159//9751700123FS
:61:100504DD94050,00S103137-06-0090993-O//1127400124FS
:61:100504DD90000,00S103131-06-0005341-O//1168600124FS
:61:100504DD74352,11S103008-06-0007553-O//1083700124FS
:61:100504DD51698,20S103208-06-1220596//1522600124FS
:61:100504DD50000,00S103208-06-1220024//0896300124FS
:62M:C100504USD8426138,81
-}{5:{CHK:DAF523344324}}{S:{SPD:}{COP:P}}${1:F21BNCRCRSJAXXX7981419984}{4:{177:1005190928}{451:0}}{1:F01BNCRCRSJAXXX7981419984}{2:O9501111100519CHASUS33AXXX87917657791005190911N}{3:{108:DDA05045411093}}{4:
:20:ST05040011186749
:25:001 1 186749
:28C:00085/00008
:60M:C100504USD8426138,81
:61:100504DD50000,00S103208-06-1220649//1522300124FS
:61:100504DD46578,42S103006-06-0077701//1195200124FS
:61:100504DD41657,21S103208-06-1220328//0855200124FS
:61:100504DD39354,00S103137-06-0090984-O//1127300124FS
:61:100504DD32949,40S103208-06-1220854//1869500124FS
:61:100504DD30000,00S103205-06-2163168//9959000123FS
:61:100504DD27726,90S103208-06-1220774-O//1869700124FS
:61:100504DD24267,00S103006-06-0077710//1195300124FS
:61:100504DD20285,41S103035-06-0042441-O//1900700124FS
:61:100504DD19972,50S103208-06-1220435-O//0855300124FS
:61:100504DD18399,24S103095-06-0084642//1841400124FS
:61:100504DD14862,48S103208-06-1220471//1522400124FS
:61:100504DD13672,00S103006-06-0077738//1195500124FS
:61:100504DD11703,98S103092-06-0042708//0328500124FS
:61:100504DD9697,76S103205-06-2163541-O//0783400124FS
:61:100504DD9150,00S103087-06-0038159//2140000124FS
:61:100504DD8652,81S103095-06-0084562//1840500124FS
:61:100504DD8500,00S103205-06-2163578-O//0931200124FS
:61:100504DD8307,45S103006-06-0077729//1195400124FS
:61:100504DD7530,22S103205-06-2163630-O//1127200124FS
:61:100504DD7109,64S103075-06-0077529//1335700124FS
:61:100504DD6701,25S103080-06-0173008-O//1078700124FS
:61:100504DD6480,91S202205-04-0031217//0357400124FS
:61:100504DD6000,00S103205-06-2163621-O//0783500124FS
:61:100504DD5000,00S103205-06-2163382//0219000124FS
:61:100504DD5000,00S103205-06-2163499-O//0348400124FS
:61:100504DD5000,00S103205-06-2163596//0783600124FS
:61:100504DD5000,00S103205-06-2163710-O//1126700124FS
:61:100504DD4978,00S103095-06-0084679//1841700124FS
:61:100504DD4958,00S103084-06-0058932//0056200124FS
:61:100504DD4236,52S103205-06-2163587-O//0931300124FS
:62M:C100504USD7922407,71
-}{5:{CHK:4C9E332CDA8B}}{S:{SPD:}{COP:P}}${1:F21BNCRCRSJAXXX7981419985}{4:{177:1005190928}{451:0}}{1:F01BNCRCRSJAXXX7981419985}{2:O9501111100519CHASUS33AXXX87917657801005190911N}{3:{108:DDA05045411094}}{4:
:20:ST05040011186749
:25:001 1 186749
:28C:00085/00009
:60M:C100504USD7922407,71
:61:100504DD4009,01S103205-06-2163532-O//0549900124FS
:61:100504DD3927,29S103208-06-1220266//0855400124FS
:61:100504DD3920,40S103208-06-1219615//2087700124FS
:61:100504DD3905,00S103006-06-0077649//0774000124FS
:61:100504DD3835,00S103006-06-0077630//0148300123JS
:61:100504DD3649,66S103080-06-0173026-O//2299500124FS
:61:100504DD3332,76S103061-06-0060221-O//2239400124FS
:61:100504DD3270,00S103208-06-1220578//1522500124FS
:61:100504DD3000,00S103205-06-2163364//0186900123JS
:61:100504DD3000,00S103208-06-1220783//1869600124FS
:61:100504DD2793,00S103208-06-1220186//0855500124FS
:61:100504DD2669,50S103047-06-0056681//2155300124FS
:61:100504DD2367,53S103095-06-0084651//1841500124FS
:61:100504DD2000,00S103205-06-2163355//0187000123JS
:61:100504DD2000,00S103006-06-0077747//1489100124FS
:61:100504DD2000,00S103208-06-1220480//1522800124FS
:61:100504DD2000,00S103047-06-0056707//2155500124FS
:61:100504DD1978,00S103095-06-0084688//1842900124FS
:61:100504DD1927,27S103002-06-0197620//1228700124FS
:61:100504DD1900,00S103002-06-0197684//2094400124FS
:61:100504DD1719,00S103087-06-0038186-O//2140200124FS
:61:100504DD1714,59S103205-06-2163729-O//1126600124FS
:61:100504DD1500,00S103006-06-0077612//0024800123JS
:61:100504DD1500,00S103208-06-1220168//2087200124FS
:61:100504DD1500,00S103004-06-0092571//R-2094300124FS
:61:100504DD1300,00S103002-06-0197700//2094500124FS
:61:100504DD1002,88S103008-06-0007544-O//1084000124FS
:61:100504DD1000,00S103095-06-0084660//1841600124FS
:61:100504DD917,00S103047-06-0056690//2155400124FS
:61:100504DD810,00S103208-06-1220033//0856100124FS
:61:100504DD800,00S103092-06-0042655//R-1530800124FS
:61:100504DD748,00S103061-06-0060329-O//2119700124FS
:62M:C100504USD7850411,82
-}{5:{CHK:8A244964D0AE}}{S:{SPD:}{COP:P}}${1:F21BNCRCRSJAXXX7981419986}{4:{177:1005190928}{451:0}}{1:F01BNCRCRSJAXXX7981419986}{2:O9501111100519CHASUS33AXXX87917657811005190911N}{3:{108:DDA05045411089}}{4:
:20:ST05040011186749
:25:001 1 186749
:28C:00085/00004
:60M:C100504USD8965161,52
:61:100504CD4985,00NTRFNONREF//4229200124JO
EBNA BANK N V WILLEMSTAD CURACAO N
:61:100504CD4975,00S103NONREF//1749600124FS
INTERNATIONAL UNION BANK S A PANAM
:61:100504CD4485,91NTRFNONREF//1961600124JO
CYTYC CORP MARLBOROUGH MA 01752-  
:61:100504CD4475,00NTRF124342883//1560400124FC
HUANG TUNG-YANG WAN 23550         
:61:100504CD4110,00NTRFNONREF//0001600123JO
ASG INTERNATIONAL LTD CAYO BELIZE 
:61:100504CD4015,76S103NONREF//4132800120JS
DEUTSCHE POSTBANK SAARBRUECKEN GER
:61:100504CD4000,00S202CA100503076976//9487200123FS
ROYAL BANK OF CANADA-PAYMENT CENTE
:61:100504CD3985,00NTRF00561920100504PW//3085409124FF
UBS AG STAMFORD CT 06912-0305     
:61:100504CD3800,00NTRFNONREF//0082700124ES
BARDAN INTERNATIONAL INC MIAMI FL 
:61:100504CD3619,00NTRFNONREF//0695100124ES
LYNN A DURLING OR RANDALL T DURLIN
:61:100504CD3519,58NTRFOBNOVASAVINGS//2454409124FF
NOVA BANK PHILADELPHIA PA         
:61:100504CD3500,00NTRFOP054605150//1396700124FC
BANK OF MONTREAL MONTREAL, CANADA 
:61:100504CD3500,00NTRFMINO103101240218//5807900124FC
CAISSE CENTRALE DESJARDINS MONTREA
:61:100504CD2985,00NTRFOBCANATLBKL//R-5164909124FF
U.S. BANK, NA LOS ANGELES CA      
:61:100504CD2977,50NTRFNONREF//4042900124JO
SOUTHWEST CORP FEDERAL CREDIT UNIO
:61:100504CD2600,00NTRF2010050400029835//5439909124FF
PNC BANK,NA PHILADELPHIA PA       
:61:100504CD2500,00NTRF356182//1149409124FF
UMB BANK, N.A. KANSAS CITY MO 6410
:61:100504CD2485,00NTRFOBCHEVYCHASE//2103309124FF
CHEVY CHASE FEDERAL SAVINGS BANK C
:61:100504CD2425,00NTRF2010050400001207//0073000124FC
HRISTO HRISTOZOV BELIZE           
:61:100504CD2400,00NTRF2010050400018066//2934909124FF
PNC BANK, N.A. PITTSBURGH PA      
:62M:C100504USD9036504,27
-}{5:{CHK:B6410E23F1A7}}{S:{SPD:}{COP:P}}${1:F21BNCRCRSJAXXX7981419988}{4:{177:1005190928}{451:0}}{1:F01BNCRCRSJAXXX7981419988}{2:O9501111100519CHASUS33AXXX87917657831005190911N}{3:{108:DDA05045411091}}{4:
:20:ST05040011186749
:25:001 1 186749
:28C:00085/00006
:60M:C100504USD9070035,34
:61:100504CD1200,00S2023651660915314122//4993700120JS
BANCO DE SABADELL SABADELL (BARCEL
:61:100504CD1110,00NTRFMT10124000148//R-3470409124FF
CAPITAL ONE, N.A. NEW YORK NY     
:61:100504CD1100,00NTRF2010050400187212//3543409124FF
BANK OF AMERICA N.A. NEW YORK NY 1
:61:100504CD1000,00NTRFNONREF//0872900124ES
ARMANDO TREVINO AUSTIN, TX 7874864
:61:100504CD1000,00NTRFNONREF//0911500124ES
JACOB D SINCLAIR NEVADA CITY, CA 9
:61:100504CD985,00S103NONREF//6096800123FS
STADSPARKASSE DUSSELDORF DUSSELDOR
:61:100504CD950,00S202CA100430513281//3757600123FS
ROYAL BANK OF CANADA-PAYMENT CENTE
:61:100504CD950,00S202CA100503275662//9483600123FS
ROYAL BANK OF CANADA-PAYMENT CENTE
:61:100504CD810,00S202P76892622321//0392600123FR
JPMORGAN CHASE BANK NA - LONDON LO
:61:100504CD800,00NTRF2010050400022257//4315809124FF
PNC BANK OHIO NA CINCINNATI OH 452
:61:100504CD791,00NTRFNONREF//1313800124ES
JAMES S SONN BOULDER, CO 80302    
:61:100504CD774,59S202CA100503246247//0067200124FS
ROYAL BANK OF CANADA-PAYMENT CENTE
:61:100504CD709,48NTRFOBBANCAINTESA//4240300124FC
EUROBIT CO. S.R.L. 23891 BARZANO' 
:61:100504CD585,00NTRFNONREF//1360400124ES
MARGARITA CARDENAS AGUILAR OR LUIS
:61:100504CD540,00NTRFMINO103101240235//5867000124FC
CAISSE CENTRALE DESJARDINS MONTREA
:61:100504CD525,00NTRFOBHUDSONCTYP//4975409124FF
HUDSON CITY SAVINGS BANK PARAMUS N
:61:100504CD500,00NTRFNONREF//1046100124ES
JOSE LUIS JESUS GERMANY           
:61:100504CD488,00S103NONREF//8217800123FS
FIRSTRAND BANK LTD JOHANNESBURG SO
:61:100504CD485,00NTRFNONREF//3846600124JO
US CENTRAL INT'L WIRES LENEXA KS 6
:61:100504CD450,00NTRFNONREF//0477300124ES
PATRICIA HORTON ASTORIA, NY 11105 
:62M:C100504USD9085788,41
-}{5:{CHK:1C86001AC89A}}{S:{SPD:}{COP:P}}${1:F21BNCRCRSJAXXX7981419991}{4:{177:1005190928}{451:0}}{1:F01BNCRCRSJAXXX7981419991}{2:O9501111100519CHASUS33AXXX87917657861005190911N}{3:{108:DDA05045411095}}{4:
:20:ST05040011186749
:25:001 1 186749
:28C:00085/00010
:60M:C100504USD7850411,82
:61:100504DD720,72S103137-06-0091000-O//1127500124FS
:61:100504DD600,00S103087-06-0038168//2140100124FS
:61:100504DD419,63S103095-06-0084624//1841300124FS
:61:100504DD395,00S103208-06-1220417//0856200124FS
:61:100504DD350,00S103205-06-2163275-O//0218900124FS
:61:100504DD211,00S103061-06-0060301-O//2119800124FS
:62F:C100504USD7847715,47
:64:C100504USD7847715,47
-}{5:{CHK:4D98EFA799AF}}{S:{SPD:}{COP:P}}${1:F21BNCRCRSJAXXX7981419987}{4:{177:1005190928}{451:0}}{1:F01BNCRCRSJAXXX7981419987}{2:O9501111100519CHASUS33AXXX87917657821005190911N}{3:{108:DDA05055419656}}{4:
:20:ST05050011186749
:25:001 1 186749
:28C:00086/00001
:60F:C100505USD7847715,47
:61:100505CD621932,75S202P78677162321//6604900125FR
JPMORGAN CHASE BANK NA - LONDON LO
:61:100505CD299965,00S103NONREF//4157200125FS
BANK OF CHINA (HONG KONG) LTD CENT
:61:100505CD264417,94NTRFOBMECHBKRICH//5184509125FF
MECHANICS BANK RICHMOND CA 94806- 
:61:100505CD253407,48S202P78677212321//6612200125FR
JPMORGAN CHASE BANK NA - LONDON LO
:61:100505CD200000,00NTRF2010050500028125//4497409125FF
PNC BANK, N.A. PITTSBURGH PA      
:61:100505CD199955,00S103NONREF//2833100125JS
BAC INTERNATIONAL BANK INC PANAMA 
:61:100505CD168985,00NTRFOBCITIBANKNYC//3962800125FC
PAHO - COSTA RICA PAN AMERICAN SAN
:61:100505CD164865,79S103NONREF//5157400123FS
ABN AMRO BANK N V HEAD OFFICE AMST
:61:100505CD114978,38NTRF2010050500025942//4605309125FF
PNC BANK, NA PHILADELPHIA PITTSBUR
:61:100505CD83785,28NTRFOBBCOCAFETERO//3281409125FF
BANCO CAFETERO INTERNATIONAL CORP 
:61:100505CD77810,96S202P78677322321//6605400125FR
JPMORGAN CHASE BANK NA - LONDON LO
:61:100505CD74985,00NTRFNONREF//3431300125JO
US AIRWAYS INC PHOENIX AZ 85034-38
:61:100505CD60000,00S2020170260956672125//9216300125FS
WESTLB AG 40217 DUESSELDORF GERMAN
:61:100505CD52000,60NTRFNONREF//3480700125JO
DEL MONTE FRESH PRODUCE COMP FUNDG
:61:100505CD45000,00S20213303694049HC//5390900123FS
SVENSKA HANDELSBANKEN STOCKHOLM SW
:61:100505CD43248,00NTRFD125.36561.00//R-3043500125FC
A.G. DELAISSE PHILIPPE / CLEMENTI 
:61:100505CD42105,00S103NONREF//2137600123FS
CREDIT AGRICOLE SA GUYANCOURT CEDE
:61:100505CD39985,00NTRFOBHSBCUSA//4582509125FF
HSBC BANK USA NEWARK DE 19713     
:61:100505CD39965,00NTRF000000000116328//5991600125FC
JARDINES URBANOS SA PANAMA REP PAN
:62M:C100505USD10695107,65
-}{5:{CHK:E1BE5EE09F4E}}{S:{SPD:}{COP:P}}${1:F21BNCRCRSJAXXX7981419989}{4:{177:1005190928}{451:0}}{1:F01BNCRCRSJAXXX7981419989}{2:O9501111100519CHASUS33AXXX87917657841005190911N}{3:{108:DDA05055419657}}{4:
:20:ST05050011186749
:25:001 1 186749
:28C:00086/00002
:60M:C100505USD10695107,65
:61:100505CD39449,10S2020424012311810000//2742400123FS
SOCIETE GENERALE 94727 FONTENAYS.B
:61:100505CD32528,00S103FACTURA0004//2294900125JS
SCOTIABANK PERU S A A LIMA PERU 27
:61:100505CD29091,47S103NONREF//7413500125FS
OVERSEA CHINESE BANKING CORP SINGA
:61:100505CD27890,22NTRFNONREF//1442500125JO
PANDUIT SINGAPORE PTE LTD TINLEY P
:61:100505CD25000,00NTRFCA100505038184//5936600125FC
B N S INTL BKG DIV.TORONTO TORONTO
:61:100505CD22620,00S103NONREF//3289300125JS
BANCO POPULAR DE PUERTO RICO SAN J
:61:100505CD22500,00NTRFCA100505030607//5797700125FC
B N S INTL BKG DIV.TORONTO TORONTO
:61:100505CD21423,38S202P78677462321//6605900125FR
JPMORGAN CHASE BANK NA - LONDON LO
:61:100505CD21353,00S103NONREF//2137700123FS
CREDIT AGRICOLE SA GUYANCOURT CEDE
:61:100505CD19016,86NTRFOBCHEVYCHASE//4753909125FF
CHEVY CHASE FEDERAL SAVINGS BANK C
:61:100505CD18117,00NTRFMT100505005154//5499800125FC
GRUPO DEL PACIFICO ACCT. 100001182
:61:100505CD15000,00NTRF2010050500119776//1248509125FF
BANK OF AMERICA N.A. NEW YORK NY 1
:61:100505CD15000,00NTRF100505500941//3579909125FF
COMERICA BANK SAN JOSE CA 95113   
:61:100505CD14985,00S103NONREF//0256900125JS
BANK OF N T BUTTERFIELD SON LTD HA
:61:100505CD14985,00NTRF2010050500002188//5580800125FC
ALEX J CAMERON BELLEVILLE MI 48111
:61:100505CD14907,40NTRFOBCITIBANKNYC//5252400125FC
FABRICA DE PINTURAS GLIDDEN, S.A. 
:61:100505CD14148,00NTRF125303548//1502600125FC
1/SAS LE CERCLE DES VACANCES 3/FR/
:61:100505CD12723,00S103NONREF//1286300125JS
IXE BANCO SA INSTITUCION DE BANCA 
:61:100505CD12259,68NTRFOBTHOMASTONSV//2871309125FF
THOMASTON SAVINGS BANK THOMASTON C
:62M:C100505USD11088104,76
-}{5:{CHK:316E0E4E8CD5}}{S:{SPD:}{COP:P}}${1:F21BNCRCRSJAXXX7981419990}{4:{177:1005190928}{451:0}}{1:F01BNCRCRSJAXXX7981419990}{2:O9501111100519CHASUS33AXXX87917657851005190911N}{3:{108:DDA05055419659}}{4:
:20:ST05050011186749
:25:001 1 186749
:28C:00086/00004
:60M:C100505USD11247143,70
:61:100505CD5936,00S103NONREF//1853800124FS
BANCO DE CREDITO DEL PERU LIMA LIM
:61:100505CD5851,00NTRFPAYB01242C004161//0256400125FC
BNP PARIBAS MADRID 28042 MADRID ES
:61:100505CD5032,00S202120224239609-5//4320000120JS
CREDIT AGRICOLE SA GUYANCOURT CEDE
:61:100505CD5000,00NTRFNONREF//0092700125ES
NICANDRO VILLEGAS CHICAGO, IL 6064
:61:100505CD5000,00NTRFNONREF//0704000125ES
WAYNE GRONQUIST PC TRUSTEE ACCT AU
:61:100505CD5000,00NTRFNONREF//1327400125ES
LAURA D FIGUEROA OR RICHARD S KATY
:61:100505CD5000,00S202891PC10C20251712//3741300123FS
CREDIT AGRICOLE SA GUYANCOURT CEDE
:61:100505CD5000,00NTRFCA100505031593//5728600125FC
B N S INTL BKG DIV.TORONTO TORONTO
:61:100505CD4985,00NTRF001735557//4058000125JO
US CENTRAL INT'L WIRES LENEXA KS 6
:61:100505CD4985,00S103NONREF//6523900123FS
BANK OF VALLETTA PLC ST VENERA MAL
:61:100505CD4960,00NTRF100505500924//3437209125FF
COMERICA BANK SAN JOSE CA 95113   
:61:100505CD4960,00NTRFOBBANCAINTESA//3960300125FC
LUPPICHINI DEBORA, BRIANO DANIELA 
:61:100505CD3985,00NTRFKC//4672300125FC
FAITH N BURKE BUFFALO NY USA14209 
:61:100505CD3985,00NTRFTT60766312500214//5160009125FF
HSBC BANK USA NEWARK DE 19713     
:61:100505CD3965,00NTRF125416151//5044600125FC
MARIELA LOPEZ VARGAS OR FAIRFAX VA
:61:100505CD3947,11S202CA100504276701//1726400124FS
ROYAL BANK OF CANADA-PAYMENT CENTE
:61:100505CD3500,00NTRFCA100505030769//5797600125FC
B N S INTL BKG DIV.TORONTO TORONTO
:61:100505CD3470,00S103NONREF//1093400125JS
BANCO POPULAR DE PUERTO RICO SAN J
:61:100505CD3421,88NTRFNONREF//3265500125JO
488 PERFORMANCE GROUP INC NEW YORK
:61:100505CD3105,10NTRF000000000115980//3845700125FC
SUMINISTROS PACIFICO SA PANAMA REP
:62M:C100505USD11338231,79
-}{5:{CHK:50663EDE1E03}}{S:{SPD:}{COP:P}}${1:F21BNCRCRSJAXXX7981419992}{4:{177:1005190928}{451:0}}{1:F01BNCRCRSJAXXX7981419992}{2:O9501111100519CHASUS33AXXX87917657871005190911N}{3:{108:DDA05055419660}}{4:
:20:ST05050011186749
:25:001 1 186749
:28C:00086/00005
:60M:C100505USD11338231,79
:61:100505CD3000,00NTRFNONREF//0124800125ES
AZ FAMILY MEDICINE PLLC PHOENIX, A
:61:100505CD3000,00NTRFNONREF//0785900125ES
LISA A PETERS C/O LISA PETERS PUNT
:61:100505CD3000,00NTRF2140636//5609700125FC
CANADIAN IMPERIAL BANK OF COMMERCE
:61:100505CD2985,00NTRFNONREF//2907600125JO
US CENTRAL INT'L WIRES LENEXA KS 6
:61:100505CD2985,00NTRFNONREF//2907700125JO
US CENTRAL INT'L WIRES LENEXA KS 6
:61:100505CD2806,54NTRFMINO103101250242//5476500125FC
CAISSE CENTRALE DESJARDINS MONTREA
:61:100505CD2622,00S103NONREF//0850400122FS
ABN AMRO BANK N V HEAD OFFICE AMST
:61:100505CD2500,00NTRFNONREF//0120000125ZM
IAN G CHAMBERS HEREDIA COSTA RICA 
:61:100505CD2500,00NTRFNONREF//0907300125ES
DAVE J SKINNER YUCAIPA, CA 9239996
:61:100505CD2500,00NTRF2010050500010226//1113209125FF
PNC BANK, N.A. PITTSBURGH PA      
:61:100505CD2500,00S2027303660915357206//1637100123FS
BANCO DE SABADELL SABADELL (BARCEL
:61:100505CD2500,00S202I06D10123L61280//2475800123FS
BANQUE FEDERATIVE DU CREDIT STRASB
:61:100505CD2440,60S103NONREF//7609200123FS
ABN AMRO BANK N V HEAD OFFICE AMST
:61:100505CD2000,00NTRFNONREF//0935800125ES
UNITED TRADE SERVICES LLC DORAL, F
:61:100505CD1870,00S202TOA04US7A0000STR//3778900123FS
NATIXIS 75060 PARIS CEDEX 02 FRANC
:61:100505CD1800,00NTRFNONREF//1353800125ES
LUIS LOPEZ VILLADA OR ANA RODRIGUE
:61:100505CD1791,00NTRF125312694//3942200125FC
FUK ON TRADING CO MONGKOK KLN     
:61:100505CD1600,00NTRFNONREF//0097000125ES
COUNTRY GARDENS EDUCATIONAL LAVEEN
:61:100505CD1600,00S2023651660915396064//7014600123FS
BANCO DE SABADELL SABADELL (BARCEL
:61:100505CD1529,48S103NONREF//2745500125JS
MULTIBANK INC REPUBLIC OF PANAMA 0
:62M:C100505USD11385761,41
-}{5:{CHK:3CB260A5B644}}{S:{SPD:}{COP:P}}${1:F21BNCRCRSJAXXX7981419993}{4:{177:1005190928}{451:0}}{1:F01BNCRCRSJAXXX7981419993}{2:O9501111100519CHASUS33AXXX87917657881005190911N}{3:{108:DDA05055419661}}{4:
:20:ST05050011186749
:25:001 1 186749
:28C:00086/00006
:60M:C100505USD11385761,41
:61:100505CD1510,00NTRFNONREF//1323000125ES
YEISON CUBERO OR CAROL CUBERO MIDD
:61:100505CD1500,00NTRFNONREF//0030900125ES
JAMES H O'GARA OR MARIALORICA OGAR
:61:100505CD1485,00NTRFOBRBCBANK(US//R-2824209125FF
RBC BANK (USA) ROCKY MOUNT NC 2780
:61:100505CD1480,00NTRF125418497//5044800125FC
VALLE AZUL LOS ANDES SANTA MONICA 
:61:100505CD1465,00NTRF125427274//5465900125FC
ANA M SMITH OR WINDERMERE FL 34786
:61:100505CD1440,00NTRF2010050400101940//0132700125FC
NIVANA TURISMO LTDAME CPF/CNPJ 569
:61:100505CD1385,00NTRFNONREF//4060800125JO
US CENTRAL INT'L WIRES LENEXA KS 6
:61:100505CD1317,30NTRF2010050300080967//0378000125FC
KOZMANN A.,DE STAUBER A. 34151 TRI
:61:100505CD1250,00NTRFBI11391901240001//3431700125FC
DEL TROPICO MELVILLE              
:61:100505CD1235,00NTRFT100505TR3103241//R-3587309125FF
BBVA BANCOMER S.A. HOUSTON TX     
:61:100505CD1200,00NTRFNONREF//0763900125ES
RENE B RODRIGUEZ DORAL, FL 3312216
:61:100505CD1000,00NTRFNONREF//0177900125ES
RUSSELL J CHAUNCEY OR SALOME BEND,
:61:100505CD1000,00NTRFNONREF//0856900125ES
BRUCE G BARKER GOSHEN IN 46526-395
:61:100505CD1000,00NTRF2010050500012881//2005609125FF
PNC BANK,NA PHILADELPHIA PA       
:61:100505CD985,00NTRFOBCENTIERWHIT//1746609125FF
CENTIER WHITING WHITING IN 46394-0
:61:100505CD985,00NTRFNONREF//2912800125JO
US CENTRAL INT'L WIRES LENEXA KS 6
:61:1005040505CD963,00NMSC208-06-1219919//R-4259100125HH
CB FUNDS TRANS PREVIOUS DAY TAMPA 
:61:100505CD942,00NTRFNONREF//0949000125ES
LISA RODRIGUEZ OR ALLAN RODRIGUEZ 
:61:100505CD900,00NTRFNONREF//0214300125ES
JOHN PETROSHIUS SKOKIE, IL 6007623
:61:100505CD893,10NTRFTTBBP003796MNY//5802700125FC
OMEL BOMBAS E COMPRESSORES LTDA GU
:62M:C100505USD11409696,81
-}{5:{CHK:572A8BCB3DCD}}{S:{SPD:}{COP:P}}${1:F21BNCRCRSJAXXX7981419994}{4:{177:1005190928}{451:0}}{1:F01BNCRCRSJAXXX7981419994}{2:O9501111100519CHASUS33AXXX87917657891005190911N}{3:{108:DDA05055419663}}{4:
:20:ST05050011186749
:25:001 1 186749
:28C:00086/00008
:60M:C100505USD11419494,13
:61:100505CD171,00NTRF2139877//5293000125FC
CANADIAN IMPERIAL BANK OF COMMERCE
:61:100505CD110,00NTRFNONREF//0201600125ES
LARRY D NEUSCHWANDER OR DORIS E AL
:61:100505CD100,00NTRFNONREF//0015800125ES
VIRGINIA GUTIERREZ WHITTIER, CA 90
:61:100505CD100,00NTRFNONREF//0703600125ES
JACQUELIN PEGUERO CORAL SPRINGS, F
:61:100505DD3000000,00S200DRFLI-10-05-0504//2229700125JS
:61:100505DD342905,66S103208-06-1222264//3051700125JS
:61:100505DD340000,00S103205-06-2164880//3022100125JS
:61:100505DD200000,00S103208-06-1221880//3049800125JS
:61:100505DD108881,80S103208-06-1221130//2053800125JS
:61:100505DD53564,00S103205-06-2163818//1545200124FS
:61:100505DD40000,00S103087-06-0038220-O//3075100125JS
:61:100505DD38530,22S103208-06-1221826//2869500125JS
:61:100505DD33575,00S103208-06-1221041-O//2239100124FS
:61:100505DD33561,83S103084-06-0059058//3082800125JS
:61:100505DD32400,00S103208-06-1220952-O//1900800124FS
:61:100505DD31941,05S103137-06-0091046-O//3100600125JS
:61:100505DD31316,98S103208-06-1221808//3049700125JS
:61:100505DD30000,00S103002-06-0197782//2864400125JS
:61:100505DD27325,49S103002-06-0197808-O//2863700125JS
:61:100505DD22665,70S103208-06-1221032-O//2195100124FS
:61:100505DD21063,20S103208-06-1222004//3051500125JS
:61:100505DD20000,00S103205-06-2163961//2239500124FS
:61:100505DD16250,00S103205-06-2164728//2166700125JS
:61:100505DD14008,53S103208-06-1221112-O//1951900125JS
:61:100505DD13660,60S103208-06-1221229//2054100125JS
:61:100505DD12450,90S103137-06-0091064-O//3100700125JS
:61:100505DD11672,24S103208-06-1221023//1951600125JS
:61:100505DD11500,00S103205-06-2163783//1545300124FS
:61:100505DD10458,00S103205-06-2163140-O//2239200124FS
:62M:C100505USD6922243,93
-}{5:{CHK:080AA00024EC}}{S:{SPD:}{COP:P}}${1:F21BNCRCRSJAXXX7981419995}{4:{177:1005190928}{451:0}}{1:F01BNCRCRSJAXXX7981419995}{2:O9501111100519CHASUS33AXXX87917657901005190911N}{3:{108:DDA05055419658}}{4:
:20:ST05050011186749
:25:001 1 186749
:28C:00086/00003
:60M:C100505USD11088104,76
:61:100505CD10114,00S202TOL053AI50000LYO//7046000123FS
NATIXIS 75060 PARIS CEDEX 02 FRANC
:61:100505CD10000,00S202CA100504321082//1637300124FS
ROYAL BANK OF CANADA-PAYMENT CENTE
:61:100505CD10000,00NTRF100505501044//3894609125FF
COMERICA BANK DETROIT MI 48226-344
:61:100505CD9985,00NTRF001734879//2901500125JO
US CENTRAL INT'L WIRES LENEXA KS 6
:61:100505CD9965,00NTRF125440526//5221109125FF
HSBC BANK USA NEWARK DE 19713     
:61:100505CD9951,72S103NONREF//2870200123FS
ABN AMRO BANK N V HEAD OFFICE AMST
:61:100505CD9485,00S103NONREF//2195300125JS
SCOTIABANK EL SALVADOR SA SAN SALV
:61:100505CD8445,00S2020723009OP5806132//1572200124FS
BANKINTER MADRID SPAIN            
:61:100505CD8000,00S202CA100504194513//1193900124FS
ROYAL BANK OF CANADA-PAYMENT CENTE
:61:100505CD7985,00NTRFOBRBCBANK(US//R-4082409125FF
RBC BANK CHARLOTTE NC 27802       
:61:100505CD7894,22S202CA100504276700//1726300124FS
ROYAL BANK OF CANADA-PAYMENT CENTE
:61:100505CD6985,00NTRFNONREF//1925400125JO
CHRISTIAN REFORMED CHURCH GRAND RA
:61:100505CD6965,00NTRFOBFIRSTEDINBU//1992909125FF
FIRST NATIONAL BANK IN EDINBURG ED
:61:100505CD6955,00NTRFNONREF//4621200125JO
SOUTHWEST CORP FEDERAL CREDIT UNIO
:61:100505CD6400,00NTRF2010050500017753//2656909125FF
PNC BANK,NA PHILADELPHIA PA       
:61:100505CD6000,00S202CA100504288241//1068700124FS
ROYAL BANK OF CANADA-PAYMENT CENTE
:61:100505CD6000,00NTRF2139758//4148000125FC
CANADIAN IMPERIAL BANK OF COMMERCE
:61:100505CD5985,00NTRFOBINTLBKMIA//1485709125FF
INTERNATIONAL BANK OF MIAMI N.A., 
:61:100505CD5965,00NTRF125418195//5240800125FC
JAMES R MENKER ATLANTIC BCH FL 322
:61:100505CD5959,00S103NONREF//0860200122FS
ABN AMRO BANK N V HEAD OFFICE AMST
:62M:C100505USD11247143,70
-}{5:{CHK:03B224CE76FD}}{S:{SPD:}{COP:P}}${1:F21BNCRCRSJAXXX7981419996}{4:{177:1005190928}{451:0}}{1:F01BNCRCRSJAXXX7981419996}{2:O9501111100519CHASUS33AXXX87917657911005190911N}{3:{108:DDA05055419664}}{4:
:20:ST05050011186749
:25:001 1 186749
:28C:00086/00009
:60M:C100505USD6922243,93
:61:100505DD10411,79S103205-06-2164782-O//2220500125JS
:61:100505DD10000,00S103208-06-1221425//2056900125JS
:61:100505DD9650,00S103080-06-0173179//0333600125JS
:61:100505DD8000,00S103003-06-0029794//1513100125JS
:61:100505DD8000,00S103208-06-1221238//2055000125JS
:61:100505DD7902,00S103080-06-0173151-O//3148700125JS
:61:100505DD6700,00S103002-06-0197826//2864300125JS
:61:100505DD6250,00S103208-06-1220765//1951300125JS
:61:100505DD6000,00S103205-06-2164265//1335200125JS
:61:100505DD4698,60S103002-06-0197835-O//2863800125JS
:61:100505DD4365,60S103208-06-1221210//2054000125JS
:61:100505DD4360,35S103205-06-2164504//1577400125JS
:61:100505DD4050,00S103084-06-0059076//3082600125JS
:61:100505DD4036,70S103208-06-1221185//2053900125JS
:61:100505DD4012,92S103080-06-0173106//3145700125JS
:61:100505DD3500,00S103105-06-0000650//0267100125JS
:61:100505DD3400,00S103037-06-0114727//1912400125JS
:61:100505DD3368,75S103208-06-1220934//1951500125JS
:61:100505DD3270,82S103205-06-2164274//1335300125JS
:61:100505DD3199,96S103208-06-1221997//3051400125JS
:61:100505DD3130,00S103087-06-0038257-O//3075300125JS
:61:100505DD3000,00S103208-06-1220916//1951400125JS
:61:100505DD2489,20S103002-06-0197862-O//2863900125JS
:61:100505DD2400,00S103087-06-0038266//3075000125JS
:61:100505DD2209,00S103208-06-1221390-O//2246000124FS
:61:100505DD2123,00S103205-06-2164498//1397300125JS
:61:100505DD2105,00S103084-06-0059049//3082900125JS
:61:100505DD2020,00S103084-06-0059067//3082700125JS
:61:1005030505DD1500,00NMSC047-06-0056645//R-4033500124HH
ENRIQUE E JIMENEZ MIAMI, FL 331732
:61:100505DD1206,27S103208-06-1221256//2055100125JS
:61:100505DD1181,00S103061-06-0060374//3068400125JS
:62M:C100505USD6783702,97
-}{5:{CHK:71ED932E4E80}}{S:{SPD:}{COP:P}}${1:F21BNCRCRSJAXXX7981419997}{4:{177:1005190928}{451:0}}{1:F01BNCRCRSJAXXX7981419997}{2:O9501111100519CHASUS33AXXX87917657921005190911N}{3:{108:DDA05055419662}}{4:
:20:ST05050011186749
:25:001 1 186749
:28C:00086/00007
:60M:C100505USD11409696,81
:61:100505CD854,25S20218403252//8104000120FS
BRED BANQUE POPULAIRE CRETEIL CEDE
:61:100505CD720,20NTRF125434870//5714200125FC
LYNCH CREEK MEDICAL MANAGEMENT US 
:61:100505CD709,50S103NONREF//1514300124JS
NORDEA BANK, STOCKHOLM STOCKHOLM S
:61:100505CD700,00NTRFNONREF//1421400125ES
MIGUEL MENDEZ CASTRO SAN BERNARDIN
:61:100505CD645,00NTRFNONREF//2914200125JO
US CENTRAL INT'L WIRES LENEXA KS 6
:61:100505CD600,00NTRFNONREF//1141800125ES
VITUSA BIO-AGRO CORP ENGLEWOOD CLI
:61:100505CD508,00NTRFOBBANCAINTESA//3605900125FC
MONTESI LUCIANA 61122 PESARO PU   
:61:100505CD490,98NTRF2010050500249768//5957800125FC
MARTINA WERITZAHRENS CURACAO N.A. 
:61:100505CD485,00NTRF10050300004025//3565600125FC
1/SERRA ANNA MARIA 3/IT/27029 VIGE
:61:100505CD485,00NTRF2010050500005965//5443400125FC
JUNE VELIGOR LYNNFIELD MA 01940230
:61:100505CD473,08S103NONREF//1961200123FS
NORDEA BANK OSLO 0107 OSLO - NORWA
:61:100505CD440,00NTRF125437037//5872600125FC
YOLANDE CITRO POD MIAMI FL 33179-2
:61:100505CD424,33NTRFNONREF//4120800125JO
R T VANDERBILT CO NORWALK CT 06855
:61:100505CD400,00NTRFNONREF//1370900125ES
NELLY MORA FALLAS BLOOMFIELD, NJ 0
:61:100505CD350,00NTRF2010050300062964//0362300125FC
UNIVERSITA' DEGLI STUDI PADOVA 351
:61:100505CD324,10NTRFNONREF//8023900123JN
UNITED NATIONS OFFICE AT GENEVA GE
:61:100505CD318,50S103NONREF//0464800123JS
NORDEA BANK, STOCKHOLM STOCKHOLM S
:61:100505CD316,38NTRF3015481717//0135500125FC
CITIBANK N.A. LONDON UNITED KINGDO
:61:100505CD300,00NTRFNONREF//1426200125ES
JACQUELINE K STEWART LAKE ELSINORE
:61:100505CD253,00NTRFOBCITZFLINT//0459709125FF
CITIZENS BANK FLINT MI 48502      
:62M:C100505USD11419494,13
-}{5:{CHK:C3FEB76A2905}}{S:{SPD:}{COP:P}}${1:F21BNCRCRSJAXXX7981419998}{4:{177:1005190928}{451:0}}{1:F01BNCRCRSJAXXX7981419998}{2:O9501111100519CHASUS33AXXX87917657931005190911N}{3:{108:DDA05055419665}}{4:
:20:ST05050011186749
:25:001 1 186749
:28C:00086/00010
:60M:C100505USD6783702,97
:61:100505DD1090,97S103080-06-0173115-O//3145600125JS
:61:100505DD965,17S103208-06-1221103//1951700125JS
:61:1005030505DD611,00NMSC205-16-7416133//R-4039000125HH
THE BANK OF NOVA SCOTIA NEW YORK N
:61:100505DD577,50S103208-06-1221372//2055800125JS
:61:100505DD339,02S103205-06-2164791//2166600125JS
:61:100505DD221,83S103208-06-1221559-O//3048700125JS
:61:100505DD210,00S103087-06-0038248//3075200125JS
:61:100505DD205,00S103208-06-1222095-O//2351300125JS
:62F:C100505USD6779482,48
:64:C100505USD6779482,48
-}{5:{CHK:8D792BE75257}}{S:{SPD:}{COP:P}}${1:F21BNCRCRSJAXXX7981419999}{4:{177:1005190929}{451:0}}{1:F01BNCRCRSJAXXX7981419999}{2:O9501111100519CHASUS33AXXX87917657941005190911N}{3:{108:DDA05065427852}}{4:
:20:ST05060011186749
:25:001 1 186749
:28C:00087/00001
:60F:C100506USD6779482,48
:61:100506CD877485,00NTRFGT01000094324486//4213300126FC
TATE LYLE INDUSTRIES LIMITED LONDO
:61:100506CD204467,36NTRF208-13-0015320//0146300126FC
UBS AG BASLE SWITZERLAND          
:61:100506CD199985,00NTRFCOMPRADEORO//2245309126FF
OCEAN BANK MIAMI FL 33126-        
:61:100506CD99985,00NTRFOBCITIBANKNYC//6779000126FC
COCONUT EXPRESS GRAND CAYMAN CAYMA
:61:100506CD65000,00NTRFNONREF//0523700126ES
ENLACE CHRISTIAN TELEVISION INC IR
:61:100506CD50000,00NTRF2142281//5382509126FF
BANK OF AMERICA N.A. NEW YORK NY 1
:61:100506CD45655,00NTRFNONREF//0460600126ZO
STIFEL NICOLAUS CO INC SAINT LOUIS
:61:100506CD43750,44NTRF12600960//R-4024809126FF
COMERICA BANK DETROIT MI 48226-344
:61:100506CD37694,80S103NONREF//2532700124JS
ABN AMRO BANK N V HEAD OFFICE AMST
:61:100506CD34200,72NTRFGT03000085816926//5126400126FC
FLORIMEX BV AALSMEER,NETHERLANDS  
:61:100506CD33267,88NTRFBPD000289440//4408809126FF
BPD INT'L BANK NEW YORK NY 10004- 
:61:100506CD31596,69NTRFGT03000085816929//5126500126FC
FLORIMEX BV AALSMEER,NETHERLANDS  
:61:100506CD29864,80S103NONREF//8161700124JS
UNICREDIT BANCA SPA MILAN ITALY   
:61:100506CD28370,00NTRFCA100506041741//6798900126FC
B N S INTL BKG DIV.TORONTO TORONTO
:61:100506CD28127,40NTRFNONREF//R-0024200126BN
CLEAN CLOTHES INC YPSILANTI MI 481
:61:100506CD24959,00S103NONREF//0376200123JS
ABN AMRO BANK N V HEAD OFFICE AMST
:61:100506CD24959,00S103NONREF//8690500124JS
ABN AMRO BANK N V HEAD OFFICE AMST
:61:100506CD24000,00S2022010050600010199//0455400126FS
FORTIS BANK (NEDERLAND) N.V. AMSTE
:61:100506CD19985,00NTRFOBCITIBANKNYC//4751500126FC
MANREEFER CORPORATION LONDON N20 0
:62M:C100506USD8682835,57
-}{5:{CHK:1076F71630F3}}{S:{SPD:}{COP:P}}${1:F21BNCRCRSJAXXX7981420000}{4:{177:1005190929}{451:0}}{1:F01BNCRCRSJAXXX7981420000}{2:O9501111100519CHASUS33AXXX87917657951005190911N}{3:{108:DDA05065427853}}{4:
:20:ST05060011186749
:25:001 1 186749
:28C:00087/00002
:60M:C100506USD8682835,57
:61:100506CD19817,20NTRF2010050600012864//1419609126FF
PNC BANK,NA PHILADELPHIA PA       
:61:100506CD19050,00S202205167573873//5583300126FS
ROYAL BANK OF CANADA-PAYMENT CENTE
:61:100506CD17492,00NTRFOBBANCAINTESA//5194800126FC
NICOFRUTTA S.R.L. 37025 VERONA VR 
:61:100506CD17397,72S103NONREF//8611600126JS
ABN AMRO BANK N V HEAD OFFICE AMST
:61:100506CD17048,07S103NONREF//8611500126JS
ABN AMRO BANK N V HEAD OFFICE AMST
:61:100506CD16985,00NTRFOBDBTCOAMERIC//R-6781900126FC
SMART CURRENCY EXCHANGE LTD LONDON
:61:100506CD16837,50NTRFGT03000085816928//5126600126FC
FLORIMEX BV AALSMEER,NETHERLANDS  
:61:100506CD15469,28NTRF2010050600033090//4950809126FF
PNC BANK, NA PHILADELPHIA PITTSBUR
:61:100506CD15364,39S103NONREF//R-6534300126JS
MIZUHO BANK LTD CHIYODA-KU TOKYO J
:61:100506CD15095,00NTRFCA100506041735//6798400126FC
B N S INTL BKG DIV.TORONTO TORONTO
:61:100506CD14877,88NTRFNONREF//0482300126ES
OLIVIA'S BEST, INC MIAMI FL 33184-
:61:100506CD13781,15S2025494696001JCMU56//6449100123FS
BANCO SANTANDER, SA BOADILLA DEL M
:61:100506CD13326,25NTRF205.12.0016494.0//0168900126FC
BNP PARIBAS AMSTERDAM NL 1017 AMST
:61:100506CD12985,00NTRFMT10126000710//R-5045109126FF
CAPITAL ONE, N.A. NEW YORK NY     
:61:100506CD12945,00NTRF2010050600004120//5316500126FC
JOHN E GARRETT JR NEWPORT RI 02840
:61:100506CD12775,00NTRF126438191//6235300126FC
SUN MARK FOODS LIMITED MISSISSAUGA
:61:100506CD12661,29NTRF205-14-0029424//0443600126FC
HSBC BANK PANAMA S A PANAMA       
:61:100506CD12470,00NTRFNONREF//4354300126JO
SOUTHWEST CORP FEDERAL CREDIT UNIO
:61:100506CD11000,00NTRFCA100506030742//6437900126FC
B N S INTL BKG DIV.TORONTO TORONTO
:62M:C100506USD8970213,30
-}{5:{CHK:09AFDEC557C3}}{S:{SPD:}{COP:P}}${1:F21BNCRCRSJAXXX7981420001}{4:{177:1005190929}{451:0}}{1:F01BNCRCRSJAXXX7981420001}{2:O9501111100519CHASUS33AXXX87917657961005190911N}{3:{108:DDA05065427855}}{4:
:20:ST05060011186749
:25:001 1 186749
:28C:00087/00004
:60M:C100506USD9155062,03
:61:100506CD7000,00NTRFCA100506020135//5332000126FC
B N S INTL BKG DIV.TORONTO TORONTO
:61:100506CD6985,00NTRFOBCHEVYCHASE//1308209126FF
CHEVY CHASE FEDERAL SAVINGS BANK C
:61:100506CD6970,00NTRFOBBCOBRASILN//1412600126EZ
BANCO DO BRASIL NEW YORK BENE D NE
:61:100506CD6591,04NTRF126421125//6684800126FC
GENERAL COUNCIL ON FINANCE ADMIN N
:61:100506CD5578,50NTRFOBBANCOITAUE//1247809126FF
BANCO ITAU EUROPA INTERNATIONAL MI
:61:100506CD5483,88NTRFINV0000003APRIL//1811800126FC
COUCHSURFING INTERNATIONAL INC SAN
:61:100506CD5000,00NTRFNONREF//0208000126ES
THREE VOLCANOES FARM LLC ORLANDO, 
:61:100506CD5000,00NTRFNONREF//0885700126ES
TEPEDELEN ENTERPRISES INC BOULDER 
:61:100506CD5000,00NTRF2010050600003859//3092109126FF
M AND I MARSHALL AND ILSLEY BANK M
:61:100506CD4962,50S103NONREF//1238600126FS
NATIONAL BANK OF BAHRAIN MANAMA BA
:61:100506CD4955,00NTRF2010050600004452//5507400126FC
COLLEGE DEGREE REFERRAL NORTH POMF
:61:100506CD4206,00S103NONREF//8602000125FS
BANK LEUMI LE ISRAEL B M TEL-AVIV 
:61:100506CD4014,14NTRFNONREF//3494000126JO
CONDOR FLUGDIENST GMBH ITASCA IL 6
:61:100506CD4010,00NTRFNONREF//0452900126ES
LEE A PROSNIT AKA CHIPP PROSNIT NE
:61:100506CD4000,00NTRF2010050600030327//4665509126FF
PNC BANK,NA PHILADELPHIA PA       
:61:100506CD3985,00NTRFOBBOAMILITARY//R-1988409126FF
BANK OF AMERICA MILITARY BK SAN AN
:61:100506CD3600,00NTRFNONREF//1086100126ES
LARRY J STECCO OR SUSAN M DECOURVA
:61:100506CD3516,47S103NONREF//8690400124JS
ABN AMRO BANK N V HEAD OFFICE AMST
:61:100506CD3500,00S202CA100505356023//3065800125JS
ROYAL BANK OF CANADA-PAYMENT CENTE
:61:100506CD3388,50S2022010050400002127//2082000124JS
FORTIS BANK (NEDERLAND) N.V. AMSTE
:62M:C100506USD9252808,06
-}{5:{CHK:B9433D775E4D}}{S:{SPD:}{COP:P}}${1:F21BNCRCRSJAXXX7981420002}{4:{177:1005190929}{451:0}}{1:F01BNCRCRSJAXXX7981420002}{2:O9501111100519CHASUS33AXXX87917657971005190911N}{3:{108:DDA05065427856}}{4:
:20:ST05060011186749
:25:001 1 186749
:28C:00087/00005
:60M:C100506USD9252808,06
:61:100506CD3110,00NTRFOBBKOFNYC//3380809126FF
THE BANK OF NEW YORK MELLON NEW YO
:61:100506CD3060,00NTRFNONREF//4670400126JO
TRAX HOLDINGS INCORPORATED SCOTTSD
:61:100506CD3000,00NTRF126313320//0557800126FC
MR NORMAN VILLALOBOS VILLALOBOS FU
:61:100506CD3000,00S202CA100505345492//2685600125JS
ROYAL BANK OF CANADA-PAYMENT CENTE
:61:100506CD3000,00NTRFMINO103101260183//5864800126FC
CAISSE CENTRALE DESJARDINS MONTREA
:61:100506CD2985,00NTRF00553720100506PW//3031909126FF
UBS AG STAMFORD CT 06912-0305     
:61:100506CD2985,00S103PAGOPROMOTOR//5197900126FS
BANCO DE BOGOTA/PANAMA REP DE PANA
:61:100506CD2765,00NTRF000000000116432//6676100126FC
FAIRMONT COMPANY SA PANAMA REP OF 
:61:100506CD2685,00NTRFNONREF//3057900126JO
US CENTRAL INT'L WIRES LENEXA KS 6
:61:100506CD2630,00NTRFNONREF//1299800126ES
OAK CREEK COMMUNITY UNITED OAK CRE
:61:100506CD2588,00NTRFTTS10-07625//2917309126FF
BANCO BILBAO VIZCAYA ARGENTARIA,SA
:61:100506CD2500,00NTRFNONREF//0593900126ES
ESCUELA D AMORE LLC PALM SPRINGS, 
:61:100506CD2485,00NTRFOBCITIBANKNYC//R-1796700126FC
ROYAL CARIBBEAN CRUISES LTD WAY MI
:61:100506CD2463,50S103NONREF//2736400124FS
NORDEA BANK, STOCKHOLM STOCKHOLM S
:61:100506CD2191,50NTRFTTS10-07597//2901909126FF
BANCO BILBAO VIZCAYA ARGENTARIA,SA
:61:100506CD2000,00NTRFNONREF//1297000126ES
GWENDOLYN A LEE OR MOHAMMED A TORK
:61:100506CD2000,00NTRF7712NOO01505927//4230800126FC
DNB NOR BANK ASA NORWAY NORWAY    
:61:100506CD2000,00NTRF2141189//5076800126FC
CANADIAN IMPERIAL BANK OF COMMERCE
:61:100506CD1985,00NTRFP31012605711//1434809126FF
BANK OF AMERICA N.A. NEW YORK NY 1
:61:100506CD1854,00S103NONREF//9535200125FS
SPAREBANKEN ROGALAND N-4001 STAVAN
:62M:C100506USD9304095,06
-}{5:{CHK:79E0A1FC88BD}}{S:{SPD:}{COP:P}}${1:F21BNCRCRSJAXXX7981420003}{4:{177:1005190929}{451:0}}{1:F01BNCRCRSJAXXX7981420003}{2:O9501111100519CHASUS33AXXX87917657981005190911N}{3:{108:DDA05065427857}}{4:
:20:ST05060011186749
:25:001 1 186749
:28C:00087/00006
:60M:C100506USD9304095,06
:61:100506CD1674,86NTRFCA100506036380//6305300126FC
BANK OF MONTREAL GPS CANADA WEST M
:61:100506CD1669,00NTRF2010050600008182//6725900126FC
EXPLORICA INC BOSTON MA 02111     
:61:100506CD1500,00S202124233220806-5//4383300124JS
CREDIT AGRICOLE SA GUYANCOURT CEDE
:61:100506CD1500,00S103NONREF//9598900126JS
MARFIN POPULAR BANK HEAD OFFICE NI
:61:100506CD1494,96NTRF2010050600004280//3639409126FF
M AND I MARSHALL AND ILSLEY BANK M
:61:100506CD1350,72NTRFNONREF//4356400126JO
SOUTHWEST CORP FEDERAL CREDIT UNIO
:61:100506CD1265,00NTRF126409801//5510700126FC
IDLEWILD BAPTIST CHURCH CO INC TAM
:61:100506CD1249,00S103NONREF//4072100125FS
BANK HAPOALIM B M TEL-AVIV ISRAEL 
:61:100506CD1173,00NTRF2010050600139002//1661109126FF
BANK OF AMERICA N.A. NEW YORK NY 1
:61:100506CD1109,70NTRFZOTR30937922//6461400126FC
LINGULAND SPRACHREISEN GMBH BOCHUM
:61:100506CD1050,00NTRF2010050600018238//2724909126FF
PNC BANK, NA PHILADELPHIA PITTSBUR
:61:100506CD1037,20S103NONREF//4088800126FS
SCOTIABANK INVERLAT SA MEXICO D.F.
:61:100506CD1035,00NTRF00621220100506PW//3442909126FF
UBS AG STAMFORD CT 06912-0305     
:61:100506CD1000,00NTRFNONREF//1307600126ES
ARTHUR R GREENUP II PASADENA, CA 9
:61:100506CD1000,00NTRFOP050998745//1605200126FC
BANK OF MONTREAL MONTREAL, CANADA 
:61:100506CD1000,00S202ELBANKO22054109//2906700124JS
THE ROYAL BANK OF SCOTLAND PLC MAN
:61:100506CD949,00NTRFOBBANCAINTESA//4049800126FC
BONANNI MORENO 55049 VIAREGGIO LU 
:61:100506CD900,00NTRFNONREF//0823500126ES
RICHARD SHER IRINA SHER BRONXVILLE
:61:100506CD844,00S103NONREF//3587900126FS
COMMERCIALBANK DOHA QATAR         
:61:100506CD765,00NTRFMINO103101260191//6034600126FC
CAISSE CENTRALE DESJARDINS MONTREA
:62M:C100506USD9327661,50
-}{5:{CHK:49DC1D684B55}}{S:{SPD:}{COP:P}}${1:F21BNCRCRSJAXXX7981420004}{4:{177:1005190929}{451:0}}{1:F01BNCRCRSJAXXX7981420004}{2:O9501111100519CHASUS33AXXX87917657991005190911N}{3:{108:DDA05065427858}}{4:
:20:ST05060011186749
:25:001 1 186749
:28C:00087/00007
:60M:C100506USD9327661,50
:61:100506CD735,29NTRF2010050600003516//1197509126FF
PNC BANK, N.A. PITTSBURGH PA      
:61:100506CD715,10S103NONREF//1959100126FS
ZURICH BANK INT'L LTD ISLE OF MAN 
:61:100506CD685,82NTRF126364430//4512700126FC
SUNWAY EXPRESS COMPANY LIMITED SHE
:61:100506CD670,00S2023651660915435339//7205000124JS
BANCO DE SABADELL SABADELL (BARCEL
:61:100506CD659,00S103NONREF//5581800124JS
AIB GLOBAL TREASURY ACCOUNT DUBLIN
:61:100506CD600,00NTRFNONREF//0847500126ES
ADRIANNA BADALAMENTI MESA, AZ 8520
:61:100506CD600,00NTRFCA100506034990//6766400126FC
B N S INTL BKG DIV.TORONTO TORONTO
:61:100506CD593,20NTRFNONREF//0656200126ES
AMERILINK INT'L CORP ROMEOVILLE IL
:61:100506CD511,94S202EBANKGO34112877//9403900124JS
NATIONAL WESTMINSTER BANK PLC LOND
:61:100506CD500,00NTRFNONREF//0235900126ES
MARIA ROSARIO CHACON-MENDEZ SAN FR
:61:100506CD500,00NTRFNONREF//0829400126ES
NIDIA I RORABAUGH OR RUSSELL A CHU
:61:100506CD500,00NTRF2010050600017615//2681909126FF
PNC BANK, NA PHILADELPHIA PITTSBUR
:61:100506CD485,00S103NONREF//5327500126FS
IXE BANCO SA INSTITUCION DE BANCA 
:61:100506CD464,64NTRF611136AG//6653000126FC
BELLA GRES INDUSTRIA DE CERAMICA L
:61:100506CD300,00NTRFNONREF//0237100126ES
MARIA ROSARIO CHACON-MENDEZ SAN FR
:61:100506CD300,00S202CA100505284688//1509600125JS
ROYAL BANK OF CANADA-PAYMENT CENTE
:61:100506CD300,00S202CA100505354377//3120000125JS
ROYAL BANK OF CANADA-PAYMENT CENTE
:61:100506CD284,00NTRF205-12-0016528-O//5112209126FF
CITIBANK NEW YORK NY 10043-0001   
:61:100506CD185,00NTRF2010050600003733//5230000126FC
JAMES J MORGAN PITTSFIELD MA 01202
:61:100506CD145,50NTRFOBBCOBRASILN//1415700126EZ
BANCO DO BRASIL NEW YORK BENE D NE
:62M:C100506USD9337395,99
-}{5:{CHK:F6D58CF4C8AE}}{S:{SPD:}{COP:P}}${1:F21BNCRCRSJAXXX7981420005}{4:{177:1005190929}{451:0}}{1:F01BNCRCRSJAXXX7981420005}{2:O9501111100519CHASUS33AXXX87917658001005190911N}{3:{108:DDA05065427854}}{4:
:20:ST05060011186749
:25:001 1 186749
:28C:00087/00003
:60M:C100506USD8970213,30
:61:100506CD10993,00NTRF126403864//4699400126FC
WINGATE UNIVERSITY WINGATE NC 2817
:61:100506CD10985,00NTRFNONREF//2524300126JO
BYRON BANK BYRON CENTER MI 49315- 
:61:100506CD10894,00NTRF126300901//0373300126FC
1/FLANERIES AU BOUT DU MONDE 3/FR/
:61:100506CD10685,00NTRFOBBANCFIRSTOK//4548709126FF
BANCFIRST OKLAHOMA CITY OK 73126-0
:61:100506CD10019,00S103NONREF//5550100124JS
ABN AMRO BANK N V HEAD OFFICE AMST
:61:100506CD10000,00NTRFNONREF//0293400126ES
CHERYL L MARICICH OR F J MARICICH 
:61:100506CD10000,00S202A0863TI072090124//1100500124FS
CAJA DE AHORROS Y PENSIONES DE BAR
:61:100506CD10000,00NTRFBF1005040003403A//1892500126FC
BANK 1 OSLO AS N-0106 OSLO, NORWAY
:61:100506CD10000,00NTRFTTS10-07612//2979109126FF
BANCO BILBAO VIZCAYA ARGENTARIA,SA
:61:100506CD9985,00NTRFOBCITIBANKNYC//6185300126FC
ROBERT C. ULLMANCGM IRA BENEFIC RI
:61:100506CD9075,48NTRFOBTOTALBANKMI//4837909126FF
TOTALBANK MIAMI FL 33245-0678     
:61:100506CD9000,00NTRFNONREF//0087100126ES
CATHERINE A THOMPSON OR BRUCE A SA
:61:100506CD8965,00NTRF126439359//6463100126FC
DREXEL CHEMICAL COMPANY MEMPHIS TN
:61:100506CD8235,00NTRFNONREF//3496300126JO
DEKALB FARMERS MARKET INC DECATUR 
:61:100506CD7985,00NTRFO3568//2381809126FF
BANK OF TOKYO-MITSUBISHI NEW YORK 
:61:100506CD7935,00NTRFOBDBTCOAMERIC//6782000126FC
42926573 - CASEEKEY INVESTMENTS LI
:61:100506CD7592,25NTRFNONREF//4806800125JO
BAKER HUGHES OILFIELD HOUSTON TX 7
:61:100506CD7500,00S2022010050600010200//0471700126FS
FORTIS BANK (NEDERLAND) N.V. AMSTE
:61:100506CD7500,00NTRF2010050600015144//2010809126FF
PNC BANK,NA PHILADELPHIA PA       
:61:100506CD7500,00NTRF2010050600014999//2011209126FF
PNC BANK,NA PHILADELPHIA PA       
:62M:C100506USD9155062,03
-}{5:{CHK:CF5E995DFD09}}{S:{SPD:}{COP:P}}${1:F21BNCRCRSJAXXX7981420006}{4:{177:1005190929}{451:0}}{1:F01BNCRCRSJAXXX7981420006}{2:O9501111100519CHASUS33AXXX87917658011005190911N}{3:{108:DDA05065427860}}{4:
:20:ST05060011186749
:25:001 1 186749
:28C:00087/00009
:60M:C100506USD4018207,23
:61:100506DD8000,00S103208-06-1222594//4112900126FS
:61:100506DD7000,00S103205-06-2165004//3206900125JS
:61:100506DD6750,00S103208-06-1223209//5401700126FS
:61:100506DD5525,00S103006-06-0077792//3027800125JS
:61:100506DD5000,00S103205-06-2165442//4386200126FS
:61:100506DD4328,95S103006-06-0077854//5077500126FS
:61:100506DD3915,00S103002-06-0197924//3428500126FS
:61:100506DD3300,00S103208-06-1223003-O//5515900126FS
:61:100506DD3185,00S103080-06-0173124//3428600126FS
:61:100506DD3150,00S103080-06-0173160//3430400126FS
:61:100506DD3070,00S103205-06-2165576//4741900126FS
:61:100506DD3065,64S103092-06-0042851//5352600126FS
:61:100506DD3000,00S103208-06-1223316//5401900126FS
:61:100506DD2993,00S103208-06-1223227//5401800126FS
:61:100506DD2975,94S103087-06-0038284//5633900126FS
:61:100506DD2955,00S103006-06-0077872//5077700126FS
:61:100506DD2911,91S103205-06-2165193//3497700126FS
:61:100506DD2814,34S103208-06-1222246//4111000126FS
:61:100506DD2500,00S103020-06-0014530-O//4742100126FS
:61:100506DD2457,87S103061-06-0060472//5633500126FS
:61:100506DD2273,00S103205-06-2165095//3022200125JS
:61:100506DD2259,00S103208-06-1222549//4112600126FS
:61:100506DD2171,00S103205-06-2164871//3022800125JS
:61:100506DD2100,00S103208-06-1223165//5401600126FS
:61:100506DD1522,48S103208-06-1222451//4112000126FS
:61:100506DD1487,97S103087-06-0038293//5633800126FS
:61:100506DD1461,50S103087-06-0038300//5633700126FS
:61:100506DD1272,00S103084-06-0059101//5633400126FS
:61:100506DD1200,00S103015-06-0005182//5634100126FS
:61:100506DD1168,89S103208-06-1222718-O//3777100126FS
:61:100506DD1163,86S103208-06-1223174-O//5516400126FS
:61:100506DD1000,00S103131-06-0005458-O//R-3432000126FS
:62M:C100506USD3920229,88
-}{5:{CHK:A546D1C53925}}{S:{SPD:}{COP:P}}${1:F21BNCRCRSJAXXX7981420007}{4:{177:1005190929}{451:0}}{1:F01BNCRCRSJAXXX7981420007}{2:O9501111100519CHASUS33AXXX87917658021005190911N}{3:{108:DDA05065427861}}{4:
:20:ST05060011186749
:25:001 1 186749
:28C:00087/00010
:60M:C100506USD3920229,88
:61:100506DD1000,00S103092-06-0043020//5377000126FS
:61:100506DD700,00S103205-06-2164924//3022900125JS
:61:100506DD500,00S103208-06-1222987//5514800126FS
:61:100506DD197,00S103205-06-2165102-O//3102900125JS
:62F:C100506USD3917832,88
:64:C100506USD3917832,88
-}{5:{CHK:FA48C90192B4}}{S:{SPD:}{COP:P}}${1:F21BNCRCRSJAXXX7981420008}{4:{177:1005190929}{451:0}}{1:F01BNCRCRSJAXXX7981420008}{2:O9501111100519CHASUS33AXXX87917658031005190911N}{3:{108:DDA05065427859}}{4:
:20:ST05060011186749
:25:001 1 186749
:28C:00087/00008
:60M:C100506USD9337395,99
:61:100506CD136,55NTRF2010050600003513//1004809126FF
PNC BANK, N.A. PITTSBURGH PA      
:61:100506CD68,30S202043000002239271//R-0936300124FS
BANCA NAZIONALE DEL LAVORO SPA ROM
:61:100506DD4000000,00S200DRFLI-10-05-0508//4769200126FS
:61:100506DD538200,00S103208-06-1222665//5514700126FS
:61:100506DD100000,00S103205-06-2165665//4865200126FS
:61:100506DD100000,00S103002-06-0198040//5550600126FS
:61:100506DD59978,00S103002-06-0197988//4465700126FS
:61:100506DD57737,40S103004-06-0092624//4918500126FS
:61:100506DD50357,71S103208-06-1223156-O//5516300126FS
:61:100506DD42654,77S103208-06-1222399//4111200126FS
:61:100506DD37712,00S103205-06-2164835//3022300125JS
:61:100506DD36648,00S103003-06-0029810//4826600126FS
:61:100506DD32225,59S103208-06-1222503//4112200126FS
:61:100506DD31356,25S103208-06-1222969//5515800126FS
:61:100506DD30600,00S103208-06-1221899-O//3101900125JS
:61:100506DD22727,89S103208-06-1222380//4111100126FS
:61:100506DD21276,14S103084-06-0059085//5633300126FS
:61:100506DD20500,00S103208-06-1222273-O//4128300126FS
:61:100506DD15975,00S103087-06-0038319//5634000126FS
:61:100506DD13800,00S103208-06-1222558//4112700126FS
:61:100506DD13195,00S103205-06-2165317//3497400126FS
:61:100506DD13000,00S103208-06-1222610//4113000126FS
:61:100506DD12481,41S103006-06-0077863//5077600126FS
:61:100506DD11321,00S103003-06-0029829//4826800126FS
:61:100506DD11160,00S103205-06-2165291//3497500126FS
:61:100506DD10000,00S103205-06-2164951-O//R-3021500125JS
:61:100506DD9700,45S103205-06-2165200-O//3500200126FS
:61:100506DD9687,00S103061-06-0060463-O//5522400126FS
:61:100506DD9100,00S103080-06-0173231//5748800126FS
:61:100506DD8000,00S103205-06-2165362-O//3497600126FS
:62M:C100506USD4018207,23
-}{5:{CHK:ADF3E5C1CCCA}}{S:{SPD:}{COP:P}}${1:F21BNCRCRSJAXXX7981420010}{4:{177:1005190933}{451:0}}{1:F01BNCRCRSJAXXX7981420010}{2:O9501115100519CHASUS33AXXX87917658041005190916N}{3:{108:DDA05075436104}}{4:
:20:ST05070011186749
:25:001 1 186749
:28C:00088/00002
:60M:C100507USD8033222,02
:61:100507CD34667,00S103NONREF//7225600126JS
ABU DHABI COMMERCIAL BANK ABU DHAB
:61:100507CD32000,00NTRFCA100507034571//7069600127FC
B N S INTL BKG DIV.TORONTO TORONTO
:61:100507CD31308,00NTRFOBHSBCUSA//4484409127FF
HSBC BANK USA NEWARK DE 19713     
:61:100507CD29985,00NTRF2010050700003334//2508100127FC
CORE LABORATORIES SA UNITED STATES
:61:100507CD28996,79S202A1002424625103//0276100127JS
CREDIT AGRICOLE CIB FRANCE 92920 P
:61:100507CD26990,59S202EBANKGO34160852//8330600127FS
NATIONAL WESTMINSTER BANK PLC LOND
:61:100507CD24985,00NTRFNONREF//2784900127JO
US CENTRAL INT'L WIRES LENEXA KS 6
:61:100507CD24985,00NTRFBI11719301270022//6939400127FC
HARVEST FRESH GROWERS INC MIAMI   
:61:100507CD24985,00S103NONREF//7279200127FS
BANK JULIUS BAER CO LTD CH-8010 ZU
:61:100507CD21700,00NTRF2010050700026030//3908109127FF
PNC BANK, N.A. PITTSBURGH PA      
:61:100507CD20474,05S103NONREF//7750500127JS
BANCO POPULAR DE PUERTO RICO SAN J
:61:100507CD20000,00S2027303660915451085//3549300125FS
BANCO DE SABADELL SABADELL (BARCEL
:61:100507CD17957,00S103NONREF//8578000125FS
LEBANESE CANADIAN BANK SAL BEIRUT-
:61:100507CD16500,00NTRFNONREF//1277700127ES
DAVID LEVY OR JONATHAN LEVY TARZAN
:61:100507CD13977,49NMSC208-06-1221112-O//R-5267500127HH
CB FUNDS TRANS PREVIOUS DAY TAMPA 
:61:100507CD13555,20S103NONREF//9700600125FS
WESTLB AG 40217 DUESSELDORF GERMAN
:61:100507CD13405,00S103NONREF//0120700125JS
ABN AMRO BANK N V HEAD OFFICE AMST
:61:100507CD13136,88NTRF127431715//6481100127FC
WOLF AND WOLF SEEDS INC ORLANDO FL
:61:100507CD12655,00NTRF2010050700026023//3907409127FF
PNC BANK, N.A. PITTSBURGH PA      
:62M:C100507USD8455485,02
-}{5:{CHK:CAA6C9BD51EB}}{S:{SPD:}{COP:P}}${1:F21BNCRCRSJAXXX7981420011}{4:{177:1005190933}{451:0}}{1:F01BNCRCRSJAXXX7981420011}{2:O9501115100519CHASUS33AXXX87917658051005190916N}{3:{108:DDA05075436105}}{4:
:20:ST05070011186749
:25:001 1 186749
:28C:00088/00003
:60M:C100507USD8455485,02
:61:100507CD11960,00NTRF127432397//7267800127FC
MARTHA VELLANO LANTANA FL 33462   
:61:100507CD11485,00NTRFP31012705606//1092709127FF
BANK OF AMERICA N.A. NEW YORK NY 1
:61:100507CD11485,00NTRFNONREF//4963900126JO
TASER INTERNATIONAL SCOTTSDALE AZ 
:61:100507CD11484,10NTRF3015864396//0180800127FC
CITIBANK N.A. LONDON UNITED KINGDO
:61:100507CD11407,80NTRFGT01000094425221//6080500127FC
US AIRWAYS, INC PHOENIX, AZ 85034 
:61:100507CD11185,00NTRFOBBOEINGECUT//5322109127FF
BOEING EMPLOYEES CREDIT UNION TUKW
:61:100507CD10381,00S103NONREF//0120500125JS
ABN AMRO BANK N V HEAD OFFICE AMST
:61:100507CD9985,00S103NONREF//0798700126FR
CHASE MANHATTAN BANK IRELAND PLC D
:61:100507CD9985,00NTRFPAYB01272C010551//4996800127FC
BNP PARIBAS WEALTH MANAGEMENT H2O 
:61:100507CD9985,00S103NONREF//7279000127FS
BANK JULIUS BAER CO LTD CH-8010 ZU
:61:100507CD9800,00NTRFNONREF//0661800127ES
EDGAR B CAHN OR ANTONIA F CAHN MAN
:61:100507CD9750,00S2023651660915479706//9044400125FS
BANCO DE SABADELL SABADELL (BARCEL
:61:100507CD9056,25NTRFCA100507035794//7184600127FC
B N S INTL BKG DIV.TORONTO TORONTO
:61:100507CD8832,97NTRFCRSTMNT140APR//2092009127FF
RBC BANK CHARLOTTE NC 27802       
:61:100507CD8715,00NTRF100507501807//5745409127FF
COMERICA BANK SAN JOSE CA 95113   
:61:100507CD8000,00S202TOA055UIG0000MTZ//7152200125FS
NATIXIS 75060 PARIS CEDEX 02 FRANC
:61:100507CD7035,00S103NONREF//0120400125JS
ABN AMRO BANK N V HEAD OFFICE AMST
:61:100507CD7000,00S103NONREF//7352600125FS
DEGUSSA BANK GMBH FRANKFURT AM MAI
:61:100507CD6415,00NTRF127419619//6312000127FC
ARIEL ALBERTO SANGUINETTI ALEXANDR
:61:100507CD5395,00NMSC208-06-1215995//R-5063100127HH
MIZUHO BANK LTD CHIYODA-KU TOKYO J
:62M:C100507USD8644827,14
-}{5:{CHK:5D4C0A640C8D}}{S:{SPD:}{COP:P}}${1:F21BNCRCRSJAXXX7981420012}{4:{177:1005190933}{451:0}}{1:F01BNCRCRSJAXXX7981420012}{2:O9501115100519CHASUS33AXXX87917658061005190916N}{3:{108:DDA05075436103}}{4:
:20:ST05070011186749
:25:001 1 186749
:28C:00088/00001
:60F:C100507USD3917832,88
:61:100507CD2000000,00NTRFDRFLI-10-05-0517//6391400127FC
BANCO NACIONAL DE COSTA RICA SAN J
:61:100507CD416375,00S202CA100506333361//5005500126FS
ROYAL BANK OF CANADA-PAYMENT CENTE
:61:100507CD280876,00NTRFNONREF//1794000127JO
PANDUIT SINGAPORE PTE LTD TINLEY P
:61:100507CD196785,00NTRFBI11719801270001//6857200127FC
FMA TRADING LLC PARKLAND          
:61:100507CD153264,36NTRF100507501665//5298109127FF
COMERICA BANK SAN JOSE CA 95113   
:61:100507CD149985,00NTRF12700973//R-3867009127FF
COMERICA BANK DETROIT MI 48226-344
:61:100507CD149985,00NTRF12700975//R-3873209127FF
COMERICA BANK DETROIT MI 48226-344
:61:100507CD100000,00S20222300275702HC//9336700125FS
SVENSKA HANDELSBANKEN STOCKHOLM SW
:61:100507CD99985,00NTRFOBBCOSANTANC//R-5401509127FF
BANCO SANTANDER CENTRAL MIAMI FL 3
:61:100507CD95000,00S103NONREF//5719500125FS
VERWALTUNGS UND PRIVAT-BANK A G 94
:61:100507CD73335,00S103NONREF//7683900127JS
ROYAL BANK OF CANADA GRAND CAYMAN 
:61:100507CD72034,87S202208130015240O//5256200124JS
CREDIT DU NORD 75008 PARIS FRANCE 
:61:100507CD65434,00S103NONREF//0120900125JS
ABN AMRO BANK N V HEAD OFFICE AMST
:61:100507CD55537,57NTRFOBBANCOSANTAN//5313209127FF
BANCO SANTANDER PUERTO RICO SAN JU
:61:100507CD45000,00S2026076UBBIH301023//0186300127JS
NORDEA BANK OSLO 0107 OSLO - NORWA
:61:100507CD43500,34NTRF000000000116615//5754209127FF
HSBC BANK USA NEWARK DE 19713     
:61:100507CD41887,00NTRF127401708//4820200127FC
1/MELTOUR SARL 3/FR/94210 LA VAREN
:61:100507CD39945,00NTRF2010050700006360//6687500127FC
JANICE A BURTON FALMOUTH MA 025403
:61:100507CD36460,00NTRF127432270//7008800127FC
MARTHA VELLANO LANTANA FL 33462   
:62M:C100507USD8033222,02
-}{5:{CHK:D1BFB463BABC}}{S:{SPD:}{COP:P}}${1:F21BNCRCRSJAXXX7981420013}{4:{177:1005190933}{451:0}}{1:F01BNCRCRSJAXXX7981420013}{2:O9501115100519CHASUS33AXXX87917658071005190916N}{3:{108:DDA05075436107}}{4:
:20:ST05070011186749
:25:001 1 186749
:28C:00088/00005
:60M:C100507USD8718449,89
:61:100507CD2123,52NTRFGT01000094425220//6080300127FC
US AIRWAYS, INC PHOENIX, AZ 85034 
:61:100507CD2122,36NTRF127440969//6874000127FC
TRISH SOUTH LLC BROOKLYN NY 11211 
:61:100507CD1985,00NTRFNONREF//2732600127JO
COUNTRY BANK NEW YORK NY 10017-   
:61:100507CD1813,48NTRFNONREF//0281800127ES
STEVEN C ANDERSON CAVE CREEK, AZ 8
:61:100507CD1800,00NTRFNONREF//0743400127ES
WILLIAM GOSSARD OR LINDA GOSSARD M
:61:100507CD1686,00S202EBANKGO34161661//8360400127FS
NATIONAL WESTMINSTER BANK PLC LOND
:61:100507CD1650,00NTRF2142584//5620400127FC
CANADIAN IMPERIAL BANK OF COMMERCE
:61:100507CD1625,00NTRFNONREF//1398600127ES
INTERNAL ACCOUNTS PROCESSING GROUP
:61:100507CD1500,00NTRFNONREF//0411700127ES
OSA WILDLIFE SANCTUARY FOUNDATION 
:61:100507CD1500,00NTRFNONREF//1356300127ES
MARIA GRACIELA RODRIGUEZ OR LIXDAN
:61:100507CD1457,00NTRF127372062//4162800127FC
AGRO-K PHILIPPINES CORP AO CITY PC
:61:100507CD1420,00NTRFNONREF//0702100127ES
FAMILY FOOD DISTRIBUTORS INC KEARN
:61:100507CD1400,00NTRFNONREF//0130800127ES
CHARLES J GARLAND OR KARMEN M EAST
:61:100507CD1399,38S202CA100506383548//5613000126FS
ROYAL BANK OF CANADA-PAYMENT CENTE
:61:100507CD1363,56NTRF9033OTTIB3275//3265400127FC
WESTPAC BANKING CORPORATION PORT V
:61:100507CD1349,98NTRF2010050700002683//1487509127FF
M AND I MARSHALL AND ILSLEY BANK M
:61:100507CD1300,00NTRFFTS1005065279300//0023600127FC
APPALACHIAN STATE UNIVERSITY 8 GRE
:61:100507CD1285,00NTRFOBCANATLBKL//R-5211809127FF
U.S. BANK, NA LOS ANGELES CA      
:61:100507CD1200,00S202A1571TI056570125//2129900125JS
CAJA DE AHORROS Y PENSIONES DE BAR
:61:100507CD1160,00NTRFOBBANCAINTESA//5059200127FC
VETTORELLO VELIA LUCIA 10093 COLLE
:62M:C100507USD8749590,17
-}{5:{CHK:83539BC512A9}}{S:{SPD:}{COP:P}}${1:F21BNCRCRSJAXXX7981420014}{4:{177:1005190933}{451:0}}{1:F01BNCRCRSJAXXX7981420014}{2:O9501115100519CHASUS33AXXX87917658081005190916N}{3:{108:DDA05075436108}}{4:
:20:ST05070011186749
:25:001 1 186749
:28C:00088/00006
:60M:C100507USD8749590,17
:61:100507CD1100,00S202CA100506364774//6821700127JS
ROYAL BANK OF CANADA-PAYMENT CENTE
:61:100507CD1035,00NTRFNONREF//1466000127ES
DENNIS MATTOON LOVELAND, CO 805370
:61:100507CD1010,00S202P80423962321//3392900126FR
JPMORGAN CHASE BANK NA - LONDON LO
:61:100507CD950,00NTRF2010050700028456//4962209127FF
PNC BANK,NA PHILADELPHIA PA       
:61:100507CD900,00NTRFNONREF//0194700127ES
HAYSA P FRANKLIN OR DALE M FRANKLI
:61:100507CD900,00NTRFNONREF//0787800127ES
JASON WEBB WEST LONG BRANCH, NJ 07
:61:100507CD856,40NTRFGPS100507T000289//4359709127FF
BPD INT'L BANK NEW YORK NY 10004- 
:61:100507CD800,00NTRFNONREF//0861500127ES
GEORGE FRANK LOCKWOOD SANTA ANA, C
:61:100507CD796,00NTRFOBSANANTONIO//4374109127FF
SAN ANTONIO FEDERAL CU SAN ANTONIO
:61:100507CD716,57NTRFOBSIGNATUREBA//3371309127FF
SIGNATURE BANK NEW YORK NY 10017  
:61:100507CD665,00NTRF127454667//5777209127FF
HSBC BANK USA NEWARK DE 19713     
:61:100507CD600,00NTRFNONREF//0753800127ES
RUBEN SKLAR MIAMI FL 33179-2267   
:61:100507CD590,00S202074MGX0432665ES2//6874900126JS
BANCA POPOLARE DI SONDRIO 23100 SO
:61:100507CD587,40NTRF2010050700252282//7091900127FC
ARCOS DORADOS ARUBA N.V. ARUBA    
:61:100507CD527,71NTRFNONREF//2251000127JO
INTRACO CORP TROY MI 48083-       
:61:100507CD500,00NTRFNONREF//0054400127ES
LAURA W FRASER OR BRUCE D FRASER S
:61:100507CD400,00S2026076UBBIN300629//5915500125FS
NORDEA BANK OSLO 0107 OSLO - NORWA
:61:100507CD385,00NTRF00602920100507PW//2785709127FF
UBS AG STAMFORD CT 06912-0305     
:61:100507CD290,00NTRFNONREF//0597000127ES
PATRICIA HORTON ASTORIA, NY 11105 
:61:100507CD255,01NTRFOBBCOBRASILN//1580600127EZ
BANCO DO BRASIL NEW YORK BENE D NE
:62M:C100507USD8763454,26
-}{5:{CHK:96C44C453F5D}}{S:{SPD:}{COP:P}}${1:F21BNCRCRSJAXXX7981420015}{4:{177:1005190933}{451:0}}{1:F01BNCRCRSJAXXX7981420015}{2:O9501115100519CHASUS33AXXX87917658091005190916N}{3:{108:DDA05075436109}}{4:
:20:ST05070011186749
:25:001 1 186749
:28C:00088/00007
:60M:C100507USD8763454,26
:61:100507CD235,00S103NONREF//8335700126JS
STADSPARKASSE DUSSELDORF DUSSELDOR
:61:100507CD217,56NTRFNONREF//2799100127JO
US CENTRAL INT'L WIRES LENEXA KS 6
:61:100507CD200,00NTRFNONREF//1118600127ES
NARCISO MAIRENA MEDLEY, FL 3316625
:61:100507CD150,00NTRFNONREF//1296700127ES
IVETTE LOAIZA HALLANDALE, FL 33009
:61:100507CD116,00NTRF127440841//7080200127FC
RHONDA J RUBIN OR RESTON VA 20194-
:61:100507DD998366,00S103095-06-0084802//6380600127JS
:61:100507DD335602,22S202205-01-0031826//6799200127JS
:61:100507DD301952,87S103037-06-0114852-O//6636300127JS
:61:100507DD138400,96S103208-06-1223600//6003000127JS
:61:100507DD124103,63S103080-06-0173446-O//6648300127JS
:61:100507DD94325,00S103002-06-0198175-O//6691300127JS
:61:100507DD38794,00S103208-06-1223655-O//6003500127JS
:61:100507DD36921,14S103205-06-2166441-O//6347100127JS
:61:100507DD32813,60S202205-01-0032102//6592900127JS
:61:100507DD29015,90S103208-06-1223771//6006300127JS
:61:100507DD22020,63S103208-06-1223780//6006400127JS
:61:100507DD20000,00S103095-06-0084740-O//6380300127JS
:61:100507DD15600,00S103208-06-1224075-O//6284900127JS
:61:100507DD15377,55S103208-06-1224048-O//6489200127JS
:61:100507DD14124,07S103205-06-2166389//6592100127JS
:61:100507DD13682,10S103205-06-2166584//6591300127JS
:61:100507DD12000,00S103208-06-1223584//6002900127JS
:61:100507DD10226,58S103205-06-2165709//5428800126FS
:61:100507DD10000,00S103208-06-1223673-O//6003600127JS
:61:100507DD9970,00S103002-06-0198166//6691200127JS
:61:1005060507DD9486,00NMSC205-16-7581070//R-4879700126HH
BANK OF AMERICA N.A. NEW YORK NY 1
:61:100507DD9125,00S103208-06-1223799-O//6006500127JS
:61:100507DD8981,25S103080-06-0173366-O//6448400127JS
:62M:C100507USD6463484,32
-}{5:{CHK:5A8E0C44ACDB}}{S:{SPD:}{COP:P}}${1:F21BNCRCRSJAXXX7981420016}{4:{177:1005190933}{451:0}}{1:F01BNCRCRSJAXXX7981420016}{2:O9501115100519CHASUS33AXXX87917658101005190916N}{3:{108:DDA05075436110}}{4:
:20:ST05070011186749
:25:001 1 186749
:28C:00088/00008
:60M:C100507USD6463484,32
:61:100507DD8108,14S103205-06-2166593//6626600127JS
:61:100507DD8025,00S103012-06-0000359//6345600127JS
:61:100507DD7021,93S103208-06-1223478-O//6001700127JS
:61:100507DD6302,97S103205-06-2165898//5730300126FS
:61:100507DD5655,00S103205-06-2165932-O//5730400126FS
:61:100507DD5267,00S103095-06-0084795//6380500127JS
:61:100507DD5131,00S103208-06-1223496//6002700127JS
:61:100507DD5000,00S103208-06-1223334-O//6001400127JS
:61:100507DD4581,74S103208-06-1224164-O//6593300127JS
:61:100507DD4481,74S103208-06-1224039-O//6489300127JS
:61:100507DD4150,00S103205-06-2166049//5846400126FS
:61:100507DD3918,45S103002-06-0198157//6691100127JS
:61:100507DD3591,80S103208-06-1223441-O//6001600127JS
:61:100507DD3241,92S103208-06-1223682//6003700127JS
:61:100507DD3180,00S103006-06-0077925//5514900126FS
:61:100507DD3130,11S103205-06-2166708//6593500127JS
:61:100507DD3053,03S103002-06-0198184//6691400127JS
:61:100507DD3000,00S103020-06-0014601//6140100127JS
:61:100507DD3000,00S103205-06-2166343//6345700127JS
:61:100507DD2854,00S103205-06-2166557-O//6490000127JS
:61:100507DD2700,00S103205-06-2165941//5310800127JS
:61:100507DD2600,00S103080-06-0173286//6448600127JS
:61:100507DD2285,11S103205-06-2165987//5846600126FS
:61:100507DD2000,00S103080-06-0173393-O//6648200127JS
:61:100507DD1950,00S103208-06-1223432-O//6001500127JS
:61:100507DD1500,00S103205-06-2166637-O//6626700127JS
:61:100507DD1486,51S103208-06-1223520-O//6002800127JS
:61:100507DD1418,78S103205-06-2166361-O//6284800127JS
:61:100507DD1308,86S103208-06-1224173-O//6593200127JS
:61:100507DD1300,00S103006-06-0077934//5150500127JS
:61:100507DD1100,00S103205-06-2166762//6626500127JS
:61:100507DD609,00S103080-06-0173302-O//6448700127JS
:62M:C100507USD6350532,23
-}{5:{CHK:C7DD870C39F1}}{S:{SPD:}{COP:P}}${1:F21BNCRCRSJAXXX7981420017}{4:{177:1005190933}{451:0}}{1:F01BNCRCRSJAXXX7981420017}{2:O9501115100519CHASUS33AXXX87917658111005190916N}{3:{108:DDA05075436111}}{4:
:20:ST05070011186749
:25:001 1 186749
:28C:00088/00009
:60M:C100507USD6350532,23
:61:100507DD275,00S103095-06-0084786//6380400127JS
:61:100507DD267,27S103205-06-2165754//5429300126FS
:62F:C100507USD6349989,96
:64:C100507USD6349989,96
-}{5:{CHK:5C8CAE80CBDE}}{S:{SPD:}{COP:P}}${1:F21BNCRCRSJAXXX7981420020}{4:{177:1005190933}{451:0}}{1:F01BNCRCRSJAXXX7981420020}{2:O9501115100519CHASUS33AXXX87917658141005190916N}{3:{108:DDA05075436106}}{4:
:20:ST05070011186749
:25:001 1 186749
:28C:00088/00004
:60M:C100507USD8644827,14
:61:100507CD5085,00NTRFTT11717912700001//4828800127FC
MANUEL E CUERVO ITF MIAMI FL 33145
:61:100507CD4985,00NTRFBI11161201260004//4717300127FC
ALBEE ADVENTURES INC NEW YORK     
:61:100507CD4850,00S202CA100506332182//5670500126FS
ROYAL BANK OF CANADA-PAYMENT CENTE
:61:100507CD4785,00S103NONREF//2469000126FS
BANK CA ST GALLEN ST GALL SWITZERL
:61:100507CD4760,00S202EBANKGO34159087//8276600127FS
NATIONAL WESTMINSTER BANK PLC LOND
:61:100507CD4334,86NTRFNONREF//3830400126JO
PRINCESS CRUISE LINES LIMITED VALE
:61:100507CD4000,00NTRF2010050700159937//2243309127FF
BANK OF AMERICA N.A. NEW YORK NY 1
:61:100507CD3965,00S103NONREF//9469800125FS
CREDIT AGRICOLE SA GUYANCOURT CEDE
:61:100507CD3758,40S103NONREF//7433600127JS
SCOTIABANK TRINIDAD TOBAGO PORT OF
:61:100507CD3655,00S103NONREF//0120800125JS
ABN AMRO BANK N V HEAD OFFICE AMST
:61:100507CD3645,47NTRFNONREF//3995500125JO
HOLLAND AMERICA LINE PAYMASTER COR
:61:100507CD3592,38S202EBANKGO34117509//4415500125FS
NATIONAL WESTMINSTER BANK PLC LOND
:61:100507CD3485,00NTRFOBSIGNATUREBA//4112209127FF
SIGNATURE BANK NEW YORK NY 10017  
:61:100507CD3235,00NTRFOBPACIFICMIAM//R-3491909127FF
PACIFIC NATIONAL BANK MIAMI FL 331
:61:100507CD2985,00NTRF17575//1520100127FC
ULLOA RODRIGUEZ FERNANDO GERARDO L
:61:100507CD2985,00NTRFEXPENSES//5859209127FF
HSBC BANK USA NEWARK DE 19713     
:61:100507CD2467,00S103NONREF//0120600125JS
ABN AMRO BANK N V HEAD OFFICE AMST
:61:100507CD2396,12S2023651660915479333//9032900125FS
BANCO DE SABADELL SABADELL (BARCEL
:61:100507CD2351,52S103NONREF//7653400127JS
CORP BANCA C A CARACAS VENEZUELA  
:61:100507CD2302,00S103NONREF//5813000125FS
AIB GLOBAL TREASURY ACCOUNT DUBLIN
:62M:C100507USD8718449,89
-}{5:{CHK:11CF259DCFFB}}{S:{SPD:}{COP:P}}${1:F21BNCRCRSJAXXX7981420018}{4:{177:1005190933}{451:0}}{1:F01BNCRCRSJAXXX7981420018}{2:O9501115100519CHASUS33AXXX87917658121005190916N}{3:{108:DDA05105401949}}{4:
:20:ST05100011186749
:25:001 1 186749
:28C:00089/00001
:60F:C100510USD6349989,96
:61:100510CD1399985,00NTRFOBBKOFNYC//3645809130FF
THE BANK OF NEW YORK MELLON NEW YO
:61:100510CD999985,00NTRFOBBKOFNYC//3645609130FF
THE BANK OF NEW YORK MELLON NEW YO
:61:100510CD668625,00NTRFNONREF//0151400130ZO
CARTEX DEL INC WINSTON SALEM NC 27
:61:100510CD599985,00NTRFOBBKOFNYC//3645709130FF
THE BANK OF NEW YORK MELLON NEW YO
:61:100510CD459867,77NTRFOBCORNERSTONE//R-1179309130FF
CORNERSTONE COMMUNITY BANK CHATTAN
:61:100510CD324959,00S103NONREF//1037200130FS
ABN AMRO BANK N V HEAD OFFICE AMST
:61:100510CD298018,00NTRFTTS10-07811//2731909130FF
BANCO BILBAO VIZCAYA ARGENTARIA,SA
:61:100510CD140000,00NTRFF60507305768000//0895500130FC
1/FUNDACION FLOR DE HYACINTH 6/AD/
:61:100510CD139857,53NTRFCOMPRADEORO//3161209130FF
OCEAN BANK MIAMI FL 33126-        
:61:100510CD127985,00NTRFNONREF//3910900130JO
SMITHS INTERCONNECT MICROWAVE STUA
:61:100510CD122976,00S202130214339739-7//3681400130FS
CREDIT AGRICOLE SA GUYANCOURT CEDE
:61:100510CD112184,01NTRF01100510006438NN//6877800130FC
THE TAFT-MERRICK FAMILY TRUST FALL
:61:100510CD108420,94NTRFNONREF//4206400130JO
DEL MONTE FRESH PRODUCE COMP FUNDG
:61:100510CD106955,00S103NONREF//1216300130JS
BAC INTERNATIONAL BANK INC PANAMA 
:61:100510CD105947,00S2022010051019190136//8790200130FS
BANK OF IRELAND DUBLIN 1 IRELAND  
:61:100510CD100000,00S20222300277112HC//8436100126JS
SVENSKA HANDELSBANKEN STOCKHOLM SW
:61:100510CD99975,00NTRFMIS28942//7289600130FC
BUILD CANADA ( MIKFA ) INC HILL ON
:61:100510CD80545,29S103NONREF//R-0227000130FS
MIZUHO BANK LTD CHIYODA-KU TOKYO J
:61:100510CD75153,00NTRFNONREF//0146000130ZO
HANESBRANDS INC WINSTON SALEM NC 2
:62M:C100510USD12421413,50
-}{5:{CHK:588C8C2F82C0}}{S:{SPD:}{COP:P}}${1:F21BNCRCRSJAXXX7981420019}{4:{177:1005190933}{451:0}}{1:F01BNCRCRSJAXXX7981420019}{2:O9501115100519CHASUS33AXXX87917658131005190916N}{3:{108:DDA05105401951}}{4:
:20:ST05100011186749
:25:001 1 186749
:28C:00089/00003
:60M:C100510USD13151806,77
:61:100510CD16975,00NTRF130428865//5741900130FC
VIDANET INC AKRON, PA 17501-0000  
:61:100510CD16960,00NTRF130412829//5614700130FC
WINTON W HOLLADAY AKA WASHINGTON D
:61:100510CD15202,00S2022010051000008570//4517000130FS
FORTIS BANK (NEDERLAND) N.V. AMSTE
:61:100510CD15000,00NTRF2010051000003350//2323609130FF
M AND I MARSHALL AND ILSLEY BANK M
:61:100510CD12368,60S103NONREF//8515200126JS
ABN AMRO BANK N V HEAD OFFICE AMST
:61:100510CD10706,23NTRFF60510073762000//5494800130FC
INTERNATIONAL FUND FOR AGRICULTURA
:61:100510CD10153,00NTRFNONREF//0602400130ES
CA ONE INVESTORS LLC CAPE CORAL FL
:61:100510CD10102,43NTRFOBCITIBANKNYC//5353000130FC
C. DANIEL TYREE + TERI WY 83013 MO
:61:100510CD10049,00NTRF130307191//0583200130FC
1/SARL GEO SOLUTIONS 3/FR/60300 SE
:61:100510CD10000,00NTRFNONREF//0225200130ES
LAM FOODS INC QUEENS VILLAGE, NY 1
:61:100510CD10000,00NTRF197022-97345//1786800130FC
BAYERISCHE LANDESBANK GIROZENTRALE
:61:100510CD9985,00NTRFOBSUNWSTBKTU//3269009130FF
SUNWEST BANK TUSTIN CA 92680-3312 
:61:100510CD9985,00NTRFNONREF//4003000130JO
WM WRIGLEY JR COMPANY CHICAGO IL 6
:61:100510CD9983,00NMSC084-06-0059174//R-6004000130HH
CB FUNDS TRANS SAMEDAY CDT RETURNS
:61:100510CD9965,00S103NONREF//9514300126JS
WESTLB AG 40217 DUESSELDORF GERMAN
:61:100510CD9763,00S103NONREF//0463500130JS
BANCO NACIONAL DE PANAMA REPUBLIC 
:61:100510CD9049,15S103NONREF//5361300130FS
STATE BANK OF MAURITIUS PUBLIC CO 
:61:100510CD9000,00NTRFNONREF//0168500130ES
CATHERINE A THOMPSON OR BRUCE A SA
:61:100510CD9000,00NTRFNONREF//0172800130ES
CATHERINE A THOMPSON OR BRUCE A SA
:61:100510CD8985,00NTRFNONREF//3082000130JO
US CENTRAL INT'L WIRES LENEXA KS 6
:62M:C100510USD13375038,18
-}{5:{CHK:C9C54001DA7C}}{S:{SPD:}{COP:P}}${1:F21BNCRCRSJAXXX7981420021}{4:{177:1005190933}{451:0}}{1:F01BNCRCRSJAXXX7981420021}{2:O9501115100519CHASUS33AXXX87917658151005190916N}{3:{108:DDA05105401953}}{4:
:20:ST05100011186749
:25:001 1 186749
:28C:00089/00005
:60M:C100510USD13485407,48
:61:100510CD3620,00S202CA100507500386//7869600127JS
ROYAL BANK OF CANADA-PAYMENT CENTE
:61:100510CD3510,00NTRF130437148//6334800130FC
HIGHPARK INVESTMENTS LLC WILMINGTO
:61:100510CD3500,00NTRFNONREF//1191500130ES
USA TROPICALS INC RICHMOND HILL, N
:61:100510CD3192,77S103NONREF//6381600126JS
BILBAO BIZKAIA KUTXA BILBAO SPAIN 
:61:100510CD3010,00NTRF130316328//0617600130FC
DOUGLAS R NEAVE AE                
:61:100510CD2985,00NTRFEXPENSES//5357009130FF
HSBC BANK USA NEWARK DE 19713     
:61:100510CD2883,00S103NONREF//9827400130FS
BANCO DE CREDITO DEL PERU LIMA LIM
:61:100510CD2700,00NTRFMINO103101300057//5577200130FC
CAISSE CENTRALE DESJARDINS MONTREA
:61:100510CD2606,60S202A8647TI152210126//4133700126FS
CAJA DE AHORROS Y PENSIONES DE BAR
:61:100510CD2485,00NTRFBI81928001290002//4657900130FC
RACO HOLDINGS LLC HERMOSA BEACH   
:61:100510CD2465,00NTRF130466244//7561300130FC
CRESCENT BANK TRUST COMPANY JASPER
:61:100510CD2384,29NTRFOBNOVASAVINGS//3572709130FF
NOVA BANK PHILADELPHIA PA         
:61:100510CD2219,20S2023650660915519815//0445200126FS
BANCO DE SABADELL SABADELL (BARCEL
:61:100510CD2104,21S103NONREF//0215700130JS
BANCO DE CREDITO DEL PERU LIMA LIM
:61:100510CD2000,00NTRFNONREF//1642500130ES
VICTOR MOORE OR VERA M SABATINI SA
:61:100510CD2000,00NTRF2010051000024657//4150309130FF
PNC BANK,NA PHILADELPHIA PA       
:61:100510CD2000,00S202P79083082321//6700900127FR
JPMORGAN CHASE BANK NA - LONDON LO
:61:100510CD1985,00NTRFOBNEXITYFINC//4195009130FF
NEXITY BANK BIRMINGHAM AL         
:61:100510CD1965,00S103NONREF//9820300129JS
BANK OF CHINA (HONG KONG) LTD CENT
:61:100510CD1615,00NTRF130462053//7575300130FC
H WORSHAM ABBOTT JR RICHMOND VA 23
:62M:C100510USD13536637,55
-}{5:{CHK:82D9188AB4E3}}{S:{SPD:}{COP:P}}${1:F21BNCRCRSJAXXX7981420022}{4:{177:1005190933}{451:0}}{1:F01BNCRCRSJAXXX7981420022}{2:O9501115100519CHASUS33AXXX87917658161005190916N}{3:{108:DDA05105401954}}{4:
:20:ST05100011186749
:25:001 1 186749
:28C:00089/00006
:60M:C100510USD13536637,55
:61:100510CD1600,00NTRFNONREF//0180800130ES
CHARLES J GARLAND OR KARMEN M EAST
:61:100510CD1585,00S103004000970030-//0473700130JS
BANCO REGIONAL DE MONTERREY SA S.P
:61:100510CD1500,00NTRFNONREF//0487100130ES
MARIO A COLLADO OR MYRNA CHANG SAN
:61:100510CD1500,00NTRF2010051000003676//2727109130FF
M AND I MARSHALL AND ILSLEY BANK M
:61:100510CD1485,00S103NONREF//0575000130JS
INTERNATIONAL UNION BANK S A PANAM
:61:100510CD1285,00NMSC006-06-0077934//R-5693600130HH
BANCO NACIONAL DE MEXICO MEXICO CI
:61:100510CD1250,00NTRFOP034793437//1846800130FC
BANK OF MONTREAL MONTREAL, CANADA 
:61:100510CD1000,00NTRFNONREF//1167600130ES
ROBERT J GAGLIARDO, TRUSTEE OF THE
:61:100510CD985,00NTRFNONREF//3093400130JO
US CENTRAL INT'L WIRES LENEXA KS 6
:61:100510CD844,00NTRFNONREF//1233300130ES
SETTLEMENTSERVICINGCOM INC DBA HAY
:61:100510CD800,00NTRF130337123//1955700130FC
MR MEEHAN JOHN FRANCIS AND TES    
:61:100510CD785,00NTRFNONREF//4097800130JO
US CENTRAL INT'L WIRES LENEXA KS 6
:61:100510CD700,00NTRFNONREF//1692100130ES
SUSAN ANDRESKI WILLIAMS -POD- MELB
:61:100510CD685,00S103NONREF//0989400130JS
SCOTIABANK INVERLAT SA MEXICO D.F.
:61:100510CD589,30S2021005067729932I//4890300126FS
BANCA POPOLARE DI VICENZA VICENZA 
:61:100510CD550,00NTRFNONREF//0668400130ES
LUIS J VAZQUEZ OR SANDRA M RIVERA 
:61:100510CD500,00NTRFNONREF//0394900130ES
AMY CHAVES OR EDUARDO CHAVES MASTI
:61:100510CD500,00NTRFNONREF//1005300130ES
WALTER BEITA OR YUBOLDA BEITA LUTZ
:61:100510CD500,00NTRF130313297//1314700130FC
MR UGAS WIESS LVIS FERNANDO DOB 10
:61:100510CD500,00NTRFNONREF//1475500130ES
GINA M BOWLES LISBON, OH 444329737
:62M:C100510USD13555780,85
-}{5:{CHK:11FAB046847B}}{S:{SPD:}{COP:P}}${1:F21BNCRCRSJAXXX7981420023}{4:{177:1005190933}{451:0}}{1:F01BNCRCRSJAXXX7981420023}{2:O9501115100519CHASUS33AXXX87917658171005190916N}{3:{108:DDA05105401955}}{4:
:20:ST05100011186749
:25:001 1 186749
:28C:00089/00007
:60M:C100510USD13555780,85
:61:100510CD485,00NTRFNONREF//R-0027700130BN
LCNB NATIONAL BANK LEBANON OH 4503
:61:100510CD440,00NTRF100510500798//3541009130FF
COMERICA BANK DETROIT MI 48226-344
:61:100510CD435,00NTRFOBFSTREPBKS//3360109130FF
FIRST REPUBLIC BK, A DIV ML B T CO
:61:100510CD308,90NTRF20100503000881//1147300130FC
MARIA E DE HAAK-ARIAS RAMIREZ CART
:61:100510CD300,00S202A3648TI172870126//4949600126FS
CAJA DE AHORROS Y PENSIONES DE BAR
:61:100510CD250,00NTRFNONREF//1166200130ES
GLADYS ZARATE CHICAGO, IL 60660475
:61:100510CD210,00NTRFOP072223196//2433800130FC
BANK OF MONTREAL MONTREAL, CANADA 
:61:100510CD200,00NTRFCA100510032936//7089200130FC
B N S INTL BKG DIV.TORONTO TORONTO
:61:100510CD105,00NTRFHK110050PI267542//5635800130FC
MR CHAN MAN CHIU TATE KOWLOON     
:61:100510CD87,00NTRFRAEESB2527110//6681300130FC
MARK ANTHONY DUNN ID 711569152    
:61:100510CD60,35NTRFNONREF//3513500130JO
DIGITAL RIVER MARKETING SOLUTIONS 
:61:100510DD2198567,67S103208-06-1225715-O//1295600130JS
:61:100510DD172830,32S103015-06-0005235//0145500130JS
:61:100510DD139000,00S103092-06-0043048//1453800130JS
:61:100510DD92400,00S103208-06-1225145-O//0396000130JS
:61:100510DD64500,00S103205-06-2167208//0536600130JS
:61:100510DD61454,05S103084-06-0059147//1481800130JS
:61:100510DD48900,00S103208-06-1224887-O//1293800130JS
:61:100510DD48200,00S103208-06-1224841-O//0521500130JS
:61:100510DD45000,00S103061-06-0060542//0736500130JS
:61:100510DD44100,00S103004-06-0092697//1519600130JS
:61:100510DD40000,00S103205-06-2166851//0220000130JS
:61:100510DD30826,00S103037-06-0114923//9589400130FS
:61:100510DD30106,00S103003-06-0029838//0478000130JS
:61:100510DD30000,00S103061-06-0060588//1109300130JS
:62M:C100510USD10512778,06
-}{5:{CHK:DB9DCCCABCB1}}{S:{SPD:}{COP:P}}${1:F21BNCRCRSJAXXX7981420024}{4:{177:1005190933}{451:0}}{1:F01BNCRCRSJAXXX7981420024}{2:O9501115100519CHASUS33AXXX87917658181005190916N}{3:{108:DDA05105401950}}{4:
:20:ST05100011186749
:25:001 1 186749
:28C:00089/00002
:60M:C100510USD12421413,50
:61:100510CD74806,40NTRF201005075225ISCW//0965409130FF
PNC BANK, N.A. PITTSBURGH PA      
:61:100510CD69985,00NTRF9304245119//R-4437800126JO
UNICEF HQ TRANSFER ACCT NEW YORK N
:61:100510CD60720,00NTRFCA100507050498//2826700130FC
B N S INTL BKG DIV.TORONTO TORONTO
:61:100510CD48894,65NTRF000000688//2653609130FF
WELLS FARGO BANK SAN FRANCISCO CA 
:61:100510CD43476,90S20213303803921RM//5806300126JS
SVENSKA HANDELSBANKEN STOCKHOLM SW
:61:100510CD39985,00S103NONREF//1981100126FS
BANK OF VALLETTA PLC ST VENERA MAL
:61:100510CD39985,00S103NONREF//5007700126JS
ABN AMRO BANK N V HEAD OFFICE AMST
:61:100510CD36400,00NTRFNONREF//0810300130ES
GRAMIC ENTERPRISES INC YORBA LINDA
:61:100510CD35801,07S103NONREF//1918200126FS
NORDEA BANK, COPENHAGEN COPENHAGEN
:61:100510CD35000,00S202TOA056VK80000TLS//9075900126JS
NATIXIS 75060 PARIS CEDEX 02 FRANC
:61:100510CD28127,00NTRFNONREF//4203800130JO
BANKPLUS RIDGELAND MS 39157-      
:61:100510CD27500,00S2027303660915502746//5344400126JS
BANCO DE SABADELL SABADELL (BARCEL
:61:100510CD27034,20S103FV89558//0942100130JS
BANCO GENERAL SA REPUBLIC OF PANAM
:61:100510CD26930,18NTRF000000687//2653909130FF
WELLS FARGO BANK SAN FRANCISCO CA 
:61:100510CD25854,87NTRFOBCITIBANKNYC//7113400130FC
PRICESMART GUATEMALA S,A. 00000001
:61:100510CD24959,00S103NONREF//1260500126FS
ABN AMRO BANK N V HEAD OFFICE AMST
:61:100510CD23985,00NTRFNONREF//1060500130JO
TRANSMARINE CHARTERING INC HALESIT
:61:100510CD23200,00NTRFTE930162795//6234700130FC
CORIPORT S A COSTA RICA           
:61:100510CD19985,00NTRFNONREF//4090200130JO
US CENTRAL INT'L WIRES LENEXA KS 6
:61:100510CD17764,00NTRFVIAMERICASCORP//5347109130FF
U S BANK N.A COMMERCIAL REGION POR
:62M:C100510USD13151806,77
-}{5:{CHK:77805732CF65}}{S:{SPD:}{COP:P}}${1:F21BNCRCRSJAXXX7981420025}{4:{177:1005190933}{451:0}}{1:F01BNCRCRSJAXXX7981420025}{2:O9501115100519CHASUS33AXXX87917658191005190916N}{3:{108:DDA05105401956}}{4:
:20:ST05100011186749
:25:001 1 186749
:28C:00089/00008
:60M:C100510USD10512778,06
:61:100510DD25000,00S103080-06-0173357//1458300130JS
:61:100510DD20185,38S103006-06-0077989//9125300130FS
:61:100510DD20013,77S103208-06-1225029//1294400130JS
:61:100510DD20000,00S103002-06-0198264//0431900130JS
:61:100510DD19000,00S103208-06-1224716//9183600130FS
:61:100510DD18787,60S103137-06-0091206-O//1519500130JS
:61:100510DD16522,26S103080-06-0173437-O//9125500130FS
:61:100510DD16000,00S103020-06-0014638-O//1519200130JS
:61:100510DD14780,00S103208-06-1224360//8791100130FS
:61:100510DD13885,49S103075-06-0077814//0478100130JS
:61:100510DD11249,93S103004-06-0092688//1519700130JS
:61:100510DD10878,48S103084-06-0059156//1636800130JS
:61:100510DD10084,32S103208-06-1224495//0518600130JS
:61:100510DD10000,00S103084-06-0059174//1481600130JS
:61:100510DD9788,00S103002-06-0198237//0431800130JS
:61:100510DD9573,75S103208-06-1225083-O//0208500130JS
:61:100510DD9471,91S103037-06-0114969-O//0384600130JS
:61:100510DD7293,22S103208-06-1225047//1294500130JS
:61:100510DD7212,78S103037-06-0114987-O//0384700130JS
:61:100510DD6885,00S103208-06-1225010//1294300130JS
:61:100510DD6711,60S103208-06-1224789-O//9931200130FS
:61:100510DD6600,00S103087-06-0038391//1453300130JS
:61:100510DD6400,00S103006-06-0077961-O//9095200130FS
:61:100510DD6250,00S103080-06-0173339//9125400130FS
:61:100510DD6000,00S103004-06-0092704//1578900130JS
:61:100510DD5941,00S103008-06-0007562//9226700130FS
:61:100510DD5700,00S103002-06-0198282//0432000130JS
:61:100510DD5695,20S103208-06-1225154//1321600130JS
:61:100510DD5072,40S103061-06-0060551-O//1129700130JS
:61:100510DD5000,00S103137-06-0091153//1519300130JS
:61:100510DD4771,86S103208-06-1224547-O//9183500130FS
:62M:C100510USD10172024,11
-}{5:{CHK:83DB4AD9ABDF}}{S:{SPD:}{COP:P}}${1:F21BNCRCRSJAXXX7981420026}{4:{177:1005190933}{451:0}}{1:F01BNCRCRSJAXXX7981420026}{2:O9501115100519CHASUS33AXXX87917658201005190916N}{3:{108:DDA05105401957}}{4:
:20:ST05100011186749
:25:001 1 186749
:28C:00089/00009
:60M:C100510USD10172024,11
:61:100510DD4694,27S103208-06-1224477//0518500130JS
:61:100510DD4654,00S103208-06-1225653//1321700130JS
:61:100510DD4409,76NTRFNONREF//1303455509TC
S.W.I.F.T SCRL DIR.DEBIT 000010853
:61:100510DD4229,00S103003-06-0029847//R-0477900130JS
:61:100510DD4000,00S103205-06-2167066//0119400130JS
:61:100510DD4000,00S103205-06-2166959//9926300130FS
:61:100510DD3900,00S103006-06-0078005//0288800130JS
:61:100510DD3119,20S103208-06-1224869//1293700130JS
:61:100510DD3035,38S103002-06-0198273-O//1368600130JS
:61:100510DD2922,00S103006-06-0077952//9094100130FS
:61:100510DD2828,00S103047-06-0056743-O//1132800130JS
:61:100510DD2636,00S103208-06-1225671-O//1321800130JS
:61:100510DD2609,00S103075-06-0077716//0169500130JS
:61:100510DD2000,00S103205-06-2167093//0395200130JS
:61:100510DD2000,00S103208-06-1224663//0521400130JS
:61:100510DD1760,00S103087-06-0038364-O//9139100130FS
:61:100510DD1654,00S103205-06-2167039-O//0019500130JS
:61:100510DD1500,00S103205-06-2166986-O//0018900130JS
:61:100510DD1225,00S103205-06-2166913//0119300130JS
:61:100510DD1222,00S103205-06-2166673//0018800130JS
:61:100510DD1200,00S103208-06-1224583-O//0518700130JS
:61:100510DD1083,00S103075-06-0077789//0169400130JS
:61:100510DD929,00NMSC205-16-7592825//R-5870000130HH
ROYAL BANK OF CANADA-PAYMENT CENTE
:61:100510DD750,00S103095-06-0084811//0432800130JS
:61:100510DD715,00S103037-06-0114996//0489200130JS
:61:100510DD650,00S103015-06-0005226//0145400130JS
:61:100510DD611,00S103208-06-1224814-O//0018700130JS
:61:100510DD430,00S103080-06-0173428-O//0715700130JS
:61:100510DD373,61S103137-06-0091199-O//1519400130JS
:61:100510DD360,00S103208-06-1225564//1294600130JS
:62M:C100510USD10106524,89
-}{5:{CHK:9053FCE116F6}}{S:{SPD:}{COP:P}}${1:F21BNCRCRSJAXXX7981420031}{4:{177:1005190933}{451:0}}{1:F01BNCRCRSJAXXX7981420031}{2:O9501116100519CHASUS33AXXX87917658251005190916N}{3:{108:DDA05105401958}}{4:
:20:ST05100011186749
:25:001 1 186749
:28C:00089/00010
:60M:C100510USD10106524,89
:61:1005070510DD331,00NMSC205-16-7519709//R-5675000130HH
CAIXA D'ESTALVIS DE CATALUNYA N/A 
:61:100510DD269,60S103208-06-1225225-O//0537700130JS
:61:1005070510DD233,81NMSC205-16-7558881//5523700128HH
RITA L STANFIELD CHICAGO, IL 60647
:61:100510DD215,00S103080-06-0173507//1641800130JS
:61:100510DD205,00S202205-01-0031988-O//R-1182900130JS
:61:100510DD196,53S103080-06-0173455-O//1135500130JS
:61:100510DD160,00S103208-06-1225109//1295900130JS
:61:100510DD118,60S103080-06-0173473-O//1135700130JS
:61:100510DD74,25S103084-06-0059165//1481700130JS
:62F:C100510USD10104721,10
:64:C100510USD10104721,10
-}{5:{CHK:4D9934471D5A}}{S:{SPD:}{COP:P}}${1:F21BNCRCRSJAXXX7981420034}{4:{177:1005190933}{451:0}}{1:F01BNCRCRSJAXXX7981420034}{2:O9501116100519CHASUS33AXXX87917658281005190916N}{3:{108:DDA05105401952}}{4:
:20:ST05100011186749
:25:001 1 186749
:28C:00089/00004
:60M:C100510USD13375038,18
:61:100510CD8306,25NTRFCA100510034494//7370400130FC
B N S INTL BKG DIV.TORONTO TORONTO
:61:100510CD8000,00NTRFNONREF//1282700130ES
PRO TECH USA THIBODAUX LA 70301-  
:61:100510CD7685,00NTRFNONREF//3083200130JO
US CENTRAL INT'L WIRES LENEXA KS 6
:61:100510CD6875,00NTRFOBSIGNATUREBA//R-2323209130FF
SIGNATURE BANK NEW YORK NY 10017  
:61:100510CD6725,00NTRFNONREF//1516000130ES
BETH ANN CONCES SCHERERVILLE, IN 4
:61:100510CD6155,40S202P82000982321//7890500129FR
JPMORGAN CHASE BANK NA - LONDON LO
:61:100510CD6000,00S2029464009OP5808741//7125400127JS
BANKINTER MADRID SPAIN            
:61:100510CD5000,00NTRFNONREF//0407800130ES
STEPHEN C MACRICOSTAS MIAMI BEACH,
:61:100510CD5000,00S202I09D10127N81357//4177700127JS
BANQUE FEDERATIVE DU CREDIT STRASB
:61:100510CD4985,00S103NONREF//1144300130JS
BANK OF N T BUTTERFIELD SON LTD HA
:61:100510CD4985,00NTRFOBRBCBANK(US//R-1469909130FF
RBC BANK CHARLOTTE NC 27802       
:61:100510CD4985,00NTRFOBHUDSONCTYP//4740809130FF
HUDSON CITY SAVINGS BANK PARAMUS N
:61:100510CD4970,00NTRFDAXAVENEZUELAT//4574409130FF
MERCANTIL COMMERCEBANK, N.A. MIAMI
:61:100510CD4832,50S2022010050600014369//2512700126FS
FORTIS BANK (NEDERLAND) N.V. AMSTE
:61:100510CD4635,00NTRFS3782000641-01//1548000130FC
RICHARD G GEORGE WA               
:61:100510CD4614,00NTRFNONREF//3086100130JO
US CENTRAL INT'L WIRES LENEXA KS 6
:61:100510CD4393,00S103NONREF//1403400130JS
BANCO DE CREDITO E INVERSIONES SAN
:61:100510CD4278,15S103NONREF//0559200130JS
SCOTIABANK TRINIDAD TOBAGO PORT OF
:61:100510CD4000,00NTRFNONREF//0777800130ES
A HUNT MARCKWALD QUOGUE, NY 119590
:61:100510CD3945,00NTRFS060130028A601//0874100130FC
CITIBANK NEW YORK NY 10043-0001   
:62M:C100510USD13485407,48
-}{5:{CHK:F1BB54471759}}{S:{SPD:}{COP:P}}${1:F21BNCRCRSJAXXX7981420027}{4:{177:1005190933}{451:0}}{1:F01BNCRCRSJAXXX7981420027}{2:O9501115100519CHASUS33AXXX87917658211005190916N}{3:{108:DDA05115410834}}{4:
:20:ST05110011186749
:25:001 1 186749
:28C:00090/00001
:60F:C100511USD10104721,10
:61:100511CD200000,00S202CA100510311307//1644300130JS
ROYAL BANK OF CANADA-PAYMENT CENTE
:61:100511CD176985,00NTRFCOMPRADEORO//2526109131FF
OCEAN BANK MIAMI FL 33126-        
:61:100511CD84493,26NTRFOBMBFINANCIAL//4155009131FF
MB FINANCIAL BANK, N.A. CHICAGO IL
:61:100511CD76803,99NTRFOBBCOCAFETERO//4328109131FF
BANCO CAFETERO INTERNATIONAL CORP 
:61:100511CD73674,00NTRFOBTREASPHILF//R-2177809131FF
TREAS PHIL FIN CTR NEW YORK NY    
:61:100511CD72118,00NTRFNONREF//2892300131JO
STREAMLINE FOODS INC BELLEVILLE ON
:61:100511CD65000,00NTRFNONREF//0292400131ES
ERMELINDO N MATEUS OR BARBARA SAN 
:61:100511CD60021,00NTRFNONREF//2895600131JO
STREAMLINE FOODS INC BELLEVILLE ON
:61:100511CD59985,00NTRFMT100511001876//5366800131FC
VICTOR IRIZARRI 0992020321        
:61:100511CD45000,00S202CA100510187914//1265800130JS
ROYAL BANK OF CANADA-PAYMENT CENTE
:61:100511CD44000,00S202CA100510285701//3209000131FS
ROYAL BANK OF CANADA-PAYMENT CENTE
:61:100511CD43264,80NTRFNONREF//2902700131JO
STREAMLINE FOODS INC BELLEVILLE ON
:61:100511CD42500,00S202C03D10126N01905//4014000126FS
BANQUE FEDERATIVE DU CREDIT STRASB
:61:100511CD40092,01NTRF2010051100025709//4074109131FF
PNC BANK, N.A. PITTSBURGH PA      
:61:100511CD39960,00NTRF131444554//6597500131FC
REPUBLIC METALS CORPORATION CORAL 
:61:100511CD38758,10S103NONREF//2569300127JS
ABN AMRO BANK N V HEAD OFFICE AMST
:61:100511CD37891,50S103NONREF//5582000127JS
ABN AMRO BANK N V HEAD OFFICE AMST
:61:100511CD35791,00NTRF131373160//2756700131FC
COMERCIAL RIBA FARRE S A BBVAID A5
:61:100511CD34985,00NTRF001738846//3131400131JO
US CENTRAL INT'L WIRES LENEXA KS 6
:62M:C100511USD11376043,76
-}{5:{CHK:F0BBDDAC812E}}{S:{SPD:}{COP:P}}${1:F21BNCRCRSJAXXX7981420028}{4:{177:1005190933}{451:0}}{1:F01BNCRCRSJAXXX7981420028}{2:O9501115100519CHASUS33AXXX87917658221005190916N}{3:{108:DDA05115410835}}{4:
:20:ST05110011186749
:25:001 1 186749
:28C:00090/00002
:60M:C100511USD11376043,76
:61:100511CD34230,88S103NONREF//0924600127JS
MARFIN POPULAR BANK HEAD OFFICE NI
:61:100511CD34230,88S103INV.06//0925800127JS
MARFIN POPULAR BANK HEAD OFFICE NI
:61:100511CD19985,00S103NONREF//R-6048200131JJ
J.P. MORGAN CLEARING CORP. BROOKLY
:61:100511CD17913,74NTRFOBBANCAINTESA//4663500131FC
M T O - MARCELLETTI TOUR OPERATOR 
:61:100511CD17327,00S202CA100510260630//2767800131FS
ROYAL BANK OF CANADA-PAYMENT CENTE
:61:100511CD15901,25NTRF131431177//6024000131FC
AMERICAN FLOWER GROUP INC MIAMI FL
:61:100511CD15845,00S103NONREF//2569400127JS
ABN AMRO BANK N V HEAD OFFICE AMST
:61:100511CD15571,62NTRFFTS1005102819900//0060500131FC
THE TOYBOX CHARITY MILTON KEYNES, 
:61:100511CD12971,50S103NONREF//6126100126FS
ABN AMRO BANK N V HEAD OFFICE AMST
:61:100511CD12952,75NTRFNONREF//1413900131ES
DON JUAN RESERVA CIGARS LLC HENDER
:61:100511CD12710,00S202CA100510160144//1240200130JS
ROYAL BANK OF CANADA-PAYMENT CENTE
:61:100511CD12300,00S103NONREF//0179100127JS
DEGUSSA BANK GMBH FRANKFURT AM MAI
:61:100511CD11600,00NTRFFTS1005077283600//0014900131FC
/LI7308812105015431000 TRIESEN    
:61:100511CD10000,00NTRFNONREF//0212600131ES
LAM FOODS INC QUEENS VILLAGE, NY 1
:61:100511CD10000,00NTRFNONREF//0378900131ES
OLIVIA'S BEST, INC MIAMI FL 33184-
:61:100511CD10000,00S2022010050700008740//2190100127JS
FORTIS BANK (NEDERLAND) N.V. AMSTE
:61:100511CD9985,00NTRFOBBKATLANTIC//1249609131FF
BANKATLANTIC MIAMI FL 33131       
:61:100511CD9861,88NTRFNONREF//1094700131ES
GMC IMPORTS CORP BARDONIA, NY 1095
:61:100511CD9822,60NTRFBI11164701310001//5110600131FC
RUBIN BROS PRODUCE CORP BRONX     
:61:100511CD8280,00NTRFOHIODOMINICAN//R-1033400131JO
OHIO DOMINICAN UNIVERSITY MAIN COL
:62M:C100511USD11677532,86
-}{5:{CHK:FDD16E346D18}}{S:{SPD:}{COP:P}}${1:F21BNCRCRSJAXXX7981420029}{4:{177:1005190933}{451:0}}{1:F01BNCRCRSJAXXX7981420029}{2:O9501115100519CHASUS33AXXX87917658231005190916N}{3:{108:DDA05115410836}}{4:
:20:ST05110011186749
:25:001 1 186749
:28C:00090/00003
:60M:C100511USD11677532,86
:61:100511CD8280,00NTRFNONREF//4228300131JO
US CENTRAL INT'L WIRES LENEXA KS 6
:61:100511CD7185,00S103NONREF//7033100131JS
BANK OF MOSCOW MOSCOW RUSSIAN FEDE
:61:100511CD7000,00NTRF2146180//6116400131FC
CANADIAN IMPERIAL BANK OF COMMERCE
:61:100511CD6569,07S2029404009OP5813315//0618400131FS
BANKINTER MADRID SPAIN            
:61:100511CD6000,00NTRF2010051100018886//2975409131FF
PNC BANK,NA PHILADELPHIA PA       
:61:100511CD5860,00NTRFCA100511046743//4947009131FF
THE BANK OF NOVA SCOTIA NEW YORK N
:61:100511CD5794,00S103NONREF//3959100131FS
CORP BANCA C A CARACAS VENEZUELA  
:61:100511CD5542,00S103NONREF//3958900131FS
CORP BANCA C A CARACAS VENEZUELA  
:61:100511CD5250,00S2020170260951009131//1043900131FS
WESTLB AG 40217 DUESSELDORF GERMAN
:61:100511CD5000,00S202CA100510303701//3384500131FS
ROYAL BANK OF CANADA-PAYMENT CENTE
:61:100511CD4985,00NTRFNONREF//4277500131JO
CONTINENTAL CURRENCY EXCHANGE INC 
:61:100511CD4965,50S103NONREF//2602000130JS
KOOKMIN BANK-SEOUL SEOUL KOREA REP
:61:100511CD4717,50S2023651660915561887//4483200127JS
BANCO DE SABADELL SABADELL (BARCEL
:61:100511CD4557,50S103NONREF//6462700131JS
ISRAEL DISCOUNT BANK LTD TEL AVIV 
:61:100511CD4500,00NTRF131387413//3675000131FC
DAVID Y OR KAY M BLACK AE         
:61:100511CD4050,00NTRF2010051100023999//4537809131FF
PNC BANK,NA PHILADELPHIA PA       
:61:100511CD4010,00NTRFNONREF//0339900131ES
LEE A PROSNIT AKA CHIPP PROSNIT NE
:61:100511CD3895,60S202IPOLVLO06908827//8167000131JS
NATIONAL WESTMINSTER BANK PLC LOND
:61:100511CD3870,00S103NONREF//3959000131FS
CORP BANCA C A CARACAS VENEZUELA  
:61:100511CD3826,30S103NONREF//3325600131FS
BANCO DE CREDITO DEL PERU LIMA LIM
:62M:C100511USD11783390,33
-}{5:{CHK:33B580885E6C}}{S:{SPD:}{COP:P}}${1:F21BNCRCRSJAXXX7981420030}{4:{177:1005190933}{451:0}}{1:F01BNCRCRSJAXXX7981420030}{2:O9501115100519CHASUS33AXXX87917658241005190916N}{3:{108:DDA05115410837}}{4:
:20:ST05110011186749
:25:001 1 186749
:28C:00090/00004
:60M:C100511USD11783390,33
:61:100511CD3559,10NTRFOBBCOBRASILN//1952200131EZ
BANCO DO BRASIL NEW YORK BENE D NE
:61:100511CD3520,00NTRFNONREF//0380400131ES
TERUMI MATTHEWS OR BRENT RICHARDSO
:61:100511CD3485,00NTRFTT11737813100001//6489200131FC
NURETTIN SABUNCU SINGER ISLAND FL 
:61:100511CD3465,00NTRF000000000117242//R-2716109131FF
HSBC BANK USA NEWARK DE 19713     
:61:100511CD3340,00S103NONREF//2416300131FS
BANCO POPULAR DE PUERTO RICO SAN J
:61:100511CD2810,00NTRFNONREF//1435800131JO
1ST NATIONAL BANK OF CHICKASHA CHI
:61:100511CD2810,00NTRFOBBANCAINTESA//4469700131FC
CORTI ZOOTECNICI SRL 21020 MONVALL
:61:100511CD2732,20NTRFOBNOVASAVINGS//3035509131FF
NOVA BANK PHILADELPHIA PA         
:61:100511CD2500,00NTRF2010051100025864//4503109131FF
PNC BANK, FUNDS CONTROL PITTSBURGH
:61:100511CD2485,00NTRFMT10131000151//3344309131FF
WHITNEY NATIONAL BANK NEW ORLEANS 
:61:100511CD2316,00NTRFMT100511001398//4344900131FC
GLOBAL OUTREACH MISSION           
:61:100511CD2000,00NTRFNONREF//0710800131ES
LUIS GOMEZ OR ALMA D ZARATE MISSIO
:61:100511CD1985,00NTRFOBMERCHANTSBU//0991109131FF
MERCHANTS BANK BURLINGTON VT 05402
:61:100511CD1985,00NTRFOBSDCNTYCUS//2388009131FF
SAN DIEGO COUNTY CREDIT UNION SAN 
:61:100511CD1955,00NTRF131310786//0485300131FC
UBC USD GENERAL VANCOUVER BC V6T1Z
:61:100511CD1600,00NTRFNONREF//0291600131ES
PEDRO J LOREDO OR MIRIAM M TORRES 
:61:100511CD1585,00NTRFMT10131000443//R-3616209131FF
CAPITAL ONE, N.A. NEW YORK NY     
:61:100511CD1500,00NTRF2010051100221356//6340700131FC
CANDIDA MATEO CAMPUCINO CURACAO N.
:61:100511CD1400,00NTRFNONREF//0554700131ES
LILLIAM M RODRIGUEZ STAMFORD, CT 0
:61:100511CD1390,00NTRFNONREF//1171200131ES
STAT MEDICAL CARE PC NEW YORK, NY 
:62M:C100511USD11831812,63
-}{5:{CHK:3FDB81181B3F}}{S:{SPD:}{COP:P}}${1:F21BNCRCRSJAXXX7981420032}{4:{177:1005190933}{451:0}}{1:F01BNCRCRSJAXXX7981420032}{2:O9501116100519CHASUS33AXXX87917658261005190916N}{3:{108:DDA05115410838}}{4:
:20:ST05110011186749
:25:001 1 186749
:28C:00090/00005
:60M:C100511USD11831812,63
:61:100511CD1350,00S202CA100510290492//2881000131FS
ROYAL BANK OF CANADA-PAYMENT CENTE
:61:100511CD1335,00NTRFOBFIDELITYBAN//2407709131FF
FIDELITY BANK DECATUR GA          
:61:100511CD1274,17NTRFBI11164701310002//5111700131FC
RUBIN BROS PRODUCE CORP BRONX     
:61:100511CD1200,00NTRF131371188//3222700131FC
RAMIREZ NABIL D LIPPINES PC 1100  
:61:100511CD1150,00NTRF2010051100018963//2860509131FF
PNC BANK, N.A. PITTSBURGH PA      
:61:100511CD1085,00NTRFMT10131000510//R-4120209131FF
CAPITAL ONE, N.A. NEW YORK NY     
:61:100511CD1000,00NTRF2010051100020297//4281209131FF
PNC BANK, NA PHILADELPHIA PITTSBUR
:61:100511CD917,20NTRFNONREF//3628800131JO
FREE METHODIST CHURCH INDIANAPOLIS
:61:1004280511CD805,00S2022010042700106689//1414500131ZU
OFAC LEGAL SUSP                   
:61:100511CD802,56S103NONREF//2041400127JS
NORDEA BANK OSLO 0107 OSLO - NORWA
:61:100511CD750,00NTRFNONREF//0023400131ES
SANDRA A MORALES OR RICARDO MORALE
:61:100511CD700,00S103NONREF//3890300131FS
BANCO DE VENEZUELA,SOC A CANEJO CA
:61:100511CD585,00NTRFNONREF//3144400131JO
US CENTRAL INT'L WIRES LENEXA KS 6
:61:100511CD559,00S103NONREF//1545600127JS
NORDDEUTSCHE LANDESBANK HANOVER GE
:61:100511CD500,00S103REGALOS//5983900131JS
FIRST INVESTMENT BANK LTD 1797 SOF
:61:100511CD485,00NTRFOBEASTERNBANK//R-3688009131FF
EASTERN BANK LYNN MA 01901        
:61:100511CD485,00NTRFOBEUROBANKPR//4242509131FF
EUROBANK SAN JUAN PUERTO RICO 0091
:61:100511CD436,00NTRFNONREF//8018900131JN
UN HABITAT HUMAN SETTLEMENTS NAIRO
:61:100511CD385,00S103NONREF//3760600131FS
SCOTIABANK INVERLAT SA MEXICO D.F.
:61:100511CD380,73NTRFMINO103101310214//6176000131FC
CAISSE CENTRALE DESJARDINS MONTREA
:62M:C100511USD11847997,29
-}{5:{CHK:5490849E1124}}{S:{SPD:}{COP:P}}${1:F21BNCRCRSJAXXX7981420033}{4:{177:1005190933}{451:0}}{1:F01BNCRCRSJAXXX7981420033}{2:O9501116100519CHASUS33AXXX87917658271005190916N}{3:{108:DDA05115410839}}{4:
:20:ST05110011186749
:25:001 1 186749
:28C:00090/00006
:60M:C100511USD11847997,29
:61:100511CD360,00S103NONREF//6326100130FS
BARCLAYS BANK SAE MADRID SPAIN    
:61:100511CD300,00NTRFNONREF//0277900131ES
DINAH L MASON OR JOHN S MASON SANT
:61:100511CD240,00NTRFNONREF//1348000131ES
AARON FARKAS OR CHARLOTTE BROOKLYN
:61:100511CD227,27NTRFOBBCOBRASILN//1953000131EZ
BANCO DO BRASIL NEW YORK BENE D NE
:61:100511CD200,00NTRFNONREF//0638300131ES
JOHN V HARRISON VIRGINIA J HARRISO
:61:100511CD180,00NTRFNONREF//0894900131ES
REBEKKA STAR AUERBACH OR ROB C LOU
:61:100511CD147,50S103NONREF//3903900131FS
BANCO BRADESCO SA NEW NOSTRO ACCT 
:61:100511CD138,00S202LETTEROFCREDIT//8459100127FS
CAJA DE AHORROS Y PENSIONES DE BAR
:61:100511CD135,00S103NONREF//3161300131FS
SCOTIABANK PERU S A A LIMA PERU 27
:61:100511CD100,00S202C03D10126N01963//4144900126FS
BANQUE FEDERATIVE DU CREDIT STRASB
:61:100511CD93,84NTRF001B00511MT08628//1883000131EZ
SOCIETE GENERALE NY - BENE-D BY NE
:61:100511CD85,00NTRFOP000500770//1489000131FC
BANK OF MONTREAL MONTREAL, CANADA 
:61:100511CD64,00NTRF205-12-0016270-O//2822700131FC
DEUTSCHE BANK AKTIENGESELLSCHAFT C
:61:100511DD5000000,00S200DRFLI-10-05-0525//3111300131FS
:61:100511DD116212,68S103803-06-0047990-O//2490900131FS
:61:100511DD97361,10S103208-06-1226135-O//2675700131FS
:61:100511DD71251,60S103208-06-1226402//3705600131FS
:61:100511DD41870,29S103205-06-2168332-O//3150000131FS
:61:100511DD41503,15S103208-06-1225911-O//2339100131FS
:61:100511DD41280,00S103205-06-2167949//1769100131FS
:61:100511DD36691,24S103208-06-1225993-O//2673600131FS
:61:100511DD35436,02S103208-06-1226046-O//2673700131FS
:61:100511DD35107,70S103037-06-0115076-O//3266900131FS
:61:100511DD33339,50S103208-06-1226769-O//3706700131FS
:62M:C100511USD6300214,62
-}{5:{CHK:D5E1F1463280}}{S:{SPD:}{COP:P}}${1:F21BNCRCRSJAXXX7981420035}{4:{177:1005190933}{451:0}}{1:F01BNCRCRSJAXXX7981420035}{2:O9501116100519CHASUS33AXXX87917658291005190916N}{3:{108:DDA05115410840}}{4:
:20:ST05110011186749
:25:001 1 186749
:28C:00090/00007
:60M:C100511USD6300214,62
:61:100511DD31661,45S103205-06-2168314-O//3149900131FS
:61:100511DD31027,00S103208-06-1225984-O//2673500131FS
:61:100511DD30000,00S103205-06-2168298//3149800131FS
:61:100511DD29230,26S103002-06-0198479//3651600131FS
:61:100511DD28000,00S103208-06-1226340//2677800131FS
:61:100511DD27090,00S103208-06-1226714//3706000131FS
:61:100511DD23280,00S103208-06-1225939//2671900131FS
:61:100511DD22862,80S103205-06-2167958//1573800131FS
:61:100511DD21081,60S103208-06-1226652//3705800131FS
:61:100511DD15603,78S103208-06-1226439-O//2502100131FS
:61:100511DD14159,09S103208-06-1225760//2671500131FS
:61:100511DD14077,61S103208-06-1226064//2675300131FS
:61:100511DD12954,00S103002-06-0198460//3651400131FS
:61:100511DD11974,00S103208-06-1226634//3705700131FS
:61:100511DD11834,76S103208-06-1226073//2675400131FS
:61:100511DD11240,40S103208-06-1225779-O//2671600131FS
:61:100511DD8616,39S103080-06-0173598-O//3813100131FS
:61:100511DD8526,11S103205-06-2167930//1769000131FS
:61:100511DD8000,00S103205-06-2168029//1768900131FS
:61:100511DD8000,00S103205-06-2167967-O//2360800131FS
:61:100511DD7577,00S103208-06-1226180-O//2676600131FS
:61:100511DD7200,00S103006-06-0078078//1649600130JS
:61:100511DD7003,23S103205-06-2167404//1368800130JS
:61:100511DD6934,98S103205-06-2167654-O//1538500130JS
:61:100511DD6500,00S103205-06-2167440-O//1368900130JS
:61:100511DD5228,88S103205-06-2168163//3151200131FS
:61:100511DD4700,00S103006-06-0078103//1574800131FS
:61:100511DD4359,98S103080-06-0173641//3813000131FS
:61:100511DD3833,00S103061-06-0060659-O//3465400131FS
:61:100511DD3584,00S103205-06-2167716//1461300130JS
:61:100511DD3000,00S103205-06-2167725//1586400130JS
:62M:C100511USD5871074,30
-}{5:{CHK:E58879DA9B6F}}{S:{SPD:}{COP:P}}${1:F21BNCRCRSJAXXX7981420038}{4:{177:1005190933}{451:0}}{1:F01BNCRCRSJAXXX7981420038}{2:O9501116100519CHASUS33AXXX87917658321005190916N}{3:{108:DDA05115410841}}{4:
:20:ST05110011186749
:25:001 1 186749
:28C:00090/00008
:60M:C100511USD5871074,30
:61:100511DD3000,00S103205-06-2168207//R-3151100131FS
:61:100511DD2970,00S103006-06-0078050//1649500130JS
:61:100511DD2900,00S103205-06-2167379//1538600130JS
:61:100511DD2580,25S103002-06-0198442-O//3651300131FS
:61:100511DD2565,86S103208-06-1226126//2675600131FS
:61:100511DD2515,00S103208-06-1226322-O//2339000131FS
:61:100511DD2258,64S103208-06-1225822-O//2360900131FS
:61:100511DD2205,28S103205-06-2168350//3458600131FS
:61:100511DD2118,64S103208-06-1226171//2675800131FS
:61:100511DD2035,59S103205-06-2168092//2502000131FS
:61:100511DD1967,73S103208-06-1225742//2671400131FS
:61:100511DD1944,00S103205-06-2168083//3150900131FS
:61:100511DD1890,00S103208-06-1226206//2676700131FS
:61:100511DD1846,51S103208-06-1225396-O//1174700130JS
:61:100511DD1699,00S103205-06-2167903//1573700131FS
:61:100511DD1329,20S103208-06-1226251-O//2677300131FS
:61:100511DD1252,08S103208-06-1226260-O//2677400131FS
:61:1005060511DD1054,13NMSC205-12-0015538//R-6434200131HH
BANK OF INDIA NEW YORK NY 10017-  
:61:100511DD978,00S103089-06-0012086-O//4250300131FS
:61:100511DD975,67S103208-06-1226705//3705900131FS
:61:1005100511DD805,00NMSC003-06-0029785//R-6010200130HH
FLAVIO ROMERO MIAMI, FL 331761227 
:61:100511DD624,00S103208-06-1225895//2671700131FS
:61:100511DD525,00S103208-06-1225902//2671800131FS
:61:100511DD461,25S103006-06-0078201-O//3802000131FS
:61:100511DD434,20S103061-06-0060640-O//3465300131FS
:61:100511DD246,85S103002-06-0198497-O//3651500131FS
:61:100511DD100,00S103087-06-0038408-O//3936300131FS
:62F:C100511USD5827792,42
:64:C100511USD5827792,42
-}{5:{CHK:201471CB9321}}{S:{SPD:}{COP:P}}${1:F21BNCRCRSJAXXX7981420036}{4:{177:1005190933}{451:0}}{1:F01BNCRCRSJAXXX7981420036}{2:O9501116100519CHASUS33AXXX87917658301005190916N}{3:{108:DDA05125418931}}{4:
:20:ST05120011186749
:25:001 1 186749
:28C:00091/00001
:60F:C100512USD5827792,42
:61:100512CD992575,51S202P86094732321//8768900132FR
JPMORGAN CHASE BANK NA - LONDON LO
:61:100512CD699985,00NTRFOBCITIBANKNYC//6483000132FC
1/MELLON KIDS FOUNDATION CALLE 51 
:61:100512CD414757,13S202P86094752321//8769100132FR
JPMORGAN CHASE BANK NA - LONDON LO
:61:100512CD94827,88S202P86094842321//8530400132FR
JPMORGAN CHASE BANK NA - LONDON LO
:61:100512CD93015,00S202EBANKGO34202364//9323600130FS
NATIONAL WESTMINSTER BANK PLC LOND
:61:100512CD74985,00NTRFNONREF//2327000132JO
US AIRWAYS INC PHOENIX AZ 85034-38
:61:100512CD73416,05NTRFOBMECHBKRICH//5042109132FF
MECHANICS BANK RICHMOND CA 94806- 
:61:100512CD70935,00NTRFTTS10-08010//3825509132FF
BANCO BILBAO VIZCAYA ARGENTARIA,SA
:61:100512CD69344,17S202P86094992321//8531000132FR
JPMORGAN CHASE BANK NA - LONDON LO
:61:100512CD66485,00NTRFNONREF//4174000132JO
US CENTRAL INT'L WIRES LENEXA KS 6
:61:100512CD62700,00S2022010051200011844//2518800132JS
FORTIS BANK (NEDERLAND) N.V. AMSTE
:61:100512CD55254,56NTRFGT03000086200052//4988500132FC
FLORIMEX BV AALSMEER,NETHERLANDS  
:61:100512CD53000,00S202CA100511305135//3833900131FS
ROYAL BANK OF CANADA-PAYMENT CENTE
:61:100512CD36052,00NTRFNONREF//0846800132ES
REDI FRESH PRODUCE INC ASTORIA NY 
:61:100512CD35461,00S103NONREF//8413100132FS
ABN AMRO BANK N V HEAD OFFICE AMST
:61:100512CD32669,00S103NONREF//8413200132FS
ABN AMRO BANK N V HEAD OFFICE AMST
:61:100512CD30645,00S103NONREF//8479100132FS
ABN AMRO BANK N V HEAD OFFICE AMST
:61:100512CD29985,00S103NONREF//R-4444500132FT
NATIONAL FINANCIAL SERVICES LLC BO
:61:100512CD29930,00S103NONREF//3568800132JS
ABU DHABI COMMERCIAL BANK ABU DHAB
:62M:C100512USD8843814,72
-}{5:{CHK:BD1317A954F4}}{S:{SPD:}{COP:P}}${1:F21BNCRCRSJAXXX7981420037}{4:{177:1005190933}{451:0}}{1:F01BNCRCRSJAXXX7981420037}{2:O9501116100519CHASUS33AXXX87917658311005190916N}{3:{108:DDA05125418932}}{4:
:20:ST05120011186749
:25:001 1 186749
:28C:00091/00002
:60M:C100512USD8843814,72
:61:100512CD25322,09NTRFNONREF//3159100131JO
HOLLAND AMERICA LINE PAYMASTER SEA
:61:100512CD22453,32S103NONREF//3146800131JS
NORDEA BANK, STOCKHOLM STOCKHOLM S
:61:100512CD22391,61NTRFOBBANCOSANTAN//4969509132FF
BANCO SANTANDER PUERTO RICO SAN JU
:61:100512CD22102,80NTRFR75359//6866900132FC
EMPRESAS MELO, S.A. (020) PANAMA, 
:61:100512CD21476,00NTRFOBCITZFLINT//0429609132FF
CITIZENS BANK FLINT MI 48502      
:61:100512CD21332,90NTRFGT03000086200053//4990400132FC
FLORIMEX BV AALSMEER,NETHERLANDS  
:61:100512CD20363,16S103NONREF//9575600132FS
ABN AMRO BANK N V HEAD OFFICE AMST
:61:100512CD19985,00NTRFOBFIRSTBKCOLO//2823709132FF
FIRST BANK OF WESTLAND LAKEWOOD CO
:61:100512CD19960,00NTRF132448232//6923700132FC
SOLUTIONS BEYOND LLC BOCA RATON FL
:61:100512CD17149,55S103NONREF//7251200130FS
FORTIS BANK (EX GENERALE BANK) BRU
:61:100512CD16165,00NTRFTGU81006229//5951700132FC
EXPORTADORA COSTA SUR S A DE C V U
:61:100512CD15010,00S202CA100511366828//4293300131FS
ROYAL BANK OF CANADA-PAYMENT CENTE
:61:100512CD15000,00NTRFNONREF//1065600132ES
ROBERT J WAS DBA WAS A DUMP RANCH 
:61:100512CD13485,00NTRFOBTOTALBANKMI//4632409132FF
TOTALBANK MIAMI FL 33245-0678     
:61:100512CD11790,00NTRF181789-48300//1569600132FC
BAYERISCHE LANDESBANK GIROZENTRALE
:61:100512CD11789,00S103NONREF//0562500132JS
ABN AMRO BANK N V HEAD OFFICE AMST
:61:100512CD11634,39S103NONREF//5915500132FS
BANK OF COMMUNICATIONS SHANGHAI SH
:61:100512CD10698,39NTRFOBGREATEASTER//3435709132FF
GREAT EASTERN BANK OF FLORIDA MIAM
:61:100512CD10000,00NTRFNONREF//0053200132ES
PETER LOPRESTI JR BLANCA LOPRESTI 
:61:100512CD10000,00NTRF100512500969//4039709132FF
COMERICA BANK DETROIT MI 48226-344
:62M:C100512USD9181922,93
-}{5:{CHK:2ACDAA3D94B8}}{S:{SPD:}{COP:P}}${1:F21BNCRCRSJAXXX7981420039}{4:{177:1005190933}{451:0}}{1:F01BNCRCRSJAXXX7981420039}{2:O9501116100519CHASUS33AXXX87917658331005190916N}{3:{108:DDA05125418934}}{4:
:20:ST05120011186749
:25:001 1 186749
:28C:00091/00004
:60M:C100512USD9327932,08
:61:100512CD4133,50NTRF2803310//6483500132FC
CANADIAN IMPERIAL BANK OF COMMERCE
:61:100512CD4000,00NTRFNONREF//0016500132ES
RONALD KING CHANUTE KS 66720-     
:61:100512CD3900,00NTRF2010051200003580//3070109132FF
M AND I MARSHALL AND ILSLEY BANK M
:61:100512CD3898,39NTRF132451798//5158209132FF
HSBC BANK USA NEWARK DE 19713     
:61:100512CD3615,00NTRFOBPACIFICCAP//3501609132FF
SANTA BARBARA BK TR SANTA BARBARA 
:61:100512CD3455,00NTRFNONREF//0016900132ES
MARLA G MOORE OR JAMIANNE MOORE GL
:61:100512CD3035,00NTRFOBPACIFICCAP//5170609132FF
SANTA BARBARA BK TR SANTA BARBARA 
:61:100512CD3001,00NTRFF60510087942000//0711400132FC
1/MME POUGNAND GILLIAN 3/FR/95110 
:61:100512CD3000,00NTRFNONREF//0445300132ES
AL GOODMAN WILMETTE, IL 60091     
:61:100512CD3000,00NTRF2010051200015118//2180209132FF
PNC BANK, N.A. PITTSBURGH PA      
:61:100512CD2909,40S103NONREF//9300600130FS
ABN AMRO BANK N V HEAD OFFICE AMST
:61:100512CD2836,00S103NONREF//7819500130FS
ABN AMRO BANK N V HEAD OFFICE AMST
:61:100512CD2598,00NTRFCA100512045873//5363009132FF
THE BANK OF NOVA SCOTIA NEW YORK N
:61:100512CD2500,00NTRFNONREF//0923100132ES
ESTEBAN CHAVES OR MIRIAM LOPEZ BOY
:61:100512CD2385,00NTRFNONREF//3200200132JO
US CENTRAL INT'L WIRES LENEXA KS 6
:61:100512CD2128,62NTRFNONREF//1600700132JO
ROANOKE TRADE SERVICES INC SCHAUMB
:61:100512CD2000,00NTRFMINO103101320011//4881600132FC
CAISSE CENTRALE DESJARDINS MONTREA
:61:100512CD2000,00NTRFCA100512033078//6517500132FC
B N S INTL BKG DIV.TORONTO TORONTO
:61:100512CD1985,00NTRFEVELYN//2897209132FF
MERCANTIL COMMERCEBANK, N.A. MIAMI
:61:100512CD1965,44S202P86249342321//8254400132FR
JPMORGAN CHASE BANK NA - LONDON LO
:62M:C100512USD9386277,43
-}{5:{CHK:526BAF5A67B7}}{S:{SPD:}{COP:P}}${1:F21BNCRCRSJAXXX7981420040}{4:{177:1005190934}{451:0}}{1:F01BNCRCRSJAXXX7981420040}{2:O9501116100519CHASUS33AXXX87917658341005190916N}{3:{108:DDA05125418935}}{4:
:20:ST05120011186749
:25:001 1 186749
:28C:00091/00005
:60M:C100512USD9386277,43
:61:100512CD1965,00NTRF132450459//6970800132FC
DAVENPORT AND COMPANY LLC RICHMOND
:61:100512CD1808,79S2023651660915600683//7617600130FS
BANCO DE SABADELL SABADELL (BARCEL
:61:100512CD1800,00NTRFNONREF//0608000132ES
GWENDOLYN A LEE OR MOHAMMED A TORK
:61:100512CD1785,00S103NONREF//1606300132JS
BBVA COLOMBIA BOGOTA COLOMBIA 0000
:61:100512CD1735,00NTRFNONREF//3526200132JO
OANDA CORP CUSTOMER FUNDS TORONTO 
:61:100512CD1700,00NTRFNONREF//0256400132ES
STAT MEDICAL CARE PC NEW YORK, NY 
:61:100512CD1666,00NTRFMINO103101320084//5577000132FC
CAISSE CENTRALE DESJARDINS MONTREA
:61:100512CD1526,00S2022010051000017241//9731000130FS
FORTIS BANK (NEDERLAND) N.V. AMSTE
:61:100512CD1495,00NTRFNONREF//3202100132JO
US CENTRAL INT'L WIRES LENEXA KS 6
:61:100512CD1475,00NTRF132449861//6953400132FC
TRINA LANGE STIDD JENSEN BEACH, FL
:61:100512CD1435,00NTRF000000690//2446509132FF
WELLS FARGO BANK SAN FRANCISCO CA 
:61:100512CD1425,00NTRF2010051000084140//0348300132FC
NETDISH S.P.A 35129 PADOVA PD     
:61:100512CD1260,00NTRFNONREF//0492800132ES
JENNIFER A VONDENSTEIN OR ERIC N L
:61:100512CD1061,50NTRF6252070131896850//0385300132FC
TOMAS GONZALEZ HERRERA BBVAID 0457
:61:100512CD975,00NTRFMINO103101320126//5825800132FC
CAISSE CENTRALE DESJARDINS MONTREA
:61:100512CD952,03S103NONREF//0608900130FS
ABN AMRO BANK N V HEAD OFFICE AMST
:61:100512CD900,00S202CA100511408331//5373700132JS
ROYAL BANK OF CANADA-PAYMENT CENTE
:61:100512CD735,00NTRFOBUNIVFCUAUS//1952809132FF
UNIVERSITY FEDERAL CREDIT UNION AU
:61:100512CD711,00NTRFNONREF//0588600132JO
GE SEACO SRL LONDON COLLECTION ACC
:61:100512CD700,00S202CA100511407601//3465700131FS
ROYAL BANK OF CANADA-PAYMENT CENTE
:62M:C100512USD9413387,75
-}{5:{CHK:EFDE0D652654}}{S:{SPD:}{COP:P}}${1:F21BNCRCRSJAXXX7981420041}{4:{177:1005190934}{451:0}}{1:F01BNCRCRSJAXXX7981420041}{2:O9501116100519CHASUS33AXXX87917658351005190916N}{3:{108:DDA05125418936}}{4:
:20:ST05120011186749
:25:001 1 186749
:28C:00091/00006
:60M:C100512USD9413387,75
:61:100512CD635,00NTRFOBFIRSTBKCOLO//1529809132FF
FIRST BANK OF WESTLAND LAKEWOOD CO
:61:100512CD565,00S103NONREF//4490300131FS
ST GEORGE BANK LTD SYDNEY AUSTRALI
:61:100512CD552,00S202I20D10127F64677//1580100130FS
BANQUE FEDERATIVE DU CREDIT STRASB
:61:100512CD400,75NTRFNONREF//8030900132JN
UNITED NATIONS OFFICE AT GENEVA GE
:61:100512CD358,81NTRF205-12-0016519-0//3061400132FC
CBC BANQUE S.A. BELGIUM           
:61:100512CD300,00NTRF2010051200005006//4996609132FF
M AND I MARSHALL AND ILSLEY BANK M
:61:100512CD285,00NTRFOBUNITEDCOOP//2704809132FF
UNITED COOPERATIVE BANK WEST SPRIN
:61:100512CD285,00S103NONREF//3763900130FS
ING BELGIUM SANV B-1040 BRUSSELS B
:61:100512CD250,00NTRFNONREF//0032000132ES
ALEJANDRO J GONZALEZ MIDLOTHIAN, I
:61:100512CD247,53NTRFNONREF//0971600132ES
RITA L STANFIELD CHICAGO, IL 60647
:61:100512CD242,61NTRF132402934//4816600132FC
TEKNIK TRADING INC MIAMI FL 33172-
:61:100512CD240,72NTRFNONREF//8031200132JN
UNITED NATIONS OFFICE AT GENEVA GE
:61:100512CD205,26S103NONREF//3012700131JS
NORDEA BANK, STOCKHOLM STOCKHOLM S
:61:100512CD192,07S202CA100511431025//3874800131FS
ROYAL BANK OF CANADA-PAYMENT CENTE
:61:100512CD175,00NTRFCA100512040625//6966700132FC
B N S INTL BKG DIV.TORONTO TORONTO
:61:100512CD90,00S202EBANKGO34202482//9408400130FS
NATIONAL WESTMINSTER BANK PLC LOND
:61:100512CD85,00S103NONREF//8960900129JS
ABN AMRO BANK N V HEAD OFFICE AMST
:61:100512CD74,00NTRFNONREF//0564800132JO
GE SEACO SRL LONDON COLLECTION ACC
:61:100512DD276852,34S103208-06-1227072//6323500132JS
:61:100512DD266378,00S103095-06-0084866-O//6317900132JS
:61:100512DD196745,00S103205-06-2170356//6328100132JS
:62M:C100512USD8678596,16
-}{5:{CHK:520CEF155419}}{S:{SPD:}{COP:P}}${1:F21BNCRCRSJAXXX7981420042}{4:{177:1005190934}{451:0}}{1:F01BNCRCRSJAXXX7981420042}{2:O9501116100519CHASUS33AXXX87917658361005190916N}{3:{108:DDA05125418938}}{4:
:20:ST05120011186749
:25:001 1 186749
:28C:00091/00008
:60M:C100512USD7851797,44
:61:100512DD8053,25S103208-06-1227125-O//4249100131FS
:61:100512DD7500,00S103208-06-1227287//6692800132JS
:61:100512DD6650,00S103084-06-0059245-O//5840900132JS
:61:100512DD6620,30S103205-06-2169457//5839400132JS
:61:100512DD6500,00S103205-06-2169386//5839200132JS
:61:100512DD6240,99S103006-06-0078229//6807700132JS
:61:100512DD6240,98S103006-06-0078247//6807800132JS
:61:100512DD6124,80S202205-03-0061239-O//6095600132JS
:61:100512DD6072,00S202205-03-0061060-O//6095700132JS
:61:100512DD6072,00S202205-03-0061033-O//6095800132JS
:61:100512DD6000,00S103205-06-2169885-O//6325100132JS
:61:100512DD5966,82S103089-06-0012095-P//4250900131FS
:61:100512DD5500,00S103037-06-0115209//6096400132JS
:61:100512DD5500,00S103095-06-0084857//6317800132JS
:61:100512DD5000,00S103205-06-2169723//5842900132JS
:61:100512DD4752,00S103205-06-2169313//R-5839300132JS
:61:100512DD4535,00S103137-06-0091313//6624800132JS
:61:100512DD4326,99S103205-06-2169377//R-5838800132JS
:61:100512DD4201,00S103208-06-1227107-O//6323600132JS
:61:100512DD4140,00S103205-06-2169849//5842400132JS
:61:100512DD4000,00S103208-06-1227241//6691600132JS
:61:100512DD3689,12S103047-06-0056823//6624600132JS
:61:1005110512DD3481,10S202205-04-0031299//6716100132JS
:61:100512DD3472,20S103205-06-2169732//5842500132JS
:61:100512DD3190,00S103205-06-2170070//6327900132JS
:61:100512DD3115,00S103205-06-2168911//3943900131FS
:61:100512DD3070,00S103205-06-2169858//6329200132JS
:61:100512DD3050,00S103205-06-2169741-O//5842800132JS
:61:100512DD2682,10S103208-06-1227269//6691700132JS
:61:100512DD2600,00S103205-06-2169965//6096600132JS
:61:100512DD2380,00S103006-06-0078256//6807900132JS
:61:100512DD2000,00S103002-06-0198521//5697100132JS
:62M:C100512USD7699071,79
-}{5:{CHK:FA55413D4F74}}{S:{SPD:}{COP:P}}${1:F21BNCRCRSJAXXX7981420043}{4:{177:1005190934}{451:0}}{1:F01BNCRCRSJAXXX7981420043}{2:O9501116100519CHASUS33AXXX87917658371005190916N}{3:{108:DDA05125418933}}{4:
:20:ST05120011186749
:25:001 1 186749
:28C:00091/00003
:60M:C100512USD9181922,93
:61:100512CD9990,00NTRFCA100512040622//5294309132FF
THE BANK OF NOVA SCOTIA NEW YORK N
:61:100512CD9985,00NTRFOBTHEPARKBAN//2354709132FF
PARK BANK MADISON WI 53713        
:61:100512CD9985,00S103NONREF//5470000132FS
BANK JULIUS BAER CO LTD CH-8010 ZU
:61:100512CD9955,00S202205-140029594//5933500132JS
THE BANK OF NOVA SCOTIA PANAMA PAN
:61:100512CD9885,00NTRFNONREF//3194400132JO
US CENTRAL INT'L WIRES LENEXA KS 6
:61:100512CD8000,00NTRFNONREF//0299300132ES
KULA YOGA PROJECT INC NEW YORK NY 
:61:100512CD7963,24NTRFNONREF//3157800131JO
HOLLAND AMERICA LINE PAYMASTER SEA
:61:100512CD7515,00NTRF132419491//5777900132FC
ARIEL ALBERTO SANGUINETTI ALEXANDR
:61:100512CD7007,00S2023651660915600016//7581700130FS
BANCO DE SABADELL SABADELL (BARCEL
:61:100512CD6985,00NTRFNONREF//1167700132ES
GISELE BUNDCHEN OPERATING ACCOUNT 
:61:100512CD6737,00S103NONREF//5771700132JS
BAC INTERNATIONAL BANK INC PANAMA 
:61:100512CD6669,32NTRF2010051200006860//6589200132FC
QUINLAN-WASSERMAN INC BOSTON MA 02
:61:100512CD6490,95S103NONREF//1682900130FS
NORDEA BANK OSLO 0107 OSLO - NORWA
:61:100512CD6426,20NTRF132422007//5825400132FC
EDEN FLORAL FARMS INC MIAMI FL 331
:61:100512CD6178,91NTRF20100512D000643//6848100132FC
MORGAN PRICE AND CO INC MIRAMAR FL
:61:100512CD6050,00NTRFNONREF//1267900132ES
ELENICE AVILA SENN DBA KELEA SURF 
:61:100512CD6010,00NTRFNONREF//0918500132ES
MARITZA R GUTIERREZ WILDOMAR, CA 9
:61:100512CD5000,00NTRF2010051200009909//1401309132FF
PNC BANK,NA PHILADELPHIA PA       
:61:100512CD4985,00S103NONREF//5472200132FS
BANK JULIUS BAER CO LTD CH-8010 ZU
:61:100512CD4191,53NMSCCPCS-825488//0825488012LC
CPCS825488 YOURREF CPCS-825488    
:62M:C100512USD9327932,08
-}{5:{CHK:3B9F0D7AD944}}{S:{SPD:}{COP:P}}${1:F21BNCRCRSJAXXX7981420044}{4:{177:1005190934}{451:0}}{1:F01BNCRCRSJAXXX7981420044}{2:O9501116100519CHASUS33AXXX87917658381005190916N}{3:{108:DDA05125418939}}{4:
:20:ST05120011186749
:25:001 1 186749
:28C:00091/00009
:60M:C100512USD7699071,79
:61:100512DD1975,45S103208-06-1227759//6693900132JS
:61:100512DD1727,00S103208-06-1227740-O//6693800132JS
:61:100512DD1700,00S103205-06-2170178//6319300132JS
:61:100512DD1604,20S103205-06-2169812-O//6325200132JS
:61:100512DD1378,00S103205-06-2170285-O//6324200132JS
:61:100512DD1258,00S103208-06-1227018//6323400132JS
:61:100512DD1225,00S103208-06-1226849//6320000132JS
:61:100512DD1215,00S103208-06-1227535-O//6095100132JS
:61:100512DD1207,62S103002-06-0198594-O//6774200132JS
:61:100512DD1200,80S103208-06-1226803//6322400132JS
:61:100512DD1000,00S103205-06-2168993//4013600131FS
:61:100512DD1000,00S103084-06-0059263//6774100132JS
:61:100512DD978,00S103205-06-2169830//5842200132JS
:61:100512DD825,00S103084-06-0059218//5841000132JS
:61:100512DD799,96S103208-06-1226867//6322100132JS
:61:100512DD596,59S103089-06-0012139//6987000132JS
:61:100512DD558,10S103205-06-2168742//3944000131FS
:61:100512DD500,00S103205-06-2168715//3881400131FS
:62F:C100512USD7678323,07
:64:C100512USD7678323,07
-}{5:{CHK:DD596E8E58BC}}{S:{SPD:}{COP:P}}${1:F21BNCRCRSJAXXX7981420045}{4:{177:1005190934}{451:0}}{1:F01BNCRCRSJAXXX7981420045}{2:O9501116100519CHASUS33AXXX87917658391005190916N}{3:{108:DDA05125418937}}{4:
:20:ST05120011186749
:25:001 1 186749
:28C:00091/00007
:60M:C100512USD8678596,16
:61:100512DD85354,06S103208-06-1227312//6692900132JS
:61:100512DD75088,08S103092-06-0043100//7008800132JS
:61:100512DD60247,00S103208-06-1227802-O//6694100132JS
:61:100512DD59600,00S103205-06-2169821//6328000132JS
:61:100512DD50000,00S103208-06-1226894//6322300132JS
:61:100512DD42900,15S103208-06-1227081-O//4249200131FS
:61:100512DD30000,00S103205-06-2168868//3944300131FS
:61:100512DD29284,00S103208-06-1227045-O//3973500131FS
:61:100512DD29033,25S103205-06-2169634-O//5839900132JS
:61:100512DD28282,88S103205-06-2169689//6329100132JS
:61:100512DD27641,50S103205-06-2169260//5838700132JS
:61:100512DD25000,00S103208-06-1227223//6691500132JS
:61:100512DD23790,00S103002-06-0198512//5697000132JS
:61:100512DD22407,00S103205-06-2168877//3973400131FS
:61:100512DD22200,00S103208-06-1227642-O//6324300132JS
:61:100512DD20162,50S103084-06-0059227//5841100132JS
:61:100512DD18957,89S103205-06-2169466//5837400132JS
:61:100512DD18816,18S103208-06-1227198//6323700132JS
:61:100512DD16000,00S103205-06-2169590//6327800132JS
:61:100512DD15900,24S103208-06-1227697-O//6693700132JS
:61:100512DD13769,00S103208-06-1226901//6322500132JS
:61:100512DD13769,00S103208-06-1226910//6322600132JS
:61:100512DD13695,00S103205-06-2169938-O//6325000132JS
:61:100512DD12833,65S103208-06-1227278-O//6691800132JS
:61:100512DD12300,00S103205-06-2168957-O//5694400132JS
:61:100512DD11967,34S103205-06-2170640//6716300132JS
:61:100512DD10050,00S103208-06-1226885//6322200132JS
:61:100512DD10000,00S103080-06-0173614-O//6715000132JS
:61:100512DD9500,00S103037-06-0115129//6095900132JS
:61:100512DD9500,00S103047-06-0056832//6624700132JS
:61:100512DD8750,00S103037-06-0115174-O//6096300132JS
:62M:C100512USD7851797,44
-}{5:{CHK:2C0505536257}}{S:{SPD:}{COP:P}}