{1:F21BNCRCRSJAXXX8279550671}{4:{177:1101260744}{451:0}}{1:F01BNCRCRSJAXXX8279550671}{2:O9400307110126CHASUS33EXXX19674201381101260740N}{3:{108:DDA01255420061}}{4:
:20:MT940/012511/001
:25:935755744
:28C:00004/00001
:60F:C110124USD126180,00
:62F:C110125USD126180,00
:64:C110125USD126180,00
:86:CHECK SUBTOTAL 0USD0,00
DBT SUM 0USD0,00 DBT LIMIT USD0,
CDT SUM 0USD0,00 CDT LIMIT USD0,
-}{5:{CHK:0F494E70AFFF}{DLM:}}{S:{SPD:}{COP:P}}${1:F21BNCRCRSJAXXX8279550619}{4:{177:1101260742}{451:0}}{1:F01BNCRCRSJAXXX8279550619}{2:O9400122110126CITIUS33GXXX15065661291101260738N}{3:{108:000822EK93621OPS}}{4:
:20:0034
:25:10923167/ATT:ENRIQUE UMANA
:28C:765/0025
:60M:C110125USD65181515,20
:61:1101251025DD190315,41S103080-06-0188500-O//S0610251A03C01
S F/O GRAN TV, S.A.
:86:CANCELA FACTURA DE PUBLICIDAD 467 470 LESS CHARGES
BNF:0080000028 GRAN TV, S.A.
ORD:PUBLIMARK S.A.
TERESITA 150 ESTE Y 50 NORTE BANCO NACIONAL DE COSTA RICA
:61:110125DD3450000,00NTRFMSC//AP031102595060
ACT TRANSFER TO   ACCT 36076736
:86:BANCO NACIONAL DE COSTA RICA
:61:110125DD6425750,00S202DSIC-053-2011//S06102515C9201
S F/O 11671
:86:COMPRA DE BONO A FAVOR DECLIENTE POPULAR PENSIONES NUMERO11671 D
EL BNCR
BNF:11671
ORD:BANCO NACIONAL DE COSTA RICA
5055 SAN JOSE COSTA RICA
:61:110125DD10000000,00S202DRFLI-11-01-0125//S0610251877001
S F/O 1510200023
:86:BNF:1510200023
ORD:BANCO NACIONAL DE COSTA RICA
5055 SAN JOSE COSTA RICA
:61:110125DD45000000,00NTRFBNCRSJ0018CITI33//G0110253034101
S F/O FI IBF FUNDING NY
:86:BNF:36047943 CITIBANK IBF FI ACCOUNT
ORD:FI IBF FUNDING NY
CITIBANK N.A.
:62F:C110125USD115449,79
:64:C110125USD115449,79
-}{5:{CHK:6AED7D308D2D}{DLM:}}{S:{SPD:}{COP:P}}${1:F21BNCRCRSJAXXX8279550618}{4:{177:1101260742}{451:0}}{1:F01BNCRCRSJAXXX8279550618}{2:O9400122110126CITIUS33HXXX15010742571101260738N}{3:{108:000822EK93571OPS}}{4:
:20:0034
:25:10923167/ATT:ENRIQUE UMANA
:28C:765/0023
:60M:C110125USD65852810,71
:61:110125DD30000,00S103205-06-2380209-O//S061025138E001
S F/O TECNOLOGIA INDUSTRIAL DE
:86:ABONO A CTA LESS CHARGES
BNF:00158007902 TECNOLOGIA INDUSTRIAL DE
ORD:EUROFERTIL SA
COCO FTE ANTIGUO RADAR COSTA R BANCO NACIONAL DE COSTA RICA
:61:110125DD30000,00S103208-06-1460032-O//S0610251496301
S F/O NICOLETTA NOVIELLI
:86:PARA INVERSION PERSONAL TRASPASO DE FONDOS LESS CHARGES
BNF:3000005950 NICOLETTA NOVIELLI
ORD:SAMA INTERNACIONAL
DE LA CONTRALORIA BANCO NACIONAL DE COSTA RICA
:61:110125DD37193,79S202205-03-0065342//S061025138F901
S F/O BBDEBRSPBHE
:86:LESS CHARGES
BNF:BBDEBRSPBHE
ORD:BANCO NACIONAL DE COSTA RICA
5055 SAN JOSE COSTA RICA
:61:110125DD37319,88S103080-06-0188485//S0610251A03B01
S F/O PANELES ARAUCO SA
:86:CANCELACION FACTURA 68444 LESS CHARGES
ORD:FORESTALES LATINOAMERICANOS S.A.
ANGEL 300 SUR BANCO NACIONAL DE COSTA RICA
:61:110125DD38379,15S103037-06-0130923-O//S06102516F7001
S F/O PETROLEUM EXPORTERS INC
:86:CANCELACION DE FACTURA 2010-177 LESS CHARGES
BNF:174233865 PETROLEUM EXPORTERS INC
ORD:IMPORTADORA QUIGO S.A.
DE REX INTERNACIONAL BANCO NACIONAL DE COSTA RICA
:61:110125DD38738,70S103208-06-1461040-O//S0610251929301
S F/O MEXICHEM COMPUESTOS SA DE C
:86:PAGO DE FACTURA FCE0001404 DE PRODUCTOS PLASTICOS SIRENA SAN JOS
E COSTA RICA LESS CHARGES
ORD:PRODUCTOS PLASTICOS SIRENA S.A.
SAN JOSE, COSTA RICA. BANCO NACIONAL DE COSTA RICA
:62M:C110125USD65641179,19
-}{5:{CHK:EE14A740A5E9}{DLM:}}{S:{SPD:}{COP:P}}${1:F21BNCRCRSJAXXX8279550617}{4:{177:1101260742}{451:0}}{1:F01BNCRCRSJAXXX8279550617}{2:O9400122110126CITIUS33FXXX14915391301101260738N}{3:{108:000822EK93411OPS}}{4:
:20:0034
:25:10923167/ATT:ENRIQUE UMANA
:28C:765/0015
:60M:C110125USD1024024,00
:61:110125CD1200000,00S202P7225029 232 1//C0010254137701
B/O JPMORGAN CHASE BANK
:86:BNF:BNCRCRSJXXX BANCO NACIONAL DE COSTA RICA
ORD:JPMORGAN CHASE BANK
LONDON EC3, ENGLAND JPMORGAN CHASE BANK
:61:110125CD1500000,00S202P7225031 232 1//C0010254137101
B/O JPMORGAN CHASE BANK
:86:BNF:BNCRCRSJXXX BANCO NACIONAL DE COSTA RICA
ORD:JPMORGAN CHASE BANK
LONDON EC3, ENGLAND JPMORGAN CHASE BANK
:61:110125CD3400000,00S202NONREF//G1610250001601
DET:REVERSAL OF PREV DAY SWEEP
:86:REVERSAL OF PREVIOUS DAY SWEEPINTEREST PAYMENT TO FOLLOW
BNF:BNCRCRSJXXX BANCO NACIONAL DE COSTA RICA
ORD:AUTOMATED CASH TRNSFR
CITIBANK HEAD OFFICE FI ACCOUN
:61:110125CD59000295,00S202BNCRSJ0018CITI33//G0110250768701
B/O FI IBF FUNDING NY
:86:BNF:BNCRCRSJXXX BANCO NACIONAL DE COSTA RICA
ORD:FI IBF FUNDING NY
CITIBANK N.A.
:61:110125DD20,00NTRF208-06-1460158-O//G1110251719401
S F/O FVT COMM ACC
:86:PAGO NOV 10 CHARGE OUR FUNDING RE: PYMT ORD FOR USD .900.00 REF
  S0610251719401 OF 25 JANUARY 2011
ORD:BANCO NACIONAL DE COSTA RICA
5055 SAN JOSE COSTA RICA
:61:110125DD20,00NTRF047-06-0061577//G11102519C8701
S F/O FVT COMM ACC
:86:PAGO DE IMPUESTOS POR DESALMACENAJEDE CONTENEDOR CHARGE OUR FUND
ING RE: PYMT ORD FOR USD .6000.00 REF : S06102519C8701 OF 25 JAN
ORD:BANCO NACIONAL DE COSTA RICA
5055 SAN JOSE COSTA RICA
:62M:C110125USD66124279,00
-}{5:{CHK:81A1ADAB5D42}{DLM:}}{S:{SPD:}{COP:P}}${1:F21BNCRCRSJAXXX8279550616}{4:{177:1101260742}{451:0}}{1:F01BNCRCRSJAXXX8279550616}{2:O9400122110126CITIUS33AXXX87705478051101260738N}{3:{108:000822EK93535OPS}}{4:
:20:0034
:25:10923167/ATT:ENRIQUE UMANA
:28C:765/0021
:60M:C110125USD66039395,32
:61:110125DD10000,00S103020-06-0017840-O//S0610251866D01
S F/O COOPER HORSE INC
:86:PAGO DE HIPOTECA LESS CHARGES
BNF:2520050598 COOPER HORSE INC
ORD:CENTRO TURIST EL CENIZARO EL JOBO
BANCO DE COSTA RICA MADERAS EL BANCO NACIONAL DE COSTA RICA
:61:110125DD10000,00S103084-06-0066460//S06102519C8101
S F/O RODRIGO MOLINA ORTEGA Y ASO
:86:COMPRA DE MUEBLES PANAMA LESS CHARGES
BNF:0301010647936 RODRIGO MOLINA ORTEGA Y ASOCIADOS
ORD:GEOINTER COSTA RICA S.A.
SANTA ANA COSTA RICA BANCO NACIONAL DE COSTA RICA
:61:110125DD11000,00S103208-06-1460210-O//S0610251929201
S F/O ESPN INC
:86:CANC FACT 477060 NOV 10 ESPN ESPN 2
BNF:1235365322 ESPN INC
ORD:CABLE VISION DE COSTA RICA S.A.
SAN JOSE, COSTA RICA BANCO NACIONAL DE COSTA RICA
:61:110125DD11959,78S103208-06-1461282//S061025186C801
S F/O SITRAIBANA
:86:CONVENIO DE COLABORACION ISCODCOSIBA CR LESS CHARGES
BNF:13101230646 SITRAIBANA
ORD:RAMON FAUSTO BARRANTES CASCANTE
ORQUETAS LA VICTORIA DETRAS DE BANCO NACIONAL DE COSTA RICA
:61:110125DD12000,00S103061-06-0066029//S0610251866A01
S F/O MONICA ESPINOZA ARMIJOS
:86:TRASPASO DE FONDOS LESS CHARGES
BNF:27384241 MONICA ESPINOZA ARMIJOS
ORD:JOSE VICENTE MINUCHE KUONTAY
LLORENTE SAN JOSE BANCO NACIONAL DE COSTA RICA
:61:110125DD13000,00S103205-06-2380316-O//S061025138DE01
S F/O ESMO INTERNATIONAL S A
:86:SEGUNDO ABONO PARCIAL LESS CHARGES
BNF:21704 ESMO INTERNATIONAL S A
ORD:PACIFIC SEVENTY TWO CORP S A
COLEGIO BLUE VALLEY SAN JOSE C BANCO NACIONAL DE COSTA RICA
:62M:C110125USD65971435,54
-}{5:{CHK:E4D4932F2FA1}{DLM:}}{S:{SPD:}{COP:P}}${1:F21BNCRCRSJAXXX8279550615}{4:{177:1101260742}{451:0}}{1:F01BNCRCRSJAXXX8279550615}{2:O9400122110126CITIUS33DXXX17587861481101260738N}{3:{108:000822EK93495OPS}}{4:
:20:0034
:25:10923167/ATT:ENRIQUE UMANA
:28C:765/0019
:60M:C110125USD66101451,77
:61:110125DD3283,11S103208-06-1461184-O//S061025192A201
S F/O COLTENE WHALEDENT
:86:CANCELA FACTS 1276290
BNF:5337017353 COLTENE WHALEDENT
ORD:CARLOS IZQUIERDO Y CIA S.A.
DEL SUR, SAN JOSE BANCO NACIONAL DE COSTA RICA
:61:110125DD3444,43S103080-06-0188458//S0610251A03001
S F/O CENTRALTEX, S.A.
:86:PAYMENT INVOICE LESS CHARGES
BNF:01526206841 CENTRALTEX, S.A.
ORD:DLCA Y ASOCIADOS, S.A.
REAL LOCAL 28 BANCO NACIONAL DE COSTA RICA
:61:110125DD4505,00S103006-06-0089841//S06102419EFF01
S F/O STRUCTURALIA CHILE LTDA
:86:CANCELACION FINAL DE MAESTRIA MBA EOI. LESS CHARGES
BNF:970470622 STRUCTURALIA CHILE LTDA
ORD:ESTEBAN FERNANDO NUNEZ SUAREZ
CR ALAJUELA GRECIA SAN ISIDRO BANCO NACIONAL DE COSTA RICA
:61:110125DD4555,00S103037-06-0130905//S061025199C001
S F/O AGROINPER SA
:86:CANCELA 180 CAJAS DE ESPARRAGOS A 25 DOLARES CADA UNA DOS EMBARQ
UES LESS CHARGES
BNF:1930203809185 AGROINPER SA
ORD:AUGUSTO INCER ARIAS
TERCERA ENTRADA 400 SUR Y 50 O BANCO NACIONAL DE COSTA RICA
:61:110125DD5476,49S103208-06-1458955-O//S0610251636001
S F/O ANTARTIKA RREFRIGERACIO, S.
:86:FACTURAS 8121-8065-8066 GRUPO INTERFRIO LESS CHARGES
BNF:002910023591809021 ANTARTIKA RREFRIGERACIO, S.A. DE C
ORD:GRUPO INTERFRIO GI SA
PUEBLA HEREDIA COSTA RICA BANCO NACIONAL DE COSTA RICA
:62M:C110125USD66080187,74
-}{5:{CHK:854FCF706935}{DLM:}}{S:{SPD:}{COP:P}}${1:F21BNCRCRSJAXXX8279550614}{4:{177:1101260742}{451:0}}{1:F01BNCRCRSJAXXX8279550614}{2:O9400122110126CITIUS33DXXX17587861471101260738N}{3:{108:000822EK93469OPS}}{4:
:20:0034
:25:10923167/ATT:ENRIQUE UMANA
:28C:765/0018
:60M:C110125USD66115170,97
:61:110125DD1670,00S103205-06-2380566//S0610251583901
S F/O SALVAGE DIRECT INC
:86:NISSAN SENTRA 94 SDA 512112
BNF:2906003690 SALVAGE DIRECT INC
ORD:EDGAR CASTRO SOLANO
14-B SAN JOSE COSTA RICA BANCO NACIONAL DE COSTA RICA
:61:110125DD1712,00S103205-06-2380780//S0610251719B01
S F/O PET SIAM INTERNATIONAL INC.
:86:PAGO DE PECES ERICKA LESS CHARGES
ORD:ERICKA RODRIGUEZ MENDEZ
EL TRAPICHE COSTA RICA BANCO NACIONAL DE COSTA RICA
:61:110125DD1949,31S103006-06-0089878//S061025138FA01
S F/O MANUFACTURAS ELIOT S A
:86:CANCELACION DE FACTURA 16 9611 POR COMPRA TELAS DE CONFECCIONES
HELEN RODRIGUEZ MURILLO LESS CHARGES
BNF:36006658 MANUFACTURAS ELIOT S A
ORD:HELLEN LILLIAM RODRIGUEZ MURILLO
CR ALAJUELA GRECIA SAN ISIDRO BANCO NACIONAL DE COSTA RICA
:61:110125DD2415,00S103075-06-0089106//S0610251794801
S F/O CROWLEY LINER SERVICES INC
:86:FOR TO BUY 3 USED VAN DRY 45 LESS CHARGES
ORD:ROGER EDUARDO SOLANO TAMES
OREAMUNO CARTAGO COSTA RICA BANCO NACIONAL DE COSTA RICA
:61:110125DD2800,00S103208-06-1460951-O//S061025199DE01
S F/O GUILLERMO MILLAN TOLEDO
:86:COMISIONES ENERO 2011 LESS CHARGES
BNF:002180051867390451 GUILLERMO MILLAN TOLEDO
ORD:CENTRO DE INTEGRACION DE SOFTWARE S
HEREDIA, COSTA RICA BANCO NACIONAL DE COSTA RICA
:61:110125DD3172,89S103208-06-1461175-O//S0610251929D01
S F/O SS WHITE  BURS INC
:86:CANCELA FACTURA 777912
BNF:87025 SS WHITE BURS INC
ORD:CARLOS IZQUIERDO Y CIA S.A.
DEL SUR, SAN JOSE BANCO NACIONAL DE COSTA RICA
:62M:C110125USD66101451,77
-}{5:{CHK:6086FD9A67E1}{DLM:}}{S:{SPD:}{COP:P}}${1:F21BNCRCRSJAXXX8279550613}{4:{177:1101260742}{451:0}}{1:F01BNCRCRSJAXXX8279550613}{2:O9400122110126CITIUS33CXXX63668005781101260738N}{3:{108:000822EK93553OPS}}{4:
:20:0034
:25:10923167/ATT:ENRIQUE UMANA
:28C:765/0022
:60M:C110125USD65971435,54
:61:110125DD15000,00S103205-06-2380343-O//S0610241AB8801
S F/O EXPORT COMPUTER EXCHANGE
:86:COMPRA DE EQUIPO DE COMPUTO
BNF:437000631 EXPORT COMPUTER EXCHANGE
ORD:GRUPO INCOM SA
VERDUGO CONTIGUO A TIENDA CASI BANCO NACIONAL DE COSTA RICA
:61:110125DD15787,00S103205-06-2380245//S061025138F101
S F/O MULTIQUIMICA CENTROAMERICAN
:86:PAGO FACTURA NUMERO 2179 LESS CHARGES
BNF:410320010013861 MULTIQUIMICA CENTROAMERICANA
ORD:CANO Y FAJARDO INDUSTRIAL
MUNICIPALIDAD 125 OESTE COSTA BANCO NACIONAL DE COSTA RICA
:61:110125DD18000,00S103205-06-2380307-O//S061025138DF01
S F/O COSMO ENTERPRISE CORP
:86:2DO PAGO PARCIAL LESS CHARGES
BNF:21791 COSMO ENTERPRISE CORP
ORD:CIGNAL ENTERPRISE SA
BLUE VALLEY, COSTA RICA BANCO NACIONAL DE COSTA RICA
:61:110125DD20000,00S103205-06-2380281-O//S061025138E201
S F/O OROFRUT S A DI CV
:86:PAGO ENVIO AGUACATE HASS COSTA RICA
BNF:0661635 OROFRUT S A DI CV
ORD:APACOOP RL
200M ESTE DE LA ESCUELA COSTA BANCO NACIONAL DE COSTA RICA
:61:110125DD21025,09S103208-06-1460719-O//S061025149F501
S F/O ASESORES EN VALORES SA COMI
:86:PAGO DE ORDENES AL EXTERIOR FURTHER CREDIT O TITAN INTERCONTINEN
TAL SA LESS CHARGES
ORD:TELE DOLAR EXPRESO S.A
PASEO COLON, SAN JOSE BANCO NACIONAL DE COSTA RICA
:61:110125DD28812,74S103037-06-0130914//S061025199BE01
S F/O SETAS COLOMBIANAS
:86:CANCELA EMBARQUES 1840 1841 1842 1843 1844 1845 LESS CHARGES
BNF:02915198805 SETAS COLOMBIANAS
ORD:AUGUSTO INCER ARIAS
TERCERA 400 SUR Y 50 OESTE BANCO NACIONAL DE COSTA RICA
:62M:C110125USD65852810,71
-}{5:{CHK:6463D60D5259}{DLM:}}{S:{SPD:}{COP:P}}${1:F21BNCRCRSJAXXX8279550612}{4:{177:1101260742}{451:0}}{1:F01BNCRCRSJAXXX8279550612}{2:O9400122110126CITIUS33BXXX87208629541101260738N}{3:{108:000822EK93607OPS}}{4:
:20:0034
:25:10923167/ATT:ENRIQUE UMANA
:28C:765/0024
:60M:C110125USD65641179,19
:61:110125DD40610,55NTRFINST 15002//G0110204558801
S F/O CITIUS33BUF
:86:CLIENT 150020001BANCO NACIONAL DE COSTA RICA-XC
:61:110125DD42000,00S103208-06-1460906-O//S061025199D601
R F/O ARELYS S ORTEGA
:86:PAGO PARCIAL CONTRATO COMPRA DE MAQUINAS LESS CHARGES
ORD:3-101-1478566 S A
A 100 NORTE LOCAL 32 SAN JOSE BANCO NACIONAL DE COSTA RICA
:61:110125DD50000,00S103002-06-0221425//S0610241A43601
S F/O QUESADA CARBONI OSCAR
:86:. LESS CHARGES
BNF:1921137576175 QUESADA CARBONI OSCAR
ORD:SANDOVAL AGUILAR GUILLERMO
COSTA RICA ALAJUELA AVENIDA 4 BANCO NACIONAL DE COSTA RICA
:61:110125DD53690,44NTRFINST 15002//G0110243102701
S F/O CITIUS33BUF
:86:CLIENT 150020002REFMCP ONSITE CHECKBANCO NACIONAL DE COSTA RICA.
XC
:61:110125DD60000,00S103061-06-0066038//S0610251866C01
S F/O HURST BOILER
:86:VENTA DE CALERA LESS CHARGES
BNF:0111427 HURST BOILER
ORD:AP GLOBAL S A
CALLE 88 90 AV 17 LA URUCA BANCO NACIONAL DE COSTA RICA
:61:110125DD69525,00S103208-06-1460586-O//S0610241A73401
S F/O ADM NUTRICION ANIMAL DE C.A
:86:CANCELA PREMEZCLAS FACT 455 456 458 457 461 460 459 LESS CHARGES
BNF:3140005510 ADM NUTRICION ANIMAL DE C.A. S.A.
ORD:GRANOS Y CONCENTRADOS GRACO SA
MULTIPLAZA MULTIBODEGA BODEGA BANCO NACIONAL DE COSTA RICA
:61:110125DD143838,00NTRFINST 15002//G0110243102801
S F/O CITIUS33BUF
:86:CLIENT 150020002REFMCP ONSITE CHECKBANCO NACIONAL DE COSTA RICA.
XC
:62M:C110125USD65181515,20
-}{5:{CHK:4E05A0EC8817}{DLM:}}{S:{SPD:}{COP:P}}${1:F21BNCRCRSJAXXX8279550611}{4:{177:1101260742}{451:0}}{1:F01BNCRCRSJAXXX8279550611}{2:O9400122110126CITIUS33BXXX87208629531101260738N}{3:{108:000822EK93379OPS}}{4:
:20:0034
:25:10923167/ATT:ENRIQUE UMANA
:28C:765/0013
:60M:C110125USD394646,84
:61:110125CD20000,00S100S06102408D3601//S06102408D3601
B/O MISSION 21
:86:ERSTER TEIL PROJEKTBEITRAG SERPAJ 2011, PRIMERA PARTE APORTE AL
PRO- YECTO INTEGRADO SERPAJ 2010, USD 8700.-,S. AL:USD 11300.- S
BNF:200020005909991 ASOCIACION SERVICIO PAZ Y JUSTICIA
ORD:MISSION 21
MISSIONSSTRASSE 21 BASLER KANTONALBANK
:61:110125CD20000,00S202ZD81025ZD6882284//C0010252597601
:86:BNF:BNCRCRSJXXX BANCO NACIONAL DE COSTA RICA
:61:110125CD20000,00S100F011025037FC01//F011025037FC01
B/O SENOR Y SENORA ESE,DISENO EN
:86:BNF:15100220025087647 SR Y SRA ESE DISEO EN MADERA EXOTIC
ORD:SENOR Y SENORA ESE,DISENO EN MADERA
450 SUR ALAJUELA, COSTA RICA
BANCO INTERNACIONAL DE COSTA R
:61:110125CD20000,00S100F011025037F501//F011025037F501
B/O SENOR Y SENORA ESE,DISENO EN
:86:BNF:15100220025087647 SR Y SRA ESE DISEO EN MADERA EXOTIC
ORD:SENOR Y SENORA ESE,DISENO EN MADERA
450 SUR ALAJUELA, COSTA RICA
BANCO INTERNACIONAL DE COSTA R
:61:110125CD25998,87S100LCT10250465600//LCT10250465600
B/O VIGO REMITTANCE CANADA COMPAN
:86:VIGO AGENT 261
BNF:100020006095327 SOLUCIONES MONETARIAS SA
ORD:VIGO REMITTANCE CANADA COMPANY
ENGLEWODD CO 80112
VIGO REMITTANCE CANADA COMPANY
:61:110125CD27255,78S100G0110253576601//G0110253576601
B/O ALLURE TRADING COMPANY
:86:/ACC/BANCO NACIONAL DE COSTA RICAAVENIDA 1 Y 3 CALLE: 2 Y 4SAN J
OSE
BNF:100020046001784 EXPO FLORA, S.A.
ORD:ALLURE TRADING COMPANY
3001 SW 3RD AVE MIAMI FL 331 2 CITIBANK FLORIDA FSB
:62M:C110125USD527901,49
-}{5:{CHK:35FB9F000204}{DLM:}}{S:{SPD:}{COP:P}}${1:F21BNCRCRSJAXXX8279550610}{4:{177:1101260742}{451:0}}{1:F01BNCRCRSJAXXX8279550610}{2:O9400122110126CITIUS33EXXX15120505561101260738N}{3:{108:000822EK93291OPS}}{4:
:20:0034
:25:10923167/ATT:ENRIQUE UMANA
:28C:765/0008
:60M:C110125USD165148,47
:61:110125CD3408,78S100F0110250190D01//F0110250190D01
B/O TRADE MANAGEMENT SOLUTIONS, L
:86:AIMI CONSOLIDACIONES S.A. ACCT. 100 -02-002-600731-2
BNF:100020026007312 AIMI CONSOLIDACIONES S.A.
ORD:TRADE MANAGEMENT SOLUTIONS, LLP
ROUND ROCK TX 78664-8201 WELLS FARGO BANK N A
:61:110125CD3429,39S100F0110250334101//F0110250334101
B/O HIGHPARK INVESTMENTS LLC
:86:EXTRA CASH - COSTA RICA LESS CHARGES
BNF:100020406002843 GUSTAVO ADOLFO VIVES BONILLA
ORD:HIGHPARK INVESTMENTS LLC
WILMINGTON DE 19801 SUNTRUST BANK ATLANTA
:61:110125CD3643,07S100S0610251A85501//S0610251A85501
B/O AGREGS INTERNATIONAL
:86:PAGO DE MINIMOS ESTRACCION BAJO CONTRATO DE ARRENDAMIENTO DE CON
CESION EN CHIRIPO NOV 10
BNF:100010510060914 CONSULTORIA E INVERSIONES FLORES
ORD:AGREGS INTERNATIONAL
ACC 104022181 BAC GUATEMALA
:61:110125CD3949,42S100S0610210606301//S0610210606301
B/O 1/MONSIEUR HANS PETER MUSTAD
:86:BNF:200021450038930 MARGHARITA F. MUSTAD
ORD:1/MONSIEUR HANS PETER MUSTAD
6/CH/LODH/I001152310000ADR
LOMBARD ODIER DARIER HENTSCH E
:61:110125CD4312,91S100F0110250303601//F0110250303601
B/O 1/MEZCLAS SECAS DE CENTROAMER
:86:072 133 022124573123 2 PAY AT APDO. 10015-100-SANJOSECOSTA RICA
BNF:200-02-099-003292-6 CONCRETO COLOREADO, S.A.
ORD:1/MEZCLAS SECAS DE CENTROAMERICA
3/GT/GUATEMALA, C.A. BANCO G AND T CONTINENTAL, SA
:62M:C110125USD183892,04
-}{5:{CHK:DA439D3A5AAB}{DLM:}}{S:{SPD:}{COP:P}}${1:F21BNCRCRSJAXXX8279550609}{4:{177:1101260742}{451:0}}{1:F01BNCRCRSJAXXX8279550609}{2:O9400122110126CITIUS33HXXX15010742551101260738N}{3:{108:000822EK93327OPS}}{4:
:20:0034
:25:10923167/ATT:ENRIQUE UMANA
:28C:765/0010
:60M:C110125USD208117,99
:61:110125CD5911,00S100F011025029A601//F011025029A601
B/O GRUPO ON LINE S.A.
:86:TURISMO Y VIAJES
BNF:100020876004028 TRAVEL EXCELLENCE S.A.
ORD:GRUPO ON LINE S.A.
SAN MARTIN 640 P.8 BUENOS AIRE FOREXCAMBIO S.A.
:61:110125CD5950,00S100C0010250986501//C0010250986501
B/O HCE
:86:/RFB/RRTT /77B//BENEFRES/CR
BNF:15102420020020839 FABIENNE OLIVEIRA E CRUZ
ORD:HCE
97122 BAIE-MALHAUT
SOCIETE GENERALE DE BANQUE AUX
:61:110125CD6075,00S100S0610241B49401//S0610241B49401
B/O LISA HARDIE
:86:/RFB/N110125000000277 PAYMENT FOR CAR LESS CHARGES
BNF:CR79151050200200112687 SHILENE ANGULO RODRIGUEZ
ORD:LISA HARDIE
2540 AUSTRALIA
COMMONWEALTH BANK OF AUSTRALIA
:61:110125CD6165,00S100S0610251723C01//S0610251723C01
B/O INMARK S.A DE C.V/INMRK SA DE
:86:CANCELACION DE FACTURA 253 LESS CHARGES /ACC/WITH YR. AV. 1 Y 3
CALLE 4 SANJOSE COSTA RICA/PHON/5062212200/PHOB/50626340052
BNF:100020786004835 JAVY A HA SA
ORD:INMARK S.A DE C.V/INMRK SA DE CV
ESCALON, SAN SALVADOR EL SALV. BANCO CITIBANK DE ELSALVADOR
:61:110125CD6702,50S100C0010253293401//C0010253293401
B/O GELIMA A S
:86:INVOICE 0458510 1/2 HLXU6762582
BNF:00806000154 TERRAPEZ
ORD:GELIMA A S
031 39 LIPTOVSKY MIKULAS
CREDIT AGRICOLE CIB SLOVAKIA B
:61:110125CD7457,50S100F0110250621701//F0110250621701
B/O LA FLOR EXOTICA DEL CARIBE BU
:86:PLANT PURCHASE
BNF:05906000236 LA FLOR EXOTICA DEL CARIBE BULLIS,S
ORD:LA FLOR EXOTICA DEL CARIBE BULLIS,S
GUACIMO LIMON, COSTA RICA
BANCO INTERNACIONAL DE COSTA R
:62M:C110125USD246378,99
-}{5:{CHK:B432BA42CF00}{DLM:}}{S:{SPD:}{COP:P}}${1:F21BNCRCRSJAXXX8279550608}{4:{177:1101260742}{451:0}}{1:F01BNCRCRSJAXXX8279550608}{2:O9400122110126CITIUS33AXXX87705478021101260738N}{3:{108:000822EK93511OPS}}{4:
:20:0034
:25:10923167/ATT:ENRIQUE UMANA
:28C:765/0020
:60M:C110125USD66080187,74
:61:110125DD5900,00S103208-06-1460185-O//S0610241A73501
S F/O LAPTV ATLANTA PARTNERS
:86:CANC FACT 28834 28903 28733 NOV 10 LAPTV
BNF:003257801664 LAPTV ATLANTA PARTNERS
ORD:CABLE VISION DE COSTA RICA S.A.
SAN JOSE, COSTA RICA BANCO NACIONAL DE COSTA RICA
:61:110125DD6000,00S103047-06-0061577//S06102519C8701
S F/O EARTH Y OCEAN GLOBAL LOGIST
:86:PAGO DE IMPUESTOS POR DESALMACENAJEDE CONTENEDOR
BNF:002180024292179737 EARTH Y OCEAN GLOBAL LOGISTIC SA D
ORD:CAMBRONERO VISUAL GAMES SA
SAN JOSE COSTA RICA BANCO NACIONAL DE COSTA RICA
:61:110125DD6315,82S103205-06-2380637//S0610251636101
S F/O CENTRAL DE BOLSAS SA DE CV
:86:CANCELACION DE FACTURA F623635 MENOS NOTAS DE CREDITO POR 3739 D
OLARES LESS CHARGES
ORD:QUALITY PRODUCTS COM SA
ALAJUELA,COSTA RICA BANCO NACIONAL DE COSTA RICA
:61:110125DD6416,10S103205-06-2380860//S0610251719A01
S F/O FLORIDA ELECTRIC PARTS EXPO
:86:COMPRA DE REPUESTOS
BNF:2655106179288 FLORIDA ELECTRIC PARTS EXPORT
ORD:GALEON S A
ANTIGUA FAB FIDEOS SN VICENTE BANCO NACIONAL DE COSTA RICA
:61:110125DD7380,50S103208-06-1461273-O//S061025192A301
S F/O INGRAM MICRO INC.
:86:INVOICE PAYMENT
BNF:9429282443 INGRAM MICRO INC.
ORD:NORTEC CONSULTING S.A.
O HEREDIA COSTA RICA BANCO NACIONAL DE COSTA RICA
:61:110125DD8780,00S103208-06-1461193-O//S061025192A101
S F/O BANCO MONEX SA INS DE BCA M
:86:CANCELA CONTENEDOR PENDIENTE DE MINELAZA DEL GRUPO COSTARRICENSE
 DE GANADEROS LESS CHARGES
ORD:GRUPO COSTARRICENSE DE GANADEROS
ESCAZU SAN JOSE COSTA RICA BANCO NACIONAL DE COSTA RICA
:62M:C110125USD66039395,32
-}{5:{CHK:0DB4C996D52E}{DLM:}}{S:{SPD:}{COP:P}}${1:F21BNCRCRSJAXXX8279550607}{4:{177:1101260742}{451:0}}{1:F01BNCRCRSJAXXX8279550607}{2:O9400122110126CITIUS33CXXX63668005761101260738N}{3:{108:000822EK93273OPS}}{4:
:20:0034
:25:10923167/ATT:ENRIQUE UMANA
:28C:765/0007
:60M:C110125USD149967,47
:61:110125CD2824,00S100F011025040B401//F011025040B401
B/O MICHIGAN TECHNOLOGICAL UNIVER
:86:BANCO NACIONAL DE COSTA RICA SWIFT BNCRCRSJ AVENIDAS 1 Y 3 CALLE
 4 SAN JOSE COSTA RICA
BNF:200020240014314 LUIS A HERRERA-ULATE
ORD:MICHIGAN TECHNOLOGICAL UNIVERSITY
SUPERIOR NATIONAL BANK + TRUST
:61:110125CD2980,00S100F011025064E901//F011025064E901
B/O PAUL R BROWN 7979 NW 21ST ST
:86:ORIG: PAUL R BROWN 7979 NW 21ST ST DORAL FL 33122 LESS CHARGES A
BA 019462
BNF:200020590619553 PAUL R BROWN . ODIXIE ACUNA
ORD:PAUL R BROWN 7979 NW 21ST ST
DORAL FL 33122
SUNCOAST SCHOOLS FEDERAL CREDI
:61:110125CD2997,00S100S0610251719801//S0610251719801
B/O PANAMA COSTA RICA TRAVEL AGEN
:86:PRIMER PAGO RICK LARSON CASA AMOR Y SOL MARZO 6-13 2011
BNF:200021450000371 MARIA LAURA SABATTO GISMONDI
ORD:PANAMA COSTA RICA TRAVEL AGENCY COR
L 305, PANAMA, PANAMA PANAMA
ST GEORGES BANK AND COMPANY IN
:61:110125CD3000,00S100F0110250380C01//F0110250380C01
B/O LORENZEN FLORES,GERARDO OR BA
:86:BNF:100020006207713 LORENZEN FLORES GERARDO
ORD:LORENZEN FLORES,GERARDO OR BALTODAN
SAN JOSE, COSTA RICA
BANCO INTERNACIONAL DE COSTA R
:61:110125CD3380,00S100G0110253716201//G0110253716201
B/O FERRERO CARIBE INC
:86:INVOICES 00042, 00043, 00039, 00041 /TELEBEN/ORDER:FERRERO, INC.
0100155052
BNF:100021486004996 GRUPO SALVATIERRA Y MINOZ
ORD:FERRERO CARIBE INC
CAGUAS PR 007 CITIBANK N.A. HATO REY
:62M:C110125USD165148,47
-}{5:{CHK:7DEB4B806829}{DLM:}}{S:{SPD:}{COP:P}}${1:F21BNCRCRSJAXXX8279550606}{4:{177:1101260742}{451:0}}{1:F01BNCRCRSJAXXX8279550606}{2:O9400122110126CITIUS33AXXX87705478011101260738N}{3:{108:000822EK93343OPS}}{4:
:20:0034
:25:10923167/ATT:ENRIQUE UMANA
:28C:765/0011
:60M:C110125USD246378,99
:61:110125CD7659,97S2021100004901//S0610251818D01
B/O BANCO INDUSTRIAL S.A.
:86:/ACC/REEMBOLSO
BNF:BNCRCRSJ
ORD:BANCO INDUSTRIAL S.A.
GUATEMALA, GUATEMALA
:61:110125CD9790,77S2022011012500200679//F01102503AAC01
B/O CONTINENTAL EXCHANGE SOLUTION
:86:BNF:BNCRCRSJXXX BANCO NACIONAL DE COSTA RICA
ORD:CONTINENTAL EXCHANGE SOLUTIONS, INC
CERRITOS, CA 90703
CONTINENTAL EXCHANGE SOLUTIONS
:61:110125CD9802,08S100G0110250776501//G0110250776501
B/O LEADERSHIP CAPITAL GROUP
:86:/ACC/BANCO NACIONAL DE COSTA RICAAVENIDA 1 Y 3 CALLE: 2 Y 4SAN J
OSE
BNF:200021620006140 LEADERSHIP CAPITAL GROUP, S.A.
ORD:LEADERSHIP CAPITAL GROUP
38 OTTER TRAIL WESTPORT CT 068
CITIBANK CONNECTICUT, FSB - XC
:61:110125CD10000,00S100G0110250793701//G0110250793701
B/O CARLOS A BARRANTES RAMOS
:86:/ACC/BANCO NACIONAL DE COSTA RICAAVENIDA 1 Y 3 CALLE: 2 Y 4SAN J
OSE
BNF:100020066001659 CARLOS BARRANTES SOLIS
ORD:CARLOS A BARRANTES RAMOS
APTO. 34 B URB EL PARAISO CAR CITIBANK FLORIDA FSB
:61:110125CD10071,00S100F0110250614E01//F0110250614E01
B/O DIS BD OF TR MIAMI DADE COMM
:86:LESS CHARGES
BNF:100021276000275 UGA ECOLODGE . RESEARCH STATION
ORD:DIS BD OF TR MIAMI DADE COMM
MIAMI, FL 33176-3330 SUNTRUST BANK ATLANTA
:61:110125CD12792,00S100F01102504E7601//F01102504E7601
B/O DOLEX DOLLAR EXPRESS
:86:PAYMENT FROM DOLEX DOLLAR EXPRESS, INC. PLEASE CONFIRM CREDIT TO
 TREASURY AT DOLEX.NET
BNF:100-02-089-600100-6 REMESAS TELEDOLAR
ORD:DOLEX DOLLAR EXPRESS
ARLINGTON TX 76015 WELLS FARGO BANK N A
:62M:C110125USD306494,81
-}{5:{CHK:EC741E0312B3}{DLM:}}{S:{SPD:}{COP:P}}${1:F21BNCRCRSJAXXX8279550605}{4:{177:1101260742}{451:0}}{1:F01BNCRCRSJAXXX8279550605}{2:O9400122110126CITIUS33DXXX17587861461101260738N}{3:{108:000822EK93421OPS}}{4:
:20:0034
:25:10923167/ATT:ENRIQUE UMANA
:28C:765/0016
:60M:C110125USD66124279,00
:61:110125DD293,00S103137-06-0101598-O//S0610251872601
S F/O JINAN QINGQI MOTORCYCLE CO
:86:COMPRA DE REPUESTOS.COMERCIO Y VENTA DE MOTOS. LESS CHARGES
BNF:732013000000045 JINAN QINGQI MOTORCYCLE CO LTD.
ORD:MOTOS CUSTOM S.A.
GUDADALUPE SAN JOSE C.R. BANCO NACIONAL DE COSTA RICA
:61:110125DD305,50S103208-06-1458937-O//S0610251794701
S F/O ASSICURAZIONI GENERALI  S.P
:86:RENOVACION POLIZA DE VIDA NUMERO 36023676 LESS CHARGES
BNF:01820000842052001 ASSICURAZIONI GENERALI S.P.A
ORD:DISTRIBUIDORA MAHEK SA
SAN JOSE, COSTA RICA BANCO NACIONAL DE COSTA RICA
:61:110125DD590,00S103037-06-0130790//S06102516F6F01
S F/O SHIP YOUR CAR NOW LLC
:86:PAGO DE TRANSPORTE DE VEHICULO DE JACIER ALFARO VALERIO O DEBORA
H CHIAMPOU LESS CHARGES
BNF:4249767679 SHIP YOUR CAR NOW LLC
ORD:MARIA EUGENIA VALERIO MORA
BOSQUES DE DONA ROSA 4TA ROTON BANCO NACIONAL DE COSTA RICA
:61:110125DD657,20S103205-06-2380888//S0610251794A01
S F/O MARCONE
:86:COMPRA DE REPUESTOS
BNF:34871287 MARCONE
ORD:GALEON S A
FAB FIDEOS SN VICENTE COSTA RI BANCO NACIONAL DE COSTA RICA
:61:110125DD720,00S103208-06-1460513//S0610251497601
S F/O TOMAS TORRES GOMEZ
:86:PAGO DE LA FACTURA 1094
BNF:0472012932143 TOMAS TORRES GOMEZ
ORD:COMISION DE LAS COMUNIDADES
ESTE EDIFICIO D 3ER PISO BANCO NACIONAL DE COSTA RICA
:62M:C110125USD66121713,30
-}{5:{CHK:34B3D1C0E2AF}{DLM:}}{S:{SPD:}{COP:P}}${1:F21BNCRCRSJAXXX8279550604}{4:{177:1101260742}{451:0}}{1:F01BNCRCRSJAXXX8279550604}{2:O9400122110126CITIUS33GXXX15065661261101260738N}{3:{108:000822EK93447OPS}}{4:
:20:0034
:25:10923167/ATT:ENRIQUE UMANA
:28C:765/0017
:60M:C110125USD66121713,30
:61:110125DD757,00NTRFINST 15002//G0110243102901
S F/O CITIUS33BUF
:86:CLIENT 150020002REFMCP ONSITE CHECKBANCO NACIONAL DE COSTA RICA.
XC
:61:110125DD758,48S103205-06-2380753-O//S0610251719601
S F/O BEDFORD PRECISION PARTS COR
:86:CANCELACION DE CUENTAS POR PAGAR
BNF:6700128200 BEDFORD PRECISION PARTS CORP
ORD:REPRESENTACIONES GA Y COMPANIA SA
SJ GOICOECHEA GUADALUPE DEL BN BANCO NACIONAL DE COSTA RICA
:61:110125DD900,00S103208-06-1460158-O//S0610251719401
S F/O TELE RED IMAGEN S.A.
:86:PAGO NOV 10
BNF:372599 TELE RED IMAGEN S.A.
ORD:CABLE VISION DE COSTA RICA S.A.
SAN JOSE, COSTA RICA BANCO NACIONAL DE COSTA RICA
:61:110125DD1278,00S103208-06-1460443//S0610251496401
S F/O OSCAR ATILIO GARCIA AGUILER
:86:CANCELACION FACTURA 012 LESS CHARGES
BNF:818054010001 OSCAR ATILIO GARCIA AGUILERA
ORD:EDILEX ASESORES PERIODISTICOS SA
SANTA TERESITA BANCO NACIONAL DE COSTA RICA
:61:110125DD1328,85S103208-06-1460452//S0610251496501
S F/O NANCY GABRIELA GARCIA COLOM
:86:CANCELACION FACTURAS 0213 LESS CHARGES
BNF:001208982010001 NANCY GABRIELA GARCIA COLOMBARI
ORD:EDILEX ASESORES PERIODISTICOS SA
IGLESIA SANTA TERESITA BANCO NACIONAL DE COSTA RICA
:61:110125DD1520,00S103205-06-2380879//S0610251719701
S F/O MAURO A. JIMENEZ
:86:TRASPASO DE FONDOS LESS CHARGES
ORD:MAURO JIMENEZ PIZA
SANTA MARIA DE DOTA CALLE COPE BANCO NACIONAL DE COSTA RICA
:62M:C110125USD66115170,97
-}{5:{CHK:37FBF09A1E3A}{DLM:}}{S:{SPD:}{COP:P}}${1:F21BNCRCRSJAXXX8279550603}{4:{177:1101260742}{451:0}}{1:F01BNCRCRSJAXXX8279550603}{2:O9400122110126CITIUS33DXXX17587861441101260738N}{3:{108:000822EK93225OPS}}{4:
:20:0034
:25:10923167/ATT:ENRIQUE UMANA
:28C:765/0005
:60M:C110125USD126253,39
:61:110125CD1962,50S100S06102501E4301//S06102501E4301
B/O DESTINO NZ TRAVEL LIMITED
:86:SWIFT CODE: BNCRCRSJ /BBI/BANCO NACIONAL DE COSTA RICA AVENIDAS
1 Y 3, CALLE 4, SAN JOSESAN JOSE COSTA RICA
BNF:100-02-080-601985-0 DOLARES CORAL SYSTEMS S.A.
ORD:DESTINO NZ TRAVEL LIMITED
CHRISTCHURCH 8023 WESTPAC BANKING CORPORATION
:61:110125CD1979,00S100LCK10250679200//LCK10250679200
B/O ADV DIRECT LTDA
:86:OBB33020
BNF:200021480040165 RODRIGO RUY JIMENEZ MIRANDA
ORD:ADV DIRECT LTDA
BOGOTA COLOMBIA OCCIDENTAL BANK BARBADOS LTD
:61:110125CD1980,00S100F01102505DBD01//F01102505DBD01
B/O DAVENPORT AND COMPANY LLC
:86:LESS CHARGES
BNF:200021550015031 ROBERT A LYBRAND
ORD:DAVENPORT AND COMPANY LLC
RICHMOND VA 23219 SUNTRUST BANK ATLANTA
:61:110125CD1990,00S100S0610251AB6501//S0610251AB6501
B/O BOLSA DE VALORES DE EL SALVAD
:86:BOLSA DE VALORES DE EL SALVADOR,S.ADE C.V.-BOLCEN 2009 LESS CHAR
GES
BNF:6175525 CENTRAL DE VALORES DE LA BNV S.A.
ORD:BOLSA DE VALORES DE EL SALVADOR/URB
CLA EL SALVADOR BANCO CITIBANK DE EL SALVADOR
:61:110125CD2000,00S100G0110253704301//G0110253704301
B/O GLEN GREMILLION
:86:FOR HORIZONTEZ DEL MAR UNIT 101 /ACC/BANCO NACIONALUNIVERSAL COD
E BANK 946201TAMARINDO
BNF:200021450044069 PURA VIDA PROPERTY MANAGEMENT LTD
ORD:GLEN GREMILLION
68 CEDAR DRIVE GREAT NECK N Y
CITIBANK NA NYBD CITICORP DATA
:62M:C110125USD136164,89
-}{5:{CHK:6AF0F22A1FA6}{DLM:}}{S:{SPD:}{COP:P}}${1:F21BNCRCRSJAXXX8279550602}{4:{177:1101260742}{451:0}}{1:F01BNCRCRSJAXXX8279550602}{2:O9400122110126CITIUS33BXXX87208629501101260738N}{3:{108:000822EK93353OPS}}{4:
:20:0034
:25:10923167/ATT:ENRIQUE UMANA
:28C:765/0012
:60M:C110125USD306494,81
:61:110125CD16500,00S100G0110253245901//G0110253245901
B/O RODOLFO E BADRAN
:86:/ACC/BANCO NACIONAL DE COSTA RICASAN JOSE
BNF:200021570006918 ERIC MORA ACUNA
ORD:RODOLFO E BADRAN
5032 44TH ST WOODSIDE NY 11377
CITIBANK NA NYBD CITICORP DATA
:61:110125CD16931,39S100F0110250557401//F0110250557401
B/O GENFAR S.A.
:86:GENFAR S.A. CALLE 20A NO. 44-70 BOGOTA COLOMBIA ABONO A COMISION
ES 2010
BNF:/100 02 130 600262 3 INVERSIONES CONTINENTAL SOCIEDAD A
ORD:GENFAR S.A.
BOGOTA COLOMBIA BANCOLOMBIA
:61:110125CD17400,00S100S06102408DE501//S06102408DE501
B/O MISSION 21
:86:ERSTER TEIL PROJEKTBEITRAG 2011 DEIPRIMERA PARTE APORTE INV.ASIS
TENTESUSD 9600.- PRIMERA PARTE APORTE PROFESORA INVESTIGADORA US
BNF:06110381 DEI, DEP. ECUMENICO DE INVESTI.
ORD:MISSION 21
MISSIONSSTRASSE 21 BASLER KANTONALBANK
:61:110125CD18000,00S100S06102408E3701//S06102408E3701
B/O MISSION 21
:86:ERSTER TEIL PROJEKTB. UBL 2011 PRIMER ENVIO APORTE GEN.A LA UBL
USD 10000.-, PRIMER ENVIO APORTE ALRECTORADO DE LA UBL USD 8000.
BNF:100020806002409 UBL, ASOC. SEMINARIO BIBLICO
ORD:MISSION 21
MISSIONSSTRASSE 21 BASLER KANTONALBANK
:61:110125CD19320,64S100F011025039B701//F011025039B701
B/O GIROSOL CORP MASTER ACCOUNT
:86:BNF:100020896001006 REMESAS TELEDOLAR SA,
ORD:GIROSOL CORP MASTER ACCOUNT
N MIAMI BEACH,FL,33162 US BANK NA COMMERCIAL REGION
:62M:C110125USD394646,84
-}{5:{CHK:4AE3CCCDAFB0}{DLM:}}{S:{SPD:}{COP:P}}${1:F21BNCRCRSJAXXX8279550601}{4:{177:1101260742}{451:0}}{1:F01BNCRCRSJAXXX8279550601}{2:O9400122110126CITIUS33GXXX15065661241101260738N}{3:{108:000822EK93389OPS}}{4:
:20:0034
:25:10923167/ATT:ENRIQUE UMANA
:28C:765/0014
:60M:C110125USD527901,49
:61:110125CD39261,60S2020989OP014005295//F01102504B4C01
B/O BANCAJA MIAMI BRANCH
:86:BNF:BNCRCRSJXXXX
ORD:BANCAJA MIAMI BRANCH
:61:110125CD40000,00S100G0110253033101//G0110253033101
B/O COSTA RICA EXPEDICIONES
:86:/ACC/BANCO NACIONAL DE COSTA RICAAVENIDA 1 Y 3:SAN JOSE
BNF:100020006208264 CR EXPED. AVENT. YRECREACIONES.S.A
ORD:COSTA RICA EXPEDICIONES
CR 6941-1000 CITIBANK FLORIDA FSB
:61:110125CD60838,00S2022011012500058366//F01102504D0201
B/O ECOTEACH, INC.
:86:BNF:BNCRCRSJ BANCO NACIONAL DE COSTA RICA
ORD:ECOTEACH, INC.
POULSBO WA 98370-6313 WELLS FARGO BANK N A
:61:110125CD73874,91S100LCT10250468200//LCT10250468200
B/O VIGO REMITTANCE CANADA COMPAN
:86:VIGO AGENT A67-TELEDOLA
BNF:100020896001006 REMESAS TELEDOLAR SA
ORD:VIGO REMITTANCE CANADA COMPANY
ENGLEWODD CO 80112
VIGO REMITTANCE CANADA COMPANY
:61:110125CD85000,00S202SWF OF 11/01/25//C0010253965101
B/O BN VALORES PUESTO DE BOLSA SA
:86:ON BE HALF OF BN VALORES PUESTO ACCOUNT NUMBER 100-02-000-616787
 8
BNF:BNCRCRSJXXX BANCO NACIONAL DE COSTA RICA
ORD:BN VALORES PUESTO DE BOLSA SA
SAN JOSE CLEARSTREAM BANKING SA
:61:110125CD197148,00S100G0110253975601//G0110253975601
B/O PAUL TUDOR JONES
:86:REF FUNDS REQUEST NO.94-11 XXX XXX /ACC/BANCO NACIONAL DE COSTA
RICAAVENIDA 1 Y 3 CALLE: 2 Y 4SAN JOSE
BNF:100020946002192 TRANQUILITY MANAGEMENT SA
ORD:PAUL TUDOR JONES
CITIBANK NA NYBD CITICORP DATA
:62M:C110125USD1024024,00
-}{5:{CHK:600FC3FD235B}{DLM:}}{S:{SPD:}{COP:P}}${1:F21BNCRCRSJAXXX8279550600}{4:{177:1101260742}{451:0}}{1:F01BNCRCRSJAXXX8279550600}{2:O9400122110126CITIUS33BXXX87208629491101260738N}{3:{108:000822EK93161OPS}}{4:
:20:0034
:25:10923167/ATT:ENRIQUE UMANA
:28C:765/0002
:60M:C110125USD106151,88
:61:110125CD296,63S100S06102516AE501//S06102516AE501
B/O 1/GLOBAL MERCHANT TECHNOLOGY
:86:WEEK NO 14 LESS CHARGES DETALLE:SERVICIOSTIPO:NINGUNO DE LOS ANT
ERIORESREALIZADO EN:PANAMAACT BNF:COMERCIALIZADOR
BNF:2000200060042240 ROBERT LEO DONHAUSER
ORD:1/GLOBAL MERCHANT TECHNOLOGY SA
3/PA/PANAMA MULTIBANK INC
:61:110125CD307,88S100S06102419C4001//S06102419C4001
B/O /9834712301
:86:CUENTA CLIENTE 15109510026014143 LOT 114 CORORATE ID 3-109-50705
4 LESS CHARGES
BNF:1-100-2-095-601414-8 CONDOMINIO HORIZONTAL RESIDENTIAL
ORD:/9834712301
SHAWNEE KS 66217-9692
UNITED MISSOURI BANK OF KANSAS
:61:110125CD500,00S100F0110250609601//F0110250609601
B/O MARIA SAULNESS
:86:BNF:200 01 030 010112 7 GERARDINA NAVARRO SEGURA
ORD:MARIA SAULNESS
MOUNT VERNON WA 98274 SKAGIT STATE BANK
:61:110125CD700,00S2022011012500144219//C0010253987101
B/O BRUCE BRADSHAW
:86:CVR OF DIR PYMT
BNF:BNCRCRSJ BANCO NACIONAL DE COSTA RICA
ORD:BRUCE BRADSHAW
ACTON MA 01720 US BRUCE M BRADSHAW
:61:110125CD722,00S100C0010254536801//C0010254536801
B/O ENVOY SERVICES LIMITED
:86:BNF:200020770045920 MICHELLE RODRIGUEZ CHAVERRI
ORD:ENVOY SERVICES LIMITED
60 CHARLOTTE STREET LONDON BARCLAYS BANK PLC HO UK
:61:110125CD880,00S100F01102502FB301//F01102502FB301
B/O JOY HERLOCKER
:86:ORIG: JOY HERLOCKER 112 VALRICO STATION RD APT 17 VALRICO FL 335
94 LESS CHARGES
BNF:15107520025104042 MONICA GARCIA MEJIA
ORD:JOY HERLOCKER
VALRICO FL 33594
SUNCOAST SCHOOLS FEDERAL CREDI
:62M:C110125USD109558,39
-}{5:{CHK:68078AF5DA9F}{DLM:}}{S:{SPD:}{COP:P}}${1:F21BNCRCRSJAXXX8279550599}{4:{177:1101260742}{451:0}}{1:F01BNCRCRSJAXXX8279550599}{2:O9400122110126CITIUS33BXXX87208629481101260738N}{3:{108:000822EK93129OPS}}{4:
:20:0034
:25:10923167/ATT:ENRIQUE UMANA
:28C:765/0001
:60F:C110125USD105364,05
:61:110125CD2,83S2020180570200082210//G0110251003901
DET:SWEEP INT AT0.03 PCT
:86:FAOBANCO NACIONAL DE COSTA RICA012511 SWEEP INT AT0.03 PCT
BNF:BNCRCRSJXXX BANCO NACIONAL DE COSTA RICA
ORD:CITIBANK TREASURY NASSAU
CITIBANK N.A.
:61:110125CD40,00S100C0010254616901//C0010254616901
B/O ENVOY SERVICES LIMITED
:86:BNF:200020045146176 3-101-596881 S.A.
ORD:ENVOY SERVICES LIMITED
60 CHARLOTTE STREET LONDON BARCLAYS BANK PLC HO UK
:61:110125CD100,00S202025465181//C0010255076901
B/O SAUER ROBERT
:86:BBK INFO: IN CVR OF THE DIRECTPAYM ENT REFERENCE 025465181
BNF:BNCRCRSJXXX BANCO NACIONAL DE COSTA RICA
ORD:SAUER ROBERT
MORINVILLE AB T8R1E8 HSBC BANK CANADA
:61:110125CD150,00S100S06102115E7401//S06102115E7401
B/O ALEJANDRA AVALOS ROGEL
:86:/RFB/PAGO INSCRIP 2 CONGRESO
BNF:100-02-000-0603735-2 FUNDACION DE LA UCR PARA LA INVEST
ORD:ALEJANDRA AVALOS ROGEL
HIDALGO DF 53420873
BANCO NACIONAL DE MEXICO, S.A.
:61:110125CD200,00S100F01102502F1801//F01102502F1801
B/O DANIEL A DUROCHER 29455 NOTTI
:86:ORIG: DANIEL A DUROCHER 29455 NOTTINGHAM RD PUNTA GORDA FL 33982
 CLIENT NUMBER 15108610026000047
BNF:100020866000043 SONIA ROJAS ULATE
ORD:DANIEL A DUROCHER 29455 NOTTINGHAM
RD PUNTA GORDA FL 33982
SUNCOAST SCHOOLS FEDERAL CREDI
:61:110125CD295,00S100S0610250111001//S0610250111001
B/O LISA HARDIE
:86:/RFB/N110125000000275 PAYMENT FOR DESK BAL DATA CARD AND TAXI LE
SS CHARGES
BNF:CR79151050200200112687 SHILENE ANGULO RODRIGUEZ
ORD:LISA HARDIE
2540 AUSTRALIA
COMMONWEALTH BANK OF AUSTRALIA
:62M:C110125USD106151,88
-}{5:{CHK:6A8CA813957D}{DLM:}}{S:{SPD:}{COP:P}}${1:F21BNCRCRSJAXXX8279550598}{4:{177:1101260742}{451:0}}{1:F01BNCRCRSJAXXX8279550598}{2:O9400122110126CITIUS33HXXX15010742531101260738N}{3:{108:000822EK93305OPS}}{4:
:20:0034
:25:10923167/ATT:ENRIQUE UMANA
:28C:765/0009
:60M:C110125USD183892,04
:61:110125CD4422,00S100S06102516EE801//S06102516EE801
B/O PANAMA COSTA RICA TRAVEL AGEN
:86:PAGO COMPLETO CASA CIELO MAR MARZO 10-18 2011 ARLYNN DUPUIS
BNF:100200906002803 CIELO MAR PARAISO FLAMINGO SA
ORD:PANAMA COSTA RICA TRAVEL AGENCY COR
L 305, PANAMA, PANAMA PANAMA
ST GEORGES BANK AND COMPANY IN
:61:110125CD4538,00S100G1410240569901//G1410240569901
B/O MICROSOFT LICENSING, INC.
:86:/ACC/TELEPHONE 2258.3444BNF/CDC INTERNACIONAL S.A.AVENIDAS 1, CA
LLES 2 Y 4SAN JOSE, COSTA RICA
BNF:100020956001065 CDC INTERNACIONAL S.A.
ORD:MICROSOFT LICENSING, INC.
MICROSOFT LICENSING, GP RENO N MICROSOFT LICENSING
:61:110125CD5000,00S100G0110250822501//G0110250822501
B/O RIVERO CAMPOS
:86:/ACC/BANCO NACIONAL DE COSTA RICAAVENIDA 1 Y 3: CALLE 2 Y 4SAN J
OSE
BNF:200021660021967 JAQUELINE ESCALANTE
ORD:RIVERO CAMPOS
OSA D E LIMA 1060 CARACAS-MIRA CITIBANK FLORIDA FSB
:61:110125CD5105,24S100F0110250375901//F0110250375901
B/O BAYER, S.A.
:86:PYMT. INVS. 3577 AND 3578 LESS CHARGES: USD 27.00
BNF:15113710026002875 INTERPRINT-IMPRESIONES TECNICAS DE
ORD:BAYER, S.A.
PANAMA, COLON BBVA PANAMA
:61:110125CD5160,71S100C0010253881001//C0010253881001
B/O GOLDEN EXOTICS LTD
:86:CHARGES HAVE BEEN DEDUCTED FORCOMM ISSION OF USD25.00
BNF:200020510047236 MAURICIO MADRIGAL RIVERA
ORD:GOLDEN EXOTICS LTD
LEGON,ACCRA GHANA SSB BANK LTD
:62M:C110125USD208117,99
-}{5:{CHK:DF6E1E61A830}{DLM:}}{S:{SPD:}{COP:P}}${1:F21BNCRCRSJAXXX8279550597}{4:{177:1101260742}{451:0}}{1:F01BNCRCRSJAXXX8279550597}{2:O9400122110126CITIUS33DXXX17587861421101260738N}{3:{108:000822EK93209OPS}}{4:
:20:0034
:25:10923167/ATT:ENRIQUE UMANA
:28C:765/0004
:60M:C110125USD116342,23
:61:110125CD1500,00S100F01102502E7601//F01102502E7601
B/O JOAN M VERNON
:86:BNF:200021790006226 JOAN ELIZABETH VERNON
ORD:JOAN M VERNON
KEY BISCAYNE FL 33149-2207 NORTHERN TRUST N A
:61:110125CD1500,00S100F0110250454401//F0110250454401
B/O NEW AGE FINANCIAL SERVICES IN
:86:BY ORDER OF: SOUTH EXCHANGE (REP 4220) REF: REF:
BNF:100020896001006 REMESAS TELEDOLAR S.A.
ORD:NEW AGE FINANCIAL SERVICES INC
MIAMI FL 33130-0000 CENTURY BANK . TRUST CO
:61:110125CD1523,00S100S06102504A1F01//S06102504A1F01
B/O UNIVERSAL LAB   CHEMICAL SUPP
:86:PAID : REF 1166 - DATE 24/01/2011 20 UNITS GALONES DE COOLANT LE
SS CHARGES
BNF:100020006176705 RF AUTOMATIZACION S.A.
ORD:UNIVERSAL LAB CHEMICAL SUPPLIE
MINYAK 11, KAW. PERINDUSTRIAN
:61:110125CD1693,60S100C0010254374301//C0010254374301
B/O LONDON PUPAE SUPPLIES LTD
:86:AV.1 Y 2, CALLE 4,
BNF:200020650010596 ERNESTO RODRIGUEZ STRASBURGER
ORD:LONDON PUPAE SUPPLIES LTD
MANOR FARM ROAD HORSPATH OXFOR BARCLAYS BANK PLC HO UK
:61:110125CD1814,56S100G0110253577001//G0110253577001
B/O ALLURE TRADING COMPANY
:86:/ACC/BANCO NACIONAL DE COSTA RICAAVENIDA 1 Y 3 CALLE: 2 Y 4SAN J
OSE
BNF:100020026002461 FOLLAJES DAVALLIA
ORD:ALLURE TRADING COMPANY
3001 SW 3RD AVE MIAMI FL 331 2 CITIBANK FLORIDA FSB
:61:110125CD1880,00S100S06102414C8101//S06102414C8101
B/O /6908036907
:86:REF NO. 264195 LESS CHARGES
BNF:100-02-131-600198-8 WHITE DIMMOND
ORD:/6908036907
GOLDEN CO 80401-6572
UNITED MISSOURI BANK OF KANSAS
:62M:C110125USD126253,39
-}{5:{CHK:9A32014E997B}{DLM:}}{S:{SPD:}{COP:P}}${1:F21BNCRCRSJAXXX8279550596}{4:{177:1101260742}{451:0}}{1:F01BNCRCRSJAXXX8279550596}{2:O9400122110126CITIUS33HXXX15010742511101260738N}{3:{108:000822EK93247OPS}}{4:
:20:0034
:25:10923167/ATT:ENRIQUE UMANA
:28C:765/0006
:60M:C110125USD136164,89
:61:110125CD2000,00S202CA110125028467//C0010254694901
B/O BANK OF MONTREAL GPS CANADA
:86:BNF:BNCRCRSJXXX BANCO NACIONAL DE COSTA RICA
ORD:BANK OF MONTREAL GPS CANADA
WEST MONTREAL QC H2Y1L6 HSBC BANK USA
:61:110125CD2000,00S100F0110250621101//F0110250621101
B/O FERNANDEZ R., ROGELIO
:86:BNF:10020006105779 FERNANDEZ INTERNACIONAL SA
ORD:FERNANDEZ R., ROGELIO
SAN JOSE, COSTA RICA
BANCO INTERNACIONAL DE COSTA R
:61:110125CD2257,58S100G0110253305301//G0110253305301
B/O PETER A KURBIKOFF
:86:2011 FEES FOR RG 057 /ACC/BANCO NATIONAL DE COSTA RICASANTA CRUZ
BNF:100020096003801 CONDOMINIO LA RESERVA DEL GOLF
ORD:PETER A KURBIKOFF
2908 STERLING COVE DR LAS VEGA CITIBANK NEVADA NA
:61:110125CD2460,00S100G0110252087001//G0110252087001
B/O FRANKLIN JIMENEZ
:86:/ACC/BANCO NACIONAL DE COSTA RICASAN JOSE
BNF:200021460023744 ADRIAN JIMENEZ
ORD:FRANKLIN JIMENEZ
25 JACKSON STREET GLEN COVE NY
CITIBANK NA NYBD CITICORP DATA
:61:110125CD2500,00S100G0110252402301//G0110252402301
B/O JAMES P DEBORST
:86:/ACC/BANCO NACIONAL DE COSTA RICAAVENIDA 1 Y 3 CALLE: 2 Y 4SAN J
OSE
BNF:200021140030769 LUIS MIGUEL GONZALEZ
ORD:JAMES P DEBORST
7979 NW 21ST ST SJO 513 DORAL CITIBANK ILLINOIS FSB
:61:110125CD2585,00S100G0110252896301//G0110252896301
B/O STENDHAL AMERICAS, S.A.
:86:FACTURA 5845-5846 DICIEMBRE Y FACTURA 5783-5784 NOVIEMBRE LESS C
HARGES
BNF:100020806002490 ICS CONSULTORES, S.A.
ORD:STENDHAL AMERICAS, S.A.
1513, PANAMA, REP. DE PANAMA CITIBANK NA PANAMA
:62M:C110125USD149967,47
-}{5:{CHK:860E0FB1FFDB}{DLM:}}{S:{SPD:}{COP:P}}${1:F21BNCRCRSJAXXX8279550595}{4:{177:1101260742}{451:0}}{1:F01BNCRCRSJAXXX8279550595}{2:O9400122110126CITIUS33DXXX17587861411101260738N}{3:{108:000822EK93181OPS}}{4:
:20:0034
:25:10923167/ATT:ENRIQUE UMANA
:28C:765/0003
:60M:C110125USD109558,39
:61:110125CD900,00S100F011025050F901//F011025050F901
B/O DAVID F HINCHMAN TTEE
:86:SWIFT BNCRCRSJ IDENTIFICATIO NO. 117000421336
BNF:15103220010200071 DR. LUIS G ARIAS PULGARIN
ORD:DAVID F HINCHMAN TTEE
CHEBEAGUE IS ME 04017-3524
NATIONAL FINANCIAL SERVICES LL
:61:110125CD1000,00S2022011012500118982//C0010253269401
B/O BRUCE BRADSHAW
:86:CVR OF DIR PYMT
BNF:BNCRCRSJ BANCO NACIONAL DE COSTA RICA
ORD:BRUCE BRADSHAW
ACTON MA 01720 US BRUCE M BRADSHAW
:61:110125CD1080,84S100G0110241603901//G0110241603901
B/O VANBREDA INTERNATIONAL NV
:86:CUENTA DD24/01/11 REEMBOLSO DE GASTOS MEDICOS NSTRA REF: 001 18
84366 UNO
BNF:200020005968130 PEREZ NIELSEN
ORD:VANBREDA INTERNATIONAL NV
N MORETUSLEI 299 B-2140 BORGER VANBREDA INTERNATIONAL NV
:61:110125CD1147,00S2022011012500264377//C0010255192201
B/O TELA RAILROAD COMPANY
:86:CVR OF DIR PYMT
BNF:BNCRCRSJXXX BANCO NACIONAL DE COSTA RICA
ORD:TELA RAILROAD COMPANY
SAN PEDRO SULA TELA RAILROAD COMPANY
:61:110125CD1256,00S100F0110250285F01//F0110250285F01
B/O FOUR REEL VENTURES INC
:86:BNF:100-02-003-600244-0 PARAMARES S A
ORD:FOUR REEL VENTURES INC
MCINTYRE GA 31054 CENTURY BANK . TRUST
:61:110125CD1400,00S100G0110252111501//G0110252111501
B/O JUSTIN GOODYEAR
:86:/ACC/BANCO NACIONAL DE COSTA RICAAVENIDA 1 Y 3 CALLE: 2 Y 4SAN J
OSE
BNF:200021915008 CRISTINA SARTORI MEDRI
ORD:JUSTIN GOODYEAR
158 BROADWAY BROOKLYN NY 11211
CITIBANK NA NYBD CITICORP DATA
:62M:C110125USD116342,23
-}{5:{CHK:0E54943AF674}{DLM:}}{S:{SPD:}{COP:P}}${1:F21BNCRCRSJAXXX8279550670}{4:{177:1101260744}{451:0}}{1:F01BNCRCRSJAXXX8279550670}{2:O9500303110126CHASUS33AXXX88422921001101260740N}{3:{108:DDA01255412304}}{4:
:20:ST01250011186749
:25:001 1 186749
:28C:00016/00012
:60M:C110125USD10929854,47
:61:110125DD1945,45S103095-06-0091910//1941900025JS
:61:110125DD1880,60S103208-06-1458964-O//0908400025JS
:61:110125DD1645,73S103208-06-1460924-O//1944300025JS
:61:110125DD1309,24S103080-06-0188449-O//7970600024JS
:61:110125DD950,00S103095-06-0091894//1941800025JS
:61:110125DD868,00S103080-06-0188476//2120600025JS
:61:110125DD790,60S103080-06-0188494-O//2120700025JS
:61:110125DD625,00S103002-06-0221489-O//R-1943400025JS
:61:110125DD550,00S103205-06-2380423-O//0017500025JS
:61:110125DD300,00S103004-06-0098646-O//1078500025JS
:62F:C110125USD10918989,85
:64:C110125USD10918989,85
-}{5:{CHK:ABD85C88A802}{DLM:}}{S:{SPD:}{COP:P}}${1:F21BNCRCRSJAXXX8279550669}{4:{177:1101260744}{451:0}}{1:F01BNCRCRSJAXXX8279550669}{2:O9500303110126CHASUS33AXXX88422920991101260740N}{3:{108:DDA01255412303}}{4:
:20:ST01250011186749
:25:001 1 186749
:28C:00016/00011
:60M:C110125USD11089376,78
:61:110125DD13416,06S103205-06-2380290-O//9110800025FS
:61:110125DD11222,18S103047-06-0061586-O//2023000025JS
:61:110125DD9965,00S103004-06-0098637//9736100025FS
:61:110125DD9892,00S103080-06-0188467-O//2119700025JS
:61:110125DD9500,00S103002-06-0221470-P//1329600025JS
:61:110125DD7717,00S103205-06-2381002-O//2036500025JS
:61:110125DD7500,00S103095-06-0091821//1085500025JS
:61:110125DD7426,00S103080-06-0188412//7970800024JS
:61:110125DD6124,76S103031-06-0000089-O//8130600024JS
:61:110125DD6095,64S103047-06-0061602-O//2022900025JS
:61:110125DD6000,00S103205-06-2379658-O//8043400024JS
:61:110125DD5000,00S103208-06-1461022-O//1746400025JS
:61:110125DD4482,87S103208-06-1460504-O//9739400025FS
:61:110125DD4346,86S103080-06-0188430-O//7970700024JS
:61:110125DD4298,48S103208-06-1460933-O//1944800025JS
:61:110125DD4000,00S103205-06-2380520//0020500025JS
:61:110125DD4000,00S103208-06-1461601//1334900025JS
:61:110125DD3580,00S103208-06-1461380//1334800025JS
:61:110125DD3561,96S103205-06-2378837//0515600025JS
:61:110125DD3500,00S103205-06-2380717//0514400025JS
:61:110125DD3300,00S103208-06-1461139//1116300025JS
:61:110125DD3030,00S103205-06-2379756//8044100024JS
:61:110125DD3000,00S103205-06-2374065//4266800018FS
:61:110125DD3000,00S103006-06-0089869//9110700025FS
:61:110125DD2604,00S103208-06-1461228-O//1748200025JS
:61:110125DD2580,00S103205-06-2380708//0515500025JS
:61:110125DD2178,00S103084-06-0066442//2023200025JS
:61:110125DD2160,00S103084-06-0066451//2023100025JS
:61:110125DD2095,00S103208-06-1461077//1116200025JS
:61:110125DD2000,00S103208-06-1460862-O//1944200025JS
:61:110125DD1946,50S103205-06-2380575-O//0192700025JS
:62M:C110125USD10929854,47
-}{5:{CHK:EAA3044F8BE1}{DLM:}}{S:{SPD:}{COP:P}}${1:F21BNCRCRSJAXXX8279550668}{4:{177:1101260744}{451:0}}{1:F01BNCRCRSJAXXX8279550668}{2:O9500303110126CHASUS33AXXX88422920981101260740N}{3:{108:DDA01255412302}}{4:
:20:ST01250011186749
:25:001 1 186749
:28C:00016/00010
:60M:C110125USD13723612,64
:61:110125CD129,36S103NONREF//0140100021FS
DEUTSCHE POSTBANK SAARBRUECKEN GER
:61:110125CD127,12S103NONREF//R-0134400021FS
DEUTSCHE POSTBANK SAARBRUECKEN GER
:61:110125CD127,12S103NONREF//R-0134500021FS
DEUTSCHE POSTBANK SAARBRUECKEN GER
:61:110125CD117,40S103NONREF//0228400021FS
DEUTSCHE POSTBANK SAARBRUECKEN GER
:61:110125CD117,32S103NONREF//0077100021FS
DEUTSCHE POSTBANK SAARBRUECKEN GER
:61:110125CD107,64S103NONREF//R-0255800021FS
DEUTSCHE POSTBANK SAARBRUECKEN GER
:61:110125CD99,00NTRF55105212-00//4608509025FF
REGIONS BANK BIRMINGHAM AL 35202- 
:61:110125CD87,82S103NONREF//0253300021FS
DEUTSCHE POSTBANK SAARBRUECKEN GER
:61:110125CD86,08S103NONREF//R-0171300021FS
DEUTSCHE POSTBANK SAARBRUECKEN GER
:61:110125CD77,50NTRFNONREF//5657200025JO
SOUTHWEST BRIDGE CORPORATE FEDERAL
:61:110125CD62,82S103NONREF//0129400021FS
DEUTSCHE POSTBANK SAARBRUECKEN GER
:61:110125CD20,00S202P72298892321//4804100025FR
JPMORGAN CHASE BANK NA - LONDON LO
:61:110125DD1250245,49S103803-06-0051314-O//0514300025JS
:61:110125DD806727,89S103208-06-1461166-O//1116400025JS
:61:110125DD208000,00S103208-06-1460087-O//9736300025FS
:61:110125DD61775,00S103208-06-1461558//1335000025JS
:61:110125DD58824,00S103020-06-0017859//1329700025JS
:61:110125DD56440,00S103208-06-1460425-O//7722000024JS
:61:110125DD46846,00S103205-06-2378864//0020600025JS
:61:110125DD44245,00S103208-06-1460960-O//R-1944900025JS
:61:110125DD29000,00S103208-06-1461200//1118800025JS
:61:110125DD21000,00S103208-06-1460657//1116100025JS
:61:110125DD19943,15S103006-06-0089887//1030500025JS
:61:110125DD16240,50S103205-06-2380227//9112800025FS
:61:110125DD16108,01S103208-06-1460078-O//9736200025FS
:62M:C110125USD11089376,78
-}{5:{CHK:369CB67FBF72}{DLM:}}{S:{SPD:}{COP:P}}${1:F21BNCRCRSJAXXX8279550667}{4:{177:1101260744}{451:0}}{1:F01BNCRCRSJAXXX8279550667}{2:O9500303110126CHASUS33AXXX88422920971101260740N}{3:{108:DDA01255412301}}{4:
:20:ST01250011186749
:25:001 1 186749
:28C:00016/00009
:60M:C110125USD13719419,16
:61:110125CD275,65S202P72299932321//4810900025FR
JPMORGAN CHASE BANK NA - LONDON LO
:61:110125CD265,00NTRFNONREF//4029800025JO
US AIRWAYS INC PHOENIX AZ 85034-38
:61:110125CD243,60S103NONREF//R-0163100021FS
DEUTSCHE POSTBANK SAARBRUECKEN GER
:61:110125CD238,24S103NONREF//R-0169100021FS
DEUTSCHE POSTBANK SAARBRUECKEN GER
:61:110125CD234,49S103NONREF//0094000021FS
DEUTSCHE POSTBANK SAARBRUECKEN GER
:61:110125CD225,64S103NONREF//0284700021FS
DEUTSCHE POSTBANK SAARBRUECKEN GER
:61:110125CD220,83S103NONREF//0274700021FS
DEUTSCHE POSTBANK SAARBRUECKEN GER
:61:110125CD217,88S103NONREF//0097000021FS
DEUTSCHE POSTBANK SAARBRUECKEN GER
:61:110125CD216,72S103NONREF//0215100021FS
DEUTSCHE POSTBANK SAARBRUECKEN GER
:61:110125CD216,72S103NONREF//0215200021FS
DEUTSCHE POSTBANK SAARBRUECKEN GER
:61:110125CD207,34S103NONREF//0242100021FS
DEUTSCHE POSTBANK SAARBRUECKEN GER
:61:110125CD200,00S202CA110124198642//5276000024JS
ROYAL BANK OF CANADA-PAYMENT CENTE
:61:110125CD186,00NTRFNONREF//0994600025ES
ERIC GAYLES FOLSOM, CA 956306130  
:61:110125CD183,98S103NONREF//0054800021FS
DEUTSCHE POSTBANK SAARBRUECKEN GER
:61:110125CD177,05S103NONREF//R-0368200021FS
DEUTSCHE POSTBANK SAARBRUECKEN GER
:61:110125CD159,27S103NONREF//R-0153700021FS
DEUTSCHE POSTBANK SAARBRUECKEN GER
:61:110125CD150,00NTRFOP077256841//1951800025FC
BANK OF MONTREAL MONTREAL, CANADA 
:61:110125CD148,35S103NONREF//0091900021FS
DEUTSCHE POSTBANK SAARBRUECKEN GER
:61:110125CD146,00NTRFMINO103110250113//6178900025FC
CAISSE CENTRALE DESJARDINS MONTREA
:61:110125CD142,60S103NONREF//0209700021FS
DEUTSCHE POSTBANK SAARBRUECKEN GER
:61:110125CD138,12S103NONREF//0235400021FS
DEUTSCHE POSTBANK SAARBRUECKEN GER
:62M:C110125USD13723612,64
-}{5:{CHK:B6ACC29CD6BB}{DLM:}}{S:{SPD:}{COP:P}}${1:F21BNCRCRSJAXXX8279550666}{4:{177:1101260744}{451:0}}{1:F01BNCRCRSJAXXX8279550666}{2:O9500303110126CHASUS33AXXX88422920961101260740N}{3:{108:DDA01255412300}}{4:
:20:ST01250011186749
:25:001 1 186749
:28C:00016/00008
:60M:C110125USD13711483,81
:61:110125CD485,00NTRFNONREF//4432900025JO
US CENTRAL INT'L WIRES LENEXA KS 6
:61:110125CD463,48S103NONREF//R-0285200021FS
DEUTSCHE POSTBANK SAARBRUECKEN GER
:61:110125CD463,37S103NONREF//R-0361300021FS
DEUTSCHE POSTBANK SAARBRUECKEN GER
:61:110125CD459,29S103NONREF//0157400021FS
DEUTSCHE POSTBANK SAARBRUECKEN GER
:61:110125CD441,58S103NONREF//R-0178900021FS
DEUTSCHE POSTBANK SAARBRUECKEN GER
:61:110125CD433,45NTRF2011012500004280//3738509025FF
M AND I MARSHALL AND ILSLEY BANK M
:61:110125CD427,70S103NONREF//R-0157300021FS
DEUTSCHE POSTBANK SAARBRUECKEN GER
:61:110125CD425,11S103NONREF//0174300021FS
DEUTSCHE POSTBANK SAARBRUECKEN GER
:61:110125CD420,09S103NONREF//R-0239900021FS
DEUTSCHE POSTBANK SAARBRUECKEN GER
:61:110125CD416,34S103NONREF//0293800021FS
DEUTSCHE POSTBANK SAARBRUECKEN GER
:61:110125CD412,94S103NONREF//R-0134300021FS
DEUTSCHE POSTBANK SAARBRUECKEN GER
:61:110125CD402,53S103NONREF//0252500021FS
DEUTSCHE POSTBANK SAARBRUECKEN GER
:61:110125CD394,74S103NONREF//0258500021FS
DEUTSCHE POSTBANK SAARBRUECKEN GER
:61:110125CD382,51S103NONREF//0274900021FS
DEUTSCHE POSTBANK SAARBRUECKEN GER
:61:110125CD366,76S103NONREF//R-0255700021FS
DEUTSCHE POSTBANK SAARBRUECKEN GER
:61:110125CD328,89S103NONREF//0188100021FS
DEUTSCHE POSTBANK SAARBRUECKEN GER
:61:110125CD310,00S103NONREF//9218700021JS
STADSPARKASSE DUSSELDORF DUSSELDOR
:61:110125CD304,07S103NONREF//R-0168900021FS
DEUTSCHE POSTBANK SAARBRUECKEN GER
:61:110125CD300,00S202CA110123036047//0531300024JS
ROYAL BANK OF CANADA-PAYMENT CENTE
:61:110125CD297,50NTRFBI11715910250009//7183400025FC
EVANGELISM EXPLOSION III FT LAUDER
:62M:C110125USD13719419,16
-}{5:{CHK:9EF3B694649B}{DLM:}}{S:{SPD:}{COP:P}}${1:F21BNCRCRSJAXXX8279550665}{4:{177:1101260744}{451:0}}{1:F01BNCRCRSJAXXX8279550665}{2:O9500303110126CHASUS33AXXX88422920951101260740N}{3:{108:DDA01255412299}}{4:
:20:ST01250011186749
:25:001 1 186749
:28C:00016/00007
:60M:C110125USD13699221,22
:61:110125CD746,94S103NONREF//R-0194100021FS
DEUTSCHE POSTBANK SAARBRUECKEN GER
:61:110125CD735,00NTRF1137161102013700//3069709025FF
WACHOVIA NY INTL NEW YORK NY 10152
:61:110125CD727,75S103NONREF//0045800021FS
DEUTSCHE POSTBANK SAARBRUECKEN GER
:61:110125CD711,67NTRF2011012500005456//5058409025FF
M AND I MARSHALL AND ILSLEY BANK M
:61:110125CD700,00S202EBANKGO38045060//6406800021JS
NATIONAL WESTMINSTER BANK PLC LOND
:61:110125CD687,51S103NONREF//R-0078800021FS
DEUTSCHE POSTBANK SAARBRUECKEN GER
:61:110125CD662,92S103NONREF//0261100021FS
DEUTSCHE POSTBANK SAARBRUECKEN GER
:61:110125CD650,00NTRFNONREF//0251400025ES
JOSE J SUAREZ OREJON SUNLAND, CA 9
:61:110125CD625,99S103NONREF//R-0250100021FS
DEUTSCHE POSTBANK SAARBRUECKEN GER
:61:110125CD610,00NTRFOBBKOFNYC//R-1538009025FF
THE BANK OF NEW YORK MELLON NEW YO
:61:110125CD585,00NTRFR-2011-0020//6204900025FC
FABRICA DE BEBIDAS GASEOSAS DOR SA
:61:110125CD566,32S103NONREF//R-0160200021FS
DEUTSCHE POSTBANK SAARBRUECKEN GER
:61:110125CD553,82S103NONREF//R-0209100021FS
DEUTSCHE POSTBANK SAARBRUECKEN GER
:61:110125CD540,00S202CA110124332245//8253000024JS
ROYAL BANK OF CANADA-PAYMENT CENTE
:61:110125CD539,08S103NONREF//R-0171100021FS
DEUTSCHE POSTBANK SAARBRUECKEN GER
:61:110125CD535,92S103NONREF//0732500025JS
BANCO NACIONAL DE PANAMA REPUBLIC 
:61:110125CD535,00NTRFNONREF//0010000025ES
TIMOTHY D OMEARA BETH A OMEARA CHI
:61:110125CD531,02S103NONREF//0232900021FS
DEUTSCHE POSTBANK SAARBRUECKEN GER
:61:110125CD515,73S103NONREF//R-0063400021FS
DEUTSCHE POSTBANK SAARBRUECKEN GER
:61:110125CD502,92S103NONREF//R-0278800021FS
DEUTSCHE POSTBANK SAARBRUECKEN GER
:62M:C110125USD13711483,81
-}{5:{CHK:14F93FA96A53}{DLM:}}{S:{SPD:}{COP:P}}${1:F21BNCRCRSJAXXX8279550664}{4:{177:1101260744}{451:0}}{1:F01BNCRCRSJAXXX8279550664}{2:O9500303110126CHASUS33AXXX88422920941101260740N}{3:{108:DDA01255412298}}{4:
:20:ST01250011186749
:25:001 1 186749
:28C:00016/00006
:60M:C110125USD13680220,76
:61:110125CD1127,32S103NONREF//R-0268600021FS
DEUTSCHE POSTBANK SAARBRUECKEN GER
:61:110125CD1116,33S103NONREF//R-0103800021FS
DEUTSCHE POSTBANK SAARBRUECKEN GER
:61:110125CD1108,86NTRF4028011121645700//4907400025FC
GIUSO GIULIANO, SMANIO PATRIZIA 00
:61:110125CD1080,00NTRFNONREF//1097400025ES
BETTY WAGNER MOLALLA, OR 970388771
:61:110125CD1067,00NTRFNONREF//0586000025ES
JACOB D SINCLAIR NEVADA CITY, CA 9
:61:110125CD1021,28S103NONREF//0104600021FS
DEUTSCHE POSTBANK SAARBRUECKEN GER
:61:110125CD1010,00NTRFNONREF//5881100025JO
TRAX HOLDINGS INCORPORATED SCOTTSD
:61:110125CD1000,00S202P72299432321//4807400025FR
JPMORGAN CHASE BANK NA - LONDON LO
:61:110125CD974,10S103NONREF//R-0322700021FS
DEUTSCHE POSTBANK SAARBRUECKEN GER
:61:110125CD973,42S103NONREF//0314200021FS
DEUTSCHE POSTBANK SAARBRUECKEN GER
:61:110125CD954,69S103NONREF//R-0274600021FS
DEUTSCHE POSTBANK SAARBRUECKEN GER
:61:110125CD950,00S202CA110121467496//3513500021FS
ROYAL BANK OF CANADA-PAYMENT CENTE
:61:110125CD936,00NTRFNONREF//0784700025ES
SETTLEMENTSERVICINGCOM INC HAYWARD
:61:110125CD862,86S103NONREF//R-0282500021FS
DEUTSCHE POSTBANK SAARBRUECKEN GER
:61:110125CD851,00S202CA110123002960//0528100024JS
ROYAL BANK OF CANADA-PAYMENT CENTE
:61:110125CD818,77S103NONREF//0187500021FS
DEUTSCHE POSTBANK SAARBRUECKEN GER
:61:110125CD815,79S103NONREF//0272900021FS
DEUTSCHE POSTBANK SAARBRUECKEN GER
:61:110125CD800,53S103NONREF//R-0272400021FS
DEUTSCHE POSTBANK SAARBRUECKEN GER
:61:110125CD782,51S103NONREF//0188300021FS
DEUTSCHE POSTBANK SAARBRUECKEN GER
:61:110125CD750,00NTRFNONREF//1308400025ES
RESORTS MANAGEMENT INC DBA NORWALK
:62M:C110125USD13699221,22
-}{5:{CHK:49A024BB0F04}{DLM:}}{S:{SPD:}{COP:P}}${1:F21BNCRCRSJAXXX8279550663}{4:{177:1101260744}{451:0}}{1:F01BNCRCRSJAXXX8279550663}{2:O9500303110126CHASUS33AXXX88422920931101260740N}{3:{108:DDA01255412297}}{4:
:20:ST01250011186749
:25:001 1 186749
:28C:00016/00005
:60M:C110125USD13647512,79
:61:110125CD2222,27S103NONREF//0153500021FS
DEUTSCHE POSTBANK SAARBRUECKEN GER
:61:110125CD2050,00NTRFNONREF//1004800025ES
G F LAWNCARE MAINTENANCE NEW ORLEA
:61:110125CD2000,00NTRFNONREF//0904900025ES
ROSA I URENA MARGATE, FL 330634284
:61:110125CD2000,00NTRF2011012500023081//3811009025FF
PNC BANK OHIO CLEVELAND OH        
:61:110125CD1986,00S2029456009OP6041451//8653500025FS
BANKINTER MADRID SPAIN            
:61:110125CD1960,00NTRFNONREF//0236400025ES
MATTHIAS VOGEL ANN ARBOR MI 48104-
:61:110125CD1800,00NTRFNONREF//1172000025ES
LARRY J STECCO OR SUSAN M DECOURVA
:61:110125CD1800,00NTRFNONREF//1308700025ES
STEVE KOROVESIS TRUST DTD JUNE 24 
:61:110125CD1792,59NTRF1157121538011005//0471809025FF
WACHOVIA NY INTL NEW YORK NY 10152
:61:110125CD1742,32S202205-12-0013497//2355600021FS
BANCO BILBAO VIZCAYA ARGENTARIA SA
:61:110125CD1686,78S103NONREF//0353100021FS
DEUTSCHE POSTBANK SAARBRUECKEN GER
:61:110125CD1609,12S103NONREF//0364700021FS
DEUTSCHE POSTBANK SAARBRUECKEN GER
:61:110125CD1485,00NTRFTT84803502500384//7498900025FC
PAUL H FORESTELL GLEN HEAD NY 1154
:61:110125CD1329,90S103NONREF//R-0071300021FS
DEUTSCHE POSTBANK SAARBRUECKEN GER
:61:110125CD1320,42S103NONREF//R-0182500021FS
DEUTSCHE POSTBANK SAARBRUECKEN GER
:61:110125CD1258,63S103NONREF//0320600021FS
DEUTSCHE POSTBANK SAARBRUECKEN GER
:61:110125CD1251,50S202205-12-0013406//2355700021FS
BANCO BILBAO VIZCAYA ARGENTARIA SA
:61:110125CD1140,87S103NONREF//R-0215700021FS
DEUTSCHE POSTBANK SAARBRUECKEN GER
:61:110125CD1139,33NTRFNONREF//0905200025ES
AVIATION CHEMICAL SOLUTIONS, INC M
:61:110125CD1133,24S103NONREF//0094700021FS
DEUTSCHE POSTBANK SAARBRUECKEN GER
:62M:C110125USD13680220,76
-}{5:{CHK:09018894FE30}{DLM:}}{S:{SPD:}{COP:P}}${1:F21BNCRCRSJAXXX8279550662}{4:{177:1101260744}{451:0}}{1:F01BNCRCRSJAXXX8279550662}{2:O9500303110126CHASUS33AXXX88422920921101260740N}{3:{108:DDA01255412296}}{4:
:20:ST01250011186749
:25:001 1 186749
:28C:00016/00004
:60M:C110125USD13581046,79
:61:110125CD4000,00NTRF110125501034//4625309025FF
COMERICA BANK DETROIT MI 48226-344
:61:110125CD4000,00NTRF2395205//6355700025FC
CANADIAN IMPERIAL BANK OF COMMERCE
:61:110125CD3985,00NTRFOBCOMMBKCOV//3149109025FF
COMMUNITY BANK PASADENA CA 91103-3
:61:110125CD3985,00NTRFOBSIGNATUREBA//4522309025FF
SIGNATURE BANK NEW YORK NY 10017  
:61:110125CD3972,00NTRF2011012500024374//3793909025FF
PNC BANK, N.A. PITTSBURGH PA      
:61:110125CD3836,00NTRFOBMANDTBANK//6280700025FC
TRANSATLANTIC AGENCIES, INC MIDDLE
:61:110125CD3665,00NTRF025452454//6921000025FC
SYDNEY WORTH DUNN III RALEIGH NC 2
:61:110125CD3655,44NTRF2011012500003565//5804000025FC
KEY TO COSTA RICA LLC BRATTLEBORO 
:61:110125CD3510,00NTRFNONREF//0723400025ES
DINAH L MASON OR JOHN S MASON SANT
:61:110125CD3300,00NTRFNONREF//1000400025ES
BRUCE F HARRIS III OR SHEILA L MES
:61:110125CD3244,45NTRF7906NOO06296280//5269200025FC
DNB NOR BANK ASA NORWAY NORWAY    
:61:110125CD3077,50NTRFNONREF//5654500025JO
SOUTHWEST BRIDGE CORPORATE FEDERAL
:61:110125CD3000,00NTRFNONREF//0121100025ES
TOM L ANDERSON MIAMI, FL 331025331
:61:110125CD3000,00S2029464009OP6038543//7848800024JS
BANKINTER MADRID SPAIN            
:61:110125CD2885,00NTRFNONREF//3022900024JO
P L DEVELOPMENT OF NEW YORK CORP W
:61:110125CD2785,00NTRF205-12-0008038-O//3288709025FF
STANDARD CHARTERED BANK NEW YORK N
:61:110125CD2785,00NTRFOBFIRSTBKCOLO//3346009025FF
FIRST BANK OF WESTLAND LAKEWOOD CO
:61:110125CD2731,00S202ELBANKO24362079//7983200021JS
THE ROYAL BANK OF SCOTLAND PLC MAN
:61:110125CD2565,01S103NONREF//2370600025JS
THE BANK OF NOVA SCOTIA JAMAICA KI
:61:110125CD2484,60S103NONREF//0214900021FS
DEUTSCHE POSTBANK SAARBRUECKEN GER
:62M:C110125USD13647512,79
-}{5:{CHK:B03B0ADF1784}{DLM:}}{S:{SPD:}{COP:P}}${1:F21BNCRCRSJAXXX8279550661}{4:{177:1101260744}{451:0}}{1:F01BNCRCRSJAXXX8279550661}{2:O9500303110126CHASUS33AXXX88422920911101260740N}{3:{108:DDA01255412295}}{4:
:20:ST01250011186749
:25:001 1 186749
:28C:00016/00003
:60M:C110125USD13455468,10
:61:110125CD9449,00NTRF5314002//4432400025FC
CANADIAN IMPERIAL BANK OF COMMERCE
:61:110125CD9118,30NTRFNONREF//4005800024JO
PRAXAIR INC GENERAL FUND DANBURY C
:61:110125CD8662,50S103NONREF//6224900025FS
BANK OF MOSCOW MOSCOW RUSSIAN FEDE
:61:110125CD7533,63NTRFMMB3823-10JAN11//5885900025FC
QA BBME 001-304518-001 FLIGHT OPRE
:61:110125CD6775,00S202CA110124357284//7808500024JS
ROYAL BANK OF CANADA-PAYMENT CENTE
:61:110125CD6750,00NTRFNONREF//1347900025ES
GLOBAL TRADING SERVICES MIAMI, FL 
:61:110125CD6602,66S103NONREF//0653100025JS
BANCO DE CREDITO DEL PERU LIMA LIM
:61:110125CD6565,00S103NONREF//4188100025FS
BANK OF CHINA (HONG KONG) LTD CENT
:61:110125CD6485,00NTRFOBBKOFNYC//4220809025FF
THE BANK OF NEW YORK MELLON NEW YO
:61:110125CD6340,80S202ELBANKO24385639//7802800025FS
THE ROYAL BANK OF SCOTLAND PLC MAN
:61:110125CD5900,00NTRFNONREF//0063800025ES
PETER G WILLIAMS OR RAFAELA PULIDO
:61:110125CD5676,50S103NONREF//0876600025JS
UNITED NATIONS GENERAL FUND NEW YO
:61:110125CD5561,03S2022011012100012197//0482000021FS
FORTIS BANK (NEDERLAND) N.V. AMSTE
:61:110125CD5500,00NTRF025302924//0237500025FC
HELMAN K M US33122-1616           
:61:110125CD5215,00NTRF000000000177299//6755900025FC
CONSERVAS PANAMENAS SELECTAS S A P
:61:110125CD4992,00S202C12D11020L23665//8876800020FS
BANQUE FEDERATIVE DU CREDIT STRASB
:61:110125CD4985,00NTRF2011012500002851//7413800025FC
DANIEL EDWARD EVANS TOD TO BENEFIC
:61:110125CD4563,20S2022011012100012196//0482100021FS
FORTIS BANK (NEDERLAND) N.V. AMSTE
:61:110125CD4485,00NTRFBI81928010240005//4818500025FC
RACO HOLDINGS LLC HERMOSA BEACH   
:61:110125CD4419,07S202111017393986//0001100021FS
UNICREDIT BANCA SPA MILAN ITALY   
:62M:C110125USD13581046,79
-}{5:{CHK:9CA83E7B74B3}{DLM:}}{S:{SPD:}{COP:P}}${1:F21BNCRCRSJAXXX8279550660}{4:{177:1101260744}{451:0}}{1:F01BNCRCRSJAXXX8279550660}{2:O9500303110126CHASUS33AXXX88422920901101260740N}{3:{108:DDA01255412294}}{4:
:20:ST01250011186749
:25:001 1 186749
:28C:00016/00002
:60M:C110125USD13143776,06
:61:110125CD29970,00NTRFOBFIRSTBKCOLO//4678609025FF
FIRST BANK OF WESTLAND LAKEWOOD CO
:61:110125CD25628,00S2022011012519270229//0791200025JS
BANK OF IRELAND DUBLIN 1 IRELAND  
:61:110125CD24905,00NTRFOBTOTALBANKMI//4924709025FF
TOTALBANK MIAMI FL 33245-0678     
:61:110125CD23355,00NTRFNONREF//4690600025JO
FARM CREDIT BANK OF TEXAS AUSTIN T
:61:110125CD22944,96S103NONREF//1773500025JS
BAC INTERNATIONAL BANK INC PANAMA 
:61:110125CD20455,00S103NONREF//1920400025JS
BANCO POPULAR DE PUERTO RICO SAN J
:61:110125CD20000,00S202CCE90000120//8832200025FS
DEUTSCHE BUNDESBANK D 60431 FRANKF
:61:110125CD17730,00S202MGL001458667//6287400021JS
CREDIT MUTUEL ARKEA FRANCE FRANCE 
:61:110125CD17633,00S103NONREF//1933800025JS
SCOTIABANK AND TRUST CAYMAN LTD GR
:61:110125CD15434,08NTRF000001861//0485509025FF
WELLS FARGO BANK SAN FRANCISCO CA 
:61:110125CD11984,00NTRF58773111217810RB//4968900025FC
AGRIA FIORITA SRL SOCIETA' AGRICOL
:61:110125CD11073,00NTRFBI11164710250002//7023600025FC
RUBIN BROS PRODUCE CORP BRONX     
:61:110125CD10985,00NTRFOBMANDTBANK//6796400025FC
KEITH S MCCARTNEY 9030053426      
:61:110125CD10000,00NTRFNONREF//0422500025ES
RONALD KING OR MARILLYN KING HOUST
:61:110125CD10000,00NTRF2396068//5814009025FF
BANK OF AMERICA N.A. NEW YORK NY 1
:61:110125CD10000,00S202CA110124322610//7722500024JS
ROYAL BANK OF CANADA-PAYMENT CENTE
:61:110125CD9985,00NTRFOBBCOBILBAON//2679009025FF
BANCO BILBAO VIZCAYA ARGENTARIA,SA
:61:110125CD9825,00NTRFNONREF//0450200025ES
CA ONE INVESTORS LLC FORT MYERS FL
:61:110125CD9785,00NTRFOBNATLBRIDGEH//3693809025FF
BRIDGEHAMPTON NATIONAL BANK SOUTHA
:62M:C110125USD13455468,10
-}{5:{CHK:7D59083C288A}{DLM:}}{S:{SPD:}{COP:P}}${1:F21BNCRCRSJAXXX8279550659}{4:{177:1101260744}{451:0}}{1:F01BNCRCRSJAXXX8279550659}{2:O9500303110126CHASUS33AXXX88422920891101260740N}{3:{108:DDA01255412293}}{4:
:20:ST01250011186749
:25:001 1 186749
:28C:00016/00001
:60F:C110125USD4107691,65
:61:110125CD5564973,05NTRFNONREF//2130900025JO
ED F MAN TREASURY MANAGEMENT PLC L
:61:110125CD2000000,00NTRFDRFLI-11-01-0124//6058100025FC
BANCO NACIONAL DE COSTA RICA SAN J
:61:110125CD289985,00NTRFNONREF//8058500025ZO
CARTEX DEL INC WINSTON SALEM NC 27
:61:110125CD125985,00NTRFNONREF//3912500025JO
PANDUIT CORP TINLEY PARK IL 60487-
:61:110125CD99943,00S103NONREF//0867400025FS
AUSTRALIA NEW ZEALAND BANKING SING
:61:110125CD95000,00NTRFNONREF//0673900025ES
EDUCATIONAL SUMMITS LLC DBA NEW BE
:61:110125CD95000,00NTRF110125501010//4972209025FF
COMERICA BANK DETROIT MI 48226-344
:61:110125CD84200,00S103INT621//3869500025FS
MARFIN POPULAR BANK HEAD OFFICE NI
:61:110125CD84027,22NTRFOBCITIBANKNYC//6659600025FC
MAC, S.A. CALI COLOMBIA /MAB      
:61:110125CD79847,07NTRF2011012500031370//4907409025FF
PNC BANK, N.A. PITTSBURGH PA      
:61:110125CD78000,00NTRFMINO103110250036//5896300025FC
CAISSE CENTRALE DESJARDINS MONTREA
:61:110125CD69985,00NTRFNONREF//8057300025ZO
HANESBRANDS INC WINSTON SALEM NC 2
:61:110125CD55893,56S103NONREF//2407300025JJ
J.P. MORGAN CLEARING CORP. BROOKLY
:61:110125CD53551,75S103INV.10-2-0283//8066900024JS
BANCO DE CHILE SANTIAGO CHILE     
:61:110125CD49985,00NTRFNONREF//1430900025ES
ROCKEFELLER PHILANTHROPY ADVISORS 
:61:110125CD49963,50S103NONREF//R-2319400025FS
SHINHAN BANK CHUNG KU SEOULKOREA R
:61:110125CD49940,00S103NONREF//3397600021FS
MULTIBANK INC REPUBLIC OF PANAMA 0
:61:110125CD39916,80S202EBANKGO38089047//5385800025FS
NATIONAL WESTMINSTER BANK PLC LOND
:61:110125CD36876,46NTRF110125501286//5390709025FF
COMERICA BANK SAN FRANCISCO CA 951
:61:110125CD33012,00S103NONREF//0808100021FS
ABN AMRO BANK N V HEAD OFFICE AMST
:62M:C110125USD13143776,06
-}{5:{CHK:878608056998}{DLM:}}{S:{SPD:}{COP:P}}${1:F21BNCRCRSJAXXX8279550514}{4:{177:1101260739}{451:0}}{1:F01BNCRCRSJAXXX8279550514}{2:O9502023110125BOFAUS3MAXXX19006787761101260735N}{3:{108:1101260005798-01}}{4:
:20:DAILY STATEMENT
:25:1901874818
:28C:00016/00010
:60M:C110125USD6102076,96
:61:1101250125DD41432,70S103208-06-1461111-O//2011012500205983
BNF AMALIE OIL COMPANY USA ORG
:61:1101250125DD49720,47S103208-06-1460844-O//2011012500261420
BNF C.A.A.D. ORG BANCO NACIONAL DE
:61:1101250125DD134235,88S103061-06-0066001//2011012500220816
BNF THERMO KING CORPORATION USA
:61:1101250125DD144131,20S103205-06-2380076//2011012400297281
BNF ARAD LTDA DALIA KIBUT ORG
:61:1101250125DD170000,S103208-06-1461442-O//2011012500248386
BNF USA TRADE Y EXPORTS, INC ORLAN
:61:1101250125DD172652,45S103035-06-0048748//2011012500261326
BNF MILLER INDUSTRIES TOWING OOLTE
:61:1101250125DD181343,82S103208-06-1461335//2011012500221389
BNF MARIA E GALLO USA ORG BANCO
:61:1101250125DD1672260,33S202803-06-0051305//2011012500171847
BNF GTC BANK INC GUATE ORG BANCO
:61:1101250125DD3150000,NTRFNONREF//AUTOINV TD XFER
REG INV XFER TO ACCT 8836074818
:62F:C110125USD386300,11
:64:C110125USD386300,11
-}{5:{CHK:617ACE078212}{DLM:}}{S:{SPD:}{COP:P}}${1:F21BNCRCRSJAXXX8279550513}{4:{177:1101260739}{451:0}}{1:F01BNCRCRSJAXXX8279550513}{2:O9502023110125BOFAUS3MAXXX19006787751101260735N}{3:{108:1101260005797-01}}{4:
:20:DAILY STATEMENT
:25:1901874818
:28C:00016/00009
:60M:C110125USD6380881,08
:61:1101250125DD10000,NCHK4148//TRX 06892411441
CHECK PAID MICR ENCODED
:61:1101250125DD12458,88NCHK8268//TRX 06892374297
CHECK PAID MICR ENCODED
:61:1101250125DD12949,30NCHK7391//TRX 06892411374
CHECK PAID MICR ENCODED
:61:1101250125DD13031,S103129-06-0013274//2011012500184991
BNF JL + SON TRASPORT AND TO USA
:61:1101250125DD13166,29NCHK7393//TRX 06892374901
CHECK PAID MICR ENCODED
:61:1101250125DD14995,57NCHK18434//TRX 06892411391
CHECK PAID MICR ENCODED
:61:1101250125DD16200,S103205-06-2379113//2011012400297772
BNF JUMAN INC USA ORG BANCO
:61:1101250125DD18945,50S103002-06-0221504//2011012500261329
BNF INDOOR SPORTS AND ENTERT USA
:61:1101250125DD20000,S103205-06-2380272-O//2011012500134270
BNF FERNANDO HIDALGO BADILLA OESTE
:61:1101250125DD20000,S103205-06-2380236//2011012500134306
BNF KAREN ELIZABETH GREILING USA
:61:1101250125DD20385,S103208-06-1461488//2011012500206039
BNF PC TECH GROUP INC USA ORG
:61:1101250125DD22077,NCHK7902//TRX 06892412648
CHECK PAID MICR ENCODED
:61:1101250125DD24000,NCHK4496//TRX 06892412649
CHECK PAID MICR ENCODED
:61:1101250125DD25595,58NCHK18436//TRX 06892412647
CHECK PAID MICR ENCODED
:61:1101250125DD35000,S103006-06-0089850//2011012400290532
BNF RONALD BARRANTES EXPORT USA
:62M:C110125USD6102076,96
-}{5:{CHK:9278DE6948D5}{DLM:}}{S:{SPD:}{COP:P}}${1:F21BNCRCRSJAXXX8279550512}{4:{177:1101260739}{451:0}}{1:F01BNCRCRSJAXXX8279550512}{2:O9502023110125BOFAUS3MAXXX19006787741101260735N}{3:{108:1101260005796-01}}{4:
:20:DAILY STATEMENT
:25:1901874818
:28C:00016/00008
:60M:C110125USD6506261,21
:61:1101250125DD5558,28S103205-06-2380502//2011012500148771
BNF KLINE AMERICA INC USA ORG
:61:1101250125DD5650,S103208-06-1461219-O//2011012500206038
BNF IRIS BORASCHI DIAZ CANAD ORG
:61:1101250125DD6000,S103208-06-1461326//2011012500221388
BNF FU SIU LIN ROM 2 ORG BANCO
:61:1101250125DD6770,S103035-06-0048757-O//2011012500261504
BNF DREAM WORKS ANIMATION L. USA
:61:1101250125DD7000,S103087-06-0046738//2011012500261258
BNF K LINE AMERICA INC ORG BANCO
:61:1101250125DD7500,S103205-06-2380469-O//2011012500153887
BNF MINOR ZUNIGA SOLANO USA ORG
:61:1101250125DD9000,NCHK18565//TRX 06892411915
CHECK PAID MICR ENCODED
:61:1101250125DD9500,S103208-06-1459810//2011012500148195
BNF JNB MFC AND EXPORTING CO BANGK
:61:1101250125DD9500,S103003-06-0032628//2011012500171846
BNF QS WHOLESALE INC USA ORG BANCO
:61:1101250125DD9585,S103002-06-0221407//2011012400283705
BNF 3 A INTERNATIONAL ENTERP KOWLO
:61:1101240125DD9690,NCHK18100//415270978
CK 18100 BCI DONE 21JAN11
:61:1101250125DD9809,33S103208-06-1460988-O//2011012500248385
BNF BANCO G T CONTINENTAL S. GUATE
:61:1101250125DD9832,52NCHK18435//TRX 06892411962
CHECK PAID MICR ENCODED
:61:1101250125DD9985,NCHK18124//TRX 06892375177
CHECK PAID MICR ENCODED
:61:1101250125DD10000,NCHK4149//TRX 06892411442
CHECK PAID MICR ENCODED
:62M:C110125USD6380881,08
-}{5:{CHK:FD9426A4BC33}{DLM:}}{S:{SPD:}{COP:P}}${1:F21BNCRCRSJAXXX8279550511}{4:{177:1101260739}{451:0}}{1:F01BNCRCRSJAXXX8279550511}{2:O9502023110125BOFAUS3MAXXX19006787731101260735N}{3:{108:1101260005795-01}}{4:
:20:DAILY STATEMENT
:25:1901874818
:28C:00016/00007
:60M:C110125USD6572204,22
:61:1101250125DD3064,S103002-06-0221452//2011012500220815
BNF ALBERTO CORTES COSMETICS USA
:61:1101250125DD3421,70S103075-06-0089071//2011012500173474
BNF I CONNECT 360 INC USA ORG
:61:1101250125DD3600,S103035-06-0048720//2011012500261324
BNF DORELA LIGIA LAURA MUICA ROMAN
:61:1101250125DD3900,NCHK18508//TRX 06892412148
CHECK PAID MICR ENCODED
:61:1101250125DD3900,S103208-06-1461317//2011012500221387
BNF GOODMAN S MIAMI ORG BANCO
:61:1101250125DD4000,NCHK18115//TRX 06892411602
CHECK PAID MICR ENCODED
:61:1101250125DD4227,S103205-06-2380584-O//2011012500159878
BNF VALDEX PORT CORPORATION USA
:61:1101250125DD4517,S103035-06-0048739//2011012500261328
BNF SALLIE MAE INC BOS TUITI USA
:61:1101250125DD4600,NCHK18117//TRX 06892374862
CHECK PAID MICR ENCODED
:61:1101250125DD4714,S103208-06-1460602-O//2011012400290542
BNF M S A USA ORG BANCO NACIONAL
:61:1101250125DD5000,S103208-06-1460728-O//2011012500188829
BNF L L OPTICAL CALIF ORG BANCO
:61:1101250125DD5029,28S103208-06-1460835-O//2011012500261419
BNF RAMCO SYSTEMS CORPORATION ORG
:61:1101250125DD5207,10S103205-06-2380842//2011012500188885
BNF HALCON CERAMICAS CASTELL ESPAN
:61:1101250125DD5215,NCHK18563//TRX 06892411935
CHECK PAID MICR ENCODED
:61:1101250125DD5547,93NCHK19232//TRX 06892411480
CHECK PAID MICR ENCODED
:62M:C110125USD6506261,21
-}{5:{CHK:26CC920BA4F8}{DLM:}}{S:{SPD:}{COP:P}}${1:F21BNCRCRSJAXXX8279550510}{4:{177:1101260739}{451:0}}{1:F01BNCRCRSJAXXX8279550510}{2:O9502023110125BOFAUS3MAXXX19006787721101260735N}{3:{108:1101260005794-01}}{4:
:20:DAILY STATEMENT
:25:1901874818
:28C:00016/00006
:60M:C110125USD6612809,22
:61:1101250125DD2000,NCHK17614//TRX 06892375143
CHECK PAID MICR ENCODED
:61:1101250125DD2025,NCHK7387//TRX 06892375226
CHECK PAID MICR ENCODED
:61:1101250125DD2250,S103205-06-2380806//2011012500188830
BNF EDDY BERROCAL USA ORG BANCO
:61:1101250125DD2350,S103205-06-2380673-O//2011012500175884
BNF SENTRY TECHNOLOGY CORPOR USA
:61:1101250125DD2480,S103002-06-0221434//2011012500134339
BNF IAA BUYER WIRES USA ORG BANCO
:61:1101250125DD2500,NCHK19055//TRX 06892412339
CHECK PAID MICR ENCODED
:61:1101250125DD3000,NCHK18119//TRX 06892411397
CHECK PAID MICR ENCODED
:61:1101250125DD3000,NCHK19130//TRX 06892375174
CHECK PAID MICR ENCODED
:61:1101250125DD3000,NCHK9660//TRX 06892375063
CHECK PAID MICR ENCODED
:61:1101250125DD3000,NCHK19338//TRX 06892375016
CHECK PAID MICR ENCODED
:61:1101250125DD3000,NCHK10539//TRX 06892374668
CHECK PAID MICR ENCODED
:61:1101250125DD3000,NCHK18120//TRX 06892374762
CHECK PAID MICR ENCODED
:61:1101250125DD3000,NCHK10541//TRX 06892412672
CHECK PAID MICR ENCODED
:61:1101250125DD3000,NCHK18570//TRX 06892412295
CHECK PAID MICR ENCODED
:61:1101250125DD3000,S103002-06-0221443//2011012500134337
BNF CI YES INTERNACIONAL EU COLOM
:62M:C110125USD6572204,22
-}{5:{CHK:05622CBBFAD5}{DLM:}}{S:{SPD:}{COP:P}}${1:F21BNCRCRSJAXXX8279550509}{4:{177:1101260739}{451:0}}{1:F01BNCRCRSJAXXX8279550509}{2:O9502023110125BOFAUS3MAXXX19006787711101260735N}{3:{108:1101260005793-01}}{4:
:20:DAILY STATEMENT
:25:1901874818
:28C:00016/00005
:60M:C110125USD6629310,38
:61:1101250125DD100,S103205-06-2380799-O//2011012500188883
BNF GLOBAL COLLECT BV USA ORG
:61:1101250125DD325,S103205-06-2380478//2011012500153886
BNF RAUL E CAMPOS USA ORG BANCO
:61:1101250125DD500,NCHK7503//TRX 06892375080
CHECK PAID MICR ENCODED
:61:1101250125DD543,S103208-06-1460568//2011012500148259
BNF HENKEL CORPORATION GROUP INDUS
:61:1101250125DD650,NCHK18574//TRX 06892412091
CHECK PAID MICR ENCODED
:61:1101250125DD821,01S103205-06-2380904//2011012500198687
BNF KWIKSET CALIF ORG BANCO
:61:1101250125DD865,33S103205-06-2380414//2011012500153898
BNF MARCIE WILLIAMS USA ORG BANCO
:61:1101250125DD1003,20S103208-06-1460540-O//2011012400290543
BNF ACTION TRAVELCORP. USA ORG
:61:1101250125DD1042,54S103208-06-1460997-O//2011012500248384
BNF C J USA ORG BANCO NACIONAL DE
:61:1101250125DD1200,S103208-06-1460746-O//2011012500148769
BNF OPTIVISION INC. USA ORG BANCO
:61:1101250125DD1600,S103208-06-1460684-O//2011012400297277
BNF ERNA MIRANDA ORG BANCO
:61:1101250125DD1891,08S103208-06-1460461//2011012500148205
BNF TYCO SAFETY PRODUCTS CAN ONTAR
:61:1101250125DD1960,S103006-06-0089896//2011012500198688
BNF IAAI AUTO AUCTION USA ORG
:61:1101250125DD2000,NCHK17622//TRX 06892375010
CHECK PAID MICR ENCODED
:61:1101250125DD2000,NCHK18113//TRX 06892375146
CHECK PAID MICR ENCODED
:62M:C110125USD6612809,22
-}{5:{CHK:1C24457E2115}{DLM:}}{S:{SPD:}{COP:P}}${1:F21BNCRCRSJAXXX8279550508}{4:{177:1101260739}{451:0}}{1:F01BNCRCRSJAXXX8279550508}{2:O9502023110125BOFAUS3MAXXX19006787701101260735N}{3:{108:1101260005792-01}}{4:
:20:DAILY STATEMENT
:25:1901874818
:28C:00016/00004
:60M:C110125USD596480,92
:61:1101250125CD20672,52S103NONREF//2011012500201275
ORG CONTINENTAL EXCHANGE
:61:1101250125CD23156,11NTRFNONREF//2011012500033306
SND CONSUMER MONEY BBK BANCO
:61:1101250125CD24800,NTRFFTCH0250027//2011012500168293
ORG ORDENES DE PAGO DE SIGUE CORP.
:61:1101250125CD26290,S103NONREF//2011012500056490
ORG M + W MACK LTD TONBR SND
:61:1101250125CD34990,NTRFNONREF//2011012500182318
ORG FORMACION INTERVICEPROVI CAKKE
:61:1101250125CD38758,16S103NONREF//2011012500201588
ORG CONTINENTAL EXCHANGE
:61:1101250125CD49905,67NTRFNONREF//2011012500208101
ORG LATIN AMERICA MISSION IN MIAMI
:61:1101250125CD49982,S103NONREF//2011012400081967
ORG GLOBAL PRODUCERS B.V. VENLO
:61:1101250125CD83990,NTRFNONREF//2011012500206819
ORG CHIRIQUI LAND CIE COSTA GUAPI
:61:1101250125CD99989,NTRFNONREF//2011012500292652
SND BANK OF AMERICA NA BFT MISSO
:61:1101250125CD99990,NTRFNONREF//2011012400140420
SND BANK OF AMERICA DIRECT CHARL
:61:1101250125CD360326,NTRFNONREF//2011012500160985
SND BANK OF AMERICA NA BFT NEW J
:61:1101250125CD519990,NTRFNONREF//2011012500300266
ORG LAAD AMERICAS NV CORAL SND ECS
:61:1101250125CD899990,NTRFNONREF//2011012500206840
ORG COMPANIA BANANERA ATLANT SAN J
:61:1101250125CD3700000,NTRFNONREF//RECREDIT-TD XFER
REG RECR XFER FR ACCT 8836074818
:62M:C110125USD6629310,38
-}{5:{CHK:858E4762C942}{DLM:}}{S:{SPD:}{COP:P}}${1:F21BNCRCRSJAXXX8279550507}{4:{177:1101260739}{451:0}}{1:F01BNCRCRSJAXXX8279550507}{2:O9502023110125BOFAUS3MAXXX19006787691101260735N}{3:{108:1101260005791-01}}{4:
:20:DAILY STATEMENT
:25:1901874818
:28C:00016/00003
:60M:C110125USD416435,29
:61:1101250125CD6915,01NTRFNONREF//2011012500177914
SND BADIR MONEY BBK BANCO NACIONAL
:61:1101250125CD7390,NTRFCAP OF 11/01/25//2011012500263355
ORG INTERACTIVE INTELLIGENCE INDIA
:61:1101250125CD7940,NTRFNONREF//2011012500157339
ORG WILLIAM LIVINGSTON BALL, SND
:61:1101250125CD7990,NTRFNONREF//2011012500256319
SND BANK OF AMERICA NA BFT FLORI
:61:1101250125CD8390,NTRFNONREF//2011012500245646
SND CONSUMER MONEY BBK BANCO
:61:1101250125CD8816,NTRF2000131800782339//2011012500196581
ORG ARA FOOD CORPORATION MIAMI SND
:61:1101250125CD9369,23S103NONREF//2011012100039837
ORG MTS CUSTERS.GRAJEDA WEERT SND
:61:1101240125CD9985,S103NONREF//2011012400315631
ORG MARTA VERONICA LOPEZ LOPEZ SND
:61:1101250125CD12215,NTRFNONREF//2011012500296075
SND OSA HOLDINGS LLC ORLAN BBK
:61:1101250125CD13536,86S103NONREF//2011012500066728
ORG PLANTAVERDE B.V. KWAKE SND
:61:1101250125CD14990,NTRFNONREF//2011012500122673
SND CONSUMER MONEY BBK BANCO
:61:1101250125CD15092,93NTRFNONREF//2011012500138293
SND CONSUMER MONEY BBK BANCO
:61:1101250125CD16930,60NTRFNONREF//2011012500248174
SND BANK OF AMERICA NA BFT NEW M
:61:1101250125CD20000,S103NONREF//2011012500226229
ORG CESAR D CAMEJO MANRIQUE MANAG
:61:1101250125CD20485,S103NONREF//2011012500261288
ORG EQUIPOS Y ACCESORIOS S.A SND
:62M:C110125USD596480,92
-}{5:{CHK:BE534018E1E3}{DLM:}}{S:{SPD:}{COP:P}}${1:F21BNCRCRSJAXXX8279550506}{4:{177:1101260739}{451:0}}{1:F01BNCRCRSJAXXX8279550506}{2:O9502023110125BOFAUS3MAXXX19006787681101260735N}{3:{108:1101260005789-01}}{4:
:20:DAILY STATEMENT
:25:1901874818
:28C:00016/00002
:60M:C110125USD368065,93
:61:1101250125CD1790,NTRFNONREF//2011012500115984
ORG KAYT DODGE FOREI SND FIFTH
:61:1101250125CD1898,S103NONREF//2011012100109014
ORG KOBE HEYDE SND ING BELGIUM
:61:1101250125CD2125,S103NONREF//2011012500118615
ORG BANK OF AMERICA (MLTC) P PENNI
:61:1101250125CD2186,15NTRFNONREF//2011012500157904
SND CONSUMER MONEY BBK BANCO
:61:1101250125CD2429,80S103NONREF//2011012500240826
ORG CONTINENTAL EXCHANGE
:61:1101250125CD2515,NTRFNONREF//2011012500189440
SND CONSUMER MONEY BBK BANCO
:61:1101250125CD2990,NTRFNONREF//2011012500207551
ORG EMILIO JOSE OLIVERA DELM TRR A
:61:1101250125CD2990,NTRFOS1 OF 11/01/25//2011012500293059
ORG ELIOT FERGUSON OSA CLAND NEW Y
:61:1101250125CD2990,NTRFNONREF//2011012500279522
ORG MAXIMILIANO A MOREIRA AC BOGOT
:61:1101250125CD3666,NTRFNONREF//2011012500159902
SND MISSION VOZ QUE CLAMA HEALD
:61:1101250125CD3771,S103NONREF//2011012400097532
ORG GAN SHMUEL FOODS LTD ISRAE SND
:61:1101250125CD3890,NTRF12655/9217039630//2011012500219014
ORG M DE RODRIGUEZYVONNE Z DTTO
:61:1101250125CD4150,41NTRFNONREF//2011012500210852
ORG TRUST OPS ACCOUNT RECONC CHICA
:61:1101250125CD4990,NTRFPAGO INICIAL//2011012500122632
ORG JEAN P MOULINIER GIL CAFET SND
:61:1101250125CD5988,S103NONREF//2011012100036015
ORG EOLE SA BRUXE SND ING BELGIUM
:62M:C110125USD416435,29
-}{5:{CHK:5A571319FA46}{DLM:}}{S:{SPD:}{COP:P}}${1:F21BNCRCRSJAXXX8279550505}{4:{177:1101260739}{451:0}}{1:F01BNCRCRSJAXXX8279550505}{2:O9502023110125BOFAUS3MAXXX19006787671101260735N}{3:{108:1101260005787-01}}{4:
:20:DAILY STATEMENT
:25:1901874818
:28C:00016/00001
:60F:C110125USD355578,43
:61:1101250125CD80,NTRFNONREF//2011012500271315
SND BADIR MONEY BBK BANCO NACIONAL
:61:1101250125CD145,S103NONREF//2011012500300887
ORG SPARBER DOMINICANA, S.A. R.D
:61:1101250125CD196,60NTRFNONREF//2011012500284475
SND FLOWSERVE COLOMBIA S.A. MOSQU
:61:1101250125CD225,S103NONREF//2011012500261997
ORG MARIA GEORGINA PINEDA LOPEZ
:61:1101250125CD381,36S103NONREF//2011012500176079
ORG SOLAR TOURS INC. 5640 NI STE 2
:61:1101250125CD390,NTRFNONREF//2011012500296752
SND BANK OF AMERICA CONCO BBK
:61:1101250125CD500,S103NONREF//2011012100035809
ORG KUONI TRAVEL BELGIUM BVB GENT
:61:1101250125CD990,NTRFNONREF//2011012500037744
SND CONSUMER MONEY BBK BANCO
:61:1101250125CD990,NTRFNONREF//2011012500119598
SND CONSUMER MONEY BBK BANCO
:61:1101250125CD1014,04NTRFNONREF//2011012500158932
ORG GTC BANK INC SND INTERNATIONAL
:61:1101250125CD1095,50NTRFNONREF//2011012500207176
ORG KENNETH BEHRING DANVI SND BANK
:61:1101250125CD1310,S103NONREF//2011012500270406
ORG G C I SND CUSTOM HOUSE (USA)
:61:1101250125CD1590,NTRFNONREF//2011012500130936
SND BANK OF AMERICA NA BFT FLORI
:61:1101250125CD1790,NTRFNONREF//2011012500170764
SND CONSUMER MONEY BBK BANCO
:61:1101250125CD1790,NTRFNONREF//2011012500198779
SND BANK OF AMERICA CONCO BBK
:62M:C110125USD368065,93
-}{5:{CHK:30FA30FDDFB1}{DLM:}}{S:{SPD:}{COP:P}}