{1:F01IBIIPRSJAXXX0274120367}{2:O9402226120927COBADEFFDXXX28394131911209271626N}{3:{108:00U75UBERBDDZGWA}}{4:
:20:00U75UBERBDDZGWA
:25:50040000/400872570700USD
:28C:117/62
:60M:C120927USD619427,93
:61:1209270927D2739,NTRF483934//FAAS227110483900
:86:210PAYMENT BY ELECTRONIC MEDIA /FAG:TITAN INTERCONTINENTAL,S.A/FA
G:C. 11, NO.4 42 EDIF. COLSEG/FAG:SO 1/FBB:USD2739,/FUK:1,/FGK:US
D28,29/VWZ:PAGO DE COMISION PRIVADA ORDENANTE: 16711784 JOSE TADE
O MEJIA VIVAS/FCC:PR/FBA:XIONG QIU YI/FBA:4 FLOOR, NO 35 YONGFU R
OAD,/FBA:DISTRICT GUANG
:61:1209270927D3166,86NTRF479014//FAAS227110445400
:86:210PAYMENT BY ELECTRONIC MEDIA /FAG:TITAN INTERCONTINENTAL,S.A/FA
G:C. 11, NO.4 42 EDIF. COLSEG/FAG:SO 1/FBB:USD3166,86/FUK:1,/FGK:
USD15,43/VWZ:TEL BEN:7705732073//DINERO PROVENIENTE DE LA VENTA D
E UNA AUTOORDENANTE: 31270316 LETICIA PERDOMO GIRALDO/FCC:PR/FBA:
ALEXANDER SILVA/FBA:2052 LITTLE RIVER DR SUWANE/FBA:24
:61:1209270927D431000,NTRF484316//FAAS227110439200
:86:210PAYMENT BY ELECTRONIC MEDIA /FAG:FINANCIERA CAMBIAMOS S.A./FAG
 CALLE 78 9 53/FAG:BOGOTA COLOMBIA/FBB:USD431000,/FUK:1,/FGK:USD2
5,08/VWZ:FFC FINANCIERA CAMBIAMOS SA CF/// TRANSFERENCIA DIARIA P
ARA CIERRE DE OPERACIONES CON ITALCAMBIO/FCC:PR/FBA:COLTEFINANCIE
RA SA/FBA:EDIF COLTEJER PISO 12/FBA:MEDELLIN COLOMBIA
:61:1209270927C239,28S202DGVM2271014387//DGVM2271014387
:86:211PAYMENT RECEIPT A. EL. MEDIA /FBA:ITALBANK INTERNATIONAL, INC/
FBA:SAN JUAN/FBB:USD265,/FUK:1,/FGK:USD25,72/VWZ:/RETN/57 /MS01/A
S P YR MT199 DD 24.09.12 /MREF/468713 //REF.0920120013/JASMINE MA
RTINEZ // //LESS 3RD PARTY CHARGES/FCC:CR
:61:1209270927C259,28S202FAAM2271051857//FAAM2271051857
:86:211PAYMENT RECEIPT A. EL. MEDIA /FBA:ITALBANK INTERNATIONAL, INC/
FBA:SAN JUAN/FBB:USD285,/FUK:1,/FGK:USD25,72/VWZ:/RETN/58 /MS01/I
NT.POLICIES OF BAC SANJOSE /MREF/478734/FCC:CR
:62M:C120927USD183020,63
-}{5:{CHK:F4C0F48A7CB7}}${1:F01IBIIPRSJAXXX0274120366}{2:O9402226120927COBADEFFDXXX28394131871209271626N}{3:{108:00U75UBERBDDZGWA}}{4:
:20:00U75UBERBDDZGWA
:25:50040000/400872570700USD
:28C:117/57
:60M:C120927USD1426316,89
:61:1209260927D11527,28NTRF480624//FAAS227100037900
:86:210PAYMENT BY ELECTRONIC MEDIA /FAG:MUNDITUR CASA DE CAMBIOS C./F
AG:AV BOLIVAR C.C GALERIA PLAZ/FAG:13 2101/FBB:USD11527,28/FUK:1,
 FGK:USD15,43/VWZ:PAGO DEL 17 09 2012 AL 23 09 2012 ORDENANTE: J0
75216423 MUNDITUR/FCC:PR/FBA:MONEYGRAM PAYMENT SYSTEMS/FBA:1550 U
TICA AVENUE SPUTH ST/FBA:SAN FRANCISCO ESTADOS UNIDO
:61:1209260927D14107,84NTRF482665//FAAS227100795400
:86:210PAYMENT BY ELECTRONIC MEDIA /FAG:ITALCAMBIO C.A/FAG:AV URDANET
A EDF CAMORUCO PB/FAG:ELARIA 1010/FBB:USD14107,84/FUK:1,/FGK:USD1
5,43/VWZ:PENSION ORDENANTE: V6255919 ANDREINA GUISANDES AZAR/FCC:
PR/FBA:RAIMUNDO MANUEL GUISANDES L/FBA:145 RIVERWALK CICLE SUNRIS
E/FBA:33326 ESTADOS
:61:1209260927D53655,02NTRF482700//FAAS227100033300
:86:210PAYMENT BY ELECTRONIC MEDIA /FAG:ITALCAMBIO C.A/FAG:AV URDANET
A EDF CAMORUCO PB/FAG:ELARIA 1010/FBB:USD53655,02/FUK:1,/FGK:USD2
5,07/VWZ:PAGO DEL 18/09/2012 AL 24/09/2012 ORDENANTE: J000572500 
ITALCAMBIO C A/FCC:PR/FBA:TRANS FAST REMITTANCE, LLC./FBA:110 WAL
L STREET 2 ND FL NEW/FBA:1005 ESTADOS U
:61:1209260927D74884,62NTRF481801//FAAS227100017700
:86:210PAYMENT BY ELECTRONIC MEDIA /FAG:ITALCAMBIO C.A/FAG:AV URDANET
A EDF CAMORUCO PB/FAG:ELARIA 1010/FBB:USD74884,62/FUK:1,/FGK:USD2
5,07/VWZ:PAGO DEL 24/09/2012 ORDENANTE: J000572500 ITALCAMBIO C A
 FCC:PR/FBA:MONEYGRAM PAYMENT SYSTENS/FBA:1550 UTICA AVENUE SOUTH
 ST/FBA:SAN FRANCISCO ESTADOS UNIDO
:62M:C120927USD1272142,13
-}{5:{CHK:F2EC52FD34BC}}${1:F01IBIIPRSJAXXX0274120365}{2:O9402226120927COBADEFFDXXX28394131821209271626N}{3:{108:00U75UBERBDDZGWA}}{4:
:20:00U75UBERBDDZGWA
:25:50040000/400872570700USD
:28C:117/52
:60M:C120927USD1499528,37
:61:1209260927D300,NTRF481805//FAAS227100012900
:86:210PAYMENT BY ELECTRONIC MEDIA /FAG:MUNDITUR CASA DE CAMBIOS C./F
AG:AV BOLIVAR C.C GALERIA PLAZ/FAG:13 2101/FBB:USD300,/FUK:1,/FGK
 USD28,29/VWZ:REMESA FAMILIAR ORDENANTE: V4178945 OLIMPIA ALMERA 
DE REIMY/FCC:PR/FBA:GABRIEL ALBERTO RIVERA REIM/FBA:CALLE ALBATRO
S N 417 LAS LO/FBA:OR JARDINES
:61:1209260927D665,NTRF481723//FAAS227100024100
:86:210PAYMENT BY ELECTRONIC MEDIA /FAG:ITALCAMBIO C.A/FAG:AV URDANET
A EDF CAMORUCO PB/FAG:ELARIA 1010/FBB:USD665,/FUK:1,/FGK:USD15,43
 VWZ:SEGURO STUDENT JESUS GILBERTO GARCIA ANDRADE ID 3137011 ORDE
NANTE: V2890977 JESUS GARCIA DGREGORIO/FCC:PR/FBA:ASPECT EDUCATIO
N UK LTD/FBA:44 POOLE DORSET BH15 IYA UN/FBA:GDOM
:61:1209260927D737,NTRF481707//FAAS227100019100
:86:210PAYMENT BY ELECTRONIC MEDIA /FAG:ITALCAMBIO C.A/FAG:AV URDANET
A EDF CAMORUCO PB/FAG:ELARIA 1010/FBB:USD737,/FUK:1,/FGK:USD15,43
 VWZ:SEGURO STUDENT DANIELA VICTORIA BERNAL FAJARDO ORDENANTE: V1
8921885 DANIELA BERNAL FAJARDO/FCC:PR/FBA:KENT STATE UNIVERSITY/F
BA:VILLA PALME DORADA C 8 OHIO/FBA:UNIDOS
:61:1209260927D1500,NTRF482698//FAAS227100031800
:86:210PAYMENT BY ELECTRONIC MEDIA /FAG:ITALCAMBIO C.A/FAG:AV URDANET
A EDF CAMORUCO PB/FAG:ELARIA 1010/FBB:USD1500,/FUK:1,/FGK:USD15,4
3/VWZ:PAGO DEL 17/09/2012 ORDENANTE: J000572500 ITALCAMBIO C A/FC
C:PR/FBA:TRANS FAST REMITTANCE, LLC./FBA:110 WALL STREET 2 ND FL 
NEW/FBA:05 ESTADOS UNID
:62M:C120927USD1496326,37
-}{5:{CHK:F25BE4D7F49C}}${1:F01IBIIPRSJAXXX0274120364}{2:O9402226120927COBADEFFDXXX28394131771209271626N}{3:{108:00U75UBERBDDZGWA}}{4:
:20:00U75UBERBDDZGWA
:25:50040000/400872570700USD
:28C:117/47
:60M:C120927USD1506428,37
:61:1209260927D285,NTRF482550//FAAS227100787800
:86:210PAYMENT BY ELECTRONIC MEDIA /FAG:ITALCAMBIO C.A/FAG:AV URDANET
A EDF CAMORUCO PB/FAG:ELARIA 1010/FBB:USD285,/FUK:1,/FGK:USD15,43
 VWZ:REMESA FAMILIAR ORDENANTE: E988239 GIOVANNA D ELIA DE LA TON
A/FCC:PR/FBA:SARAY LA TONA COSTAS/FBA:CALLE FIGUEIRAS 260 BAJO 36
 FBA:PONTEVEDRA ESP
:61:1209260927D285,NTRF482514//FAAS227100652900
:86:210PAYMENT BY ELECTRONIC MEDIA /FAG:ITALCAMBIO C.A/FAG:AV URDANET
A EDF CAMORUCO PB/FAG:ELARIA 1010/FBB:USD285,/FUK:1,/FGK:USD15,43
 VWZ:REMESA FAMILIAR ORDENANTE: V4566247 HECTOR ISAAC RODRIGUEZ M
ARQUEZ/FCC:PR/FBA:GABRIELLA RODRIGUEZ ESCALON/FBA:CALLE DE CHARLE
ROI NUM 14 P/FBA:MADRID ESPANA
:61:1209260927D285,NTRF482560//FAAS227100647800
:86:210PAYMENT BY ELECTRONIC MEDIA /FAG:ITALCAMBIO C.A/FAG:AV URDANET
A EDF CAMORUCO PB/FAG:ELARIA 1010/FBB:USD285,/FUK:1,/FGK:USD15,43
 VWZ:REMESA FAMIOLIAR ORDENANTE: V2942500 AMALIA BRAVO SANTOS/FCC
 PR/FBA:AMAILU DE LA COROMOTO MORAL/FBA:CALLE ISAAC ALBENIZ N 9 P
LA/FBA:PUERTA E MADRID
:61:1209260927D285,NTRF482604//FAAS227100647400
:86:210PAYMENT BY ELECTRONIC MEDIA /FAG:ITALCAMBIO C.A/FAG:AV URDANET
A EDF CAMORUCO PB/FAG:ELARIA 1010/FBB:USD285,/FUK:1,/FGK:USD15,43
 VWZ:REMESA FAMILIAR ORDENANTE: V4025221 ORNALDO MILLAN HERNANDEZ
 FCC:PR/FBA:LORENA MILLAN MARTINEZ/FBA:1951 NW SOUTH RIVER DRIVE 
A/FBA:IAMI FLORIDA
:61:1209260927D285,NTRF482548//FAAS227100646600
:86:210PAYMENT BY ELECTRONIC MEDIA /FAG:ITALCAMBIO C.A/FAG:AV URDANET
A EDF CAMORUCO PB/FAG:ELARIA 1010/FBB:USD285,/FUK:1,/FGK:USD15,43
 VWZ:REMESA FAMILIAR ORDENANTE: E988239 GIOVANNA D ELIA DE LA TON
A/FCC:PR/FBA:CARLOS JOSE LA TONA D ELIA/FBA:CALLE FIGUEIRAS 260 B
AJO 36/FBA:PONTEVEDRA ESP
:62M:C120927USD1505003,37
-}{5:{CHK:C096B9C029ED}}${1:F01IBIIPRSJAXXX0274120363}{2:O9402226120927COBADEFFDXXX28394131701209271626N}{3:{108:00U75UBERBDDZGWA}}{4:
:20:00U75UBERBDDZGWA
:25:50040000/400872570700USD
:28C:117/42
:60M:C120927USD1513268,37
:61:1209260927D285,NTRF481731//FAAS227100642500
:86:210PAYMENT BY ELECTRONIC MEDIA /FAG:ITALCAMBIO C.A/FAG:AV URDANET
A EDF CAMORUCO PB/FAG:ELARIA 1010/FBB:USD285,/FUK:1,/FGK:USD15,43
 VWZ:REMESA FAMILIAR ORDENANTE: V4387824 MIRTA SUAREZ DE GONZALEZ
 FCC:PR/FBA:ELIANA KARINA GONZALEZ SUAR/FBA:AV JOSEP TARRADELLAS 
27 3 1/FBA:NA ESPANA
:61:1209260927D285,NTRF481735//FAAS227100642700
:86:210PAYMENT BY ELECTRONIC MEDIA /FAG:ITALCAMBIO C.A/FAG:AV URDANET
A EDF CAMORUCO PB/FAG:ELARIA 1010/FBB:USD285,/FUK:1,/FGK:USD15,43
 VWZ:REMESA FAMILIAR ORDENANTE: V17286579 DEISY FERNANDES RODRIGU
ES/FCC:PR/FBA:FERNANDA RODRIGUES PITA FER/FBA:ESTRADA NOVA DO CAS
TELEJO N/FBA:ESTREITO CAMAR
:61:1209260927D285,NTRF482596//FAAS227100148100
:86:210PAYMENT BY ELECTRONIC MEDIA /FAG:ITALCAMBIO C.A/FAG:AV URDANET
A EDF CAMORUCO PB/FAG:ELARIA 1010/FBB:USD285,/FUK:1,/FGK:USD15,43
 VWZ:REMESA FAMILIAR ORDENANTE: V4089318 MARGARITA PINI FUENTES/F
CC:PR/FBA:VICTOR ALEJANDRO YEPEZ MELI/FBA:CL PALMITO 12 BL 7 BI 7
 PIS/FBA:2C ED VOLCAN D
:61:1209260927D285,NTRF482600//FAAS227100148200
:86:210PAYMENT BY ELECTRONIC MEDIA /FAG:ITALCAMBIO C.A/FAG:AV URDANET
A EDF CAMORUCO PB/FAG:ELARIA 1010/FBB:USD285,/FUK:1,/FGK:USD15,43
 VWZ:REMESA FAMILIAR ORDENANTE: V3027459 NELIDA MENDOZA DE BONILL
A/FCC:PR/FBA:VICTORIA ALEJANDRA SANCHEZ/FBA:9630 TRAVILLE GATEWAY
 DR RO/FBA:MARYLAND 20850
:61:1209260927D285,NTRF482602//FAAS227100148000
:86:210PAYMENT BY ELECTRONIC MEDIA /FAG:ITALCAMBIO C.A/FAG:AV URDANET
A EDF CAMORUCO PB/FAG:ELARIA 1010/FBB:USD285,/FUK:1,/FGK:USD15,43
 VWZ:REMESA FAMILIAR ORDENANTE: V4025221 ORNALDO MILLAN HERNANDEZ
 FCC:PR/FBA:ISABELLA SOFIA DIAZ/FBA:1951 NW SOUTH RIVER DRIVE A/F
BA:AMI FLORIDA
:62M:C120927USD1511843,37
-}{5:{CHK:2C367E40CB38}}${1:F01IBIIPRSJAXXX0274120362}{2:O9402226120927COBADEFFDXXX28394131611209271626N}{3:{108:00U75UBERBDDZGWA}}{4:
:20:00U75UBERBDDZGWA
:25:50040000/400872570700USD
:28C:117/37
:60M:C120927USD1520393,37
:61:1209260927D285,NTRF482661//FAAS227100034800
:86:210PAYMENT BY ELECTRONIC MEDIA /FAG:ITALCAMBIO C.A/FAG:AV URDANET
A EDF CAMORUCO PB/FAG:ELARIA 1010/FBB:USD285,/FUK:1,/FGK:USD15,43
 VWZ:REMESA FAMILIAR ORDENANTE: V17034238 LUIGI SCISCIOLI GENOVEZ
A/FCC:PR/FBA:CARLOS RAFAEL SCISCIOLI MAN/FBA:2 RUE BERTON 9317 OB
AGNOLET/FBA:BAGNOLET FRANCIA
:61:1209260927D285,NTRF482677//FAAS227100033500
:86:210PAYMENT BY ELECTRONIC MEDIA /FAG:ITALCAMBIO C.A/FAG:AV URDANET
A EDF CAMORUCO PB/FAG:ELARIA 1010/FBB:USD285,/FUK:1,/FGK:USD15,43
 VWZ:REMESA FAMILIAR ORDENANTE: V944201 MODESTO FUENMAYOR/FCC:PR/
FBA:ROSARIO LEONOR FUENMAYOR/FBA:PASAJE LUIS REYES MESA 4 SA/FBA:
UIMAR SANTA CRU
:61:1209260927D285,NTRF482524//FAAS227100021800
:86:210PAYMENT BY ELECTRONIC MEDIA /FAG:ITALCAMBIO C.A/FAG:AV URDANET
A EDF CAMORUCO PB/FAG:ELARIA 1010/FBB:USD285,/FUK:1,/FGK:USD15,43
 VWZ:REMESA FAMILIAR ORDENANTE: V3847914 LILIANA AIDOREVICH DE AG
UIRRE/FCC:PR/FBA:FRANCISCO JOSE AGUIRRE AIDO/FBA:CALLE GRANON N 2
0 PL1 PT 3/FBA:ESPANA
:61:1209260927D285,NTRF482544//FAAS227100023900
:86:210PAYMENT BY ELECTRONIC MEDIA /FAG:ITALCAMBIO C.A/FAG:AV URDANET
A EDF CAMORUCO PB/FAG:ELARIA 1010/FBB:USD285,/FUK:1,/FGK:USD15,43
 VWZ:REMESA FAMILIAR ORDENANTE: V3027459 NELIDA MENDOZA DE BONILL
A/FCC:PR/FBA:SOFIA ALEJANDRA SANCHEZ BON/FBA:9630 TRAVILLE GATEWA
Y DR RO/FBA:MARYLAND 20850
:61:1209260927D285,NTRF482536//FAAS227100022500
:86:210PAYMENT BY ELECTRONIC MEDIA /FAG:ITALCAMBIO C.A/FAG:AV URDANET
A EDF CAMORUCO PB/FAG:ELARIA 1010/FBB:USD285,/FUK:1,/FGK:USD15,43
 VWZ:RE MESA FAMILIAR ORDENANTE: V7359477 LOURDES MARIA PARRA/FCC
 PR/FBA:YENIFER ANAIS RIVERO MONTIL/FBA:CALLE JUAN DE QUESADA 26 
2/FBA:DARIO LAS PALMA
:62M:C120927USD1518968,37
-}{5:{CHK:4EFD4E876BA4}}${1:F01IBIIPRSJAXXX0274120361}{2:O9402226120927COBADEFFDXXX28394131551209271626N}{3:{108:00U75UBERBDDZGWA}}{4:
:20:00U75UBERBDDZGWA
:25:50040000/400872570700USD
:28C:117/32
:60M:C120927USD1527233,37
:61:1209260927D285,NTRF481691//FAAS227100014700
:86:210PAYMENT BY ELECTRONIC MEDIA /FAG:ITALCAMBIO C.A/FAG:AV URDANET
A EDF CAMORUCO PB/FAG:ELARIA 1010/FBB:USD285,/FUK:1,/FGK:USD15,43
 VWZ:REMESA FAMILIAR ORDENANTE: V24124200 KATIH BADRA DE KHIJA/FC
C:PR/FBA:SOFIA MICHELLE RONDON KHIJA/FBA:6306 BREEZY HOLLO LANA K
ATY/FBA:0
:61:1209260927D285,NTRF481651//FAAS227100013100
:86:210PAYMENT BY ELECTRONIC MEDIA /FAG:ITALCAMBIO C.A/FAG:AV URDANET
A EDF CAMORUCO PB/FAG:ELARIA 1010/FBB:USD285,/FUK:1,/FGK:USD15,43
 VWZ:REMESA FAMILIAR ORDENANTE: E927742 ANNEMARI STEFFENSEN DE CO
MERMA/FCC:PR/FBA:ARNE COMERMA STEFFENSEN/FBA:HOVSETERVEIEN 56 B/F
BA:OSLO NORUEGA
:61:1209260927D285,NTRF481755//FAAS227100012200
:86:210PAYMENT BY ELECTRONIC MEDIA /FAG:ITALCAMBIO C.A/FAG:AV URDANET
A EDF CAMORUCO PB/FAG:ELARIA 1010/FBB:USD285,/FUK:1,/FGK:USD15,43
 VWZ:REMESA FAMILIAR ORDENANTE: V6022309 JOSE ANTONIO FERNANDEZ T
AHIN/FCC:PR/FBA:JOSEFA TAIN CASAS/FBA:CASAL NRO 19 A MERCA ORENSE
 FBA:ORENSE ESPANA
:61:1209260927D285,NTRF481657//FAAS227100014300
:86:210PAYMENT BY ELECTRONIC MEDIA /FAG:ITALCAMBIO C.A/FAG:AV URDANET
A EDF CAMORUCO PB/FAG:ELARIA 1010/FBB:USD285,/FUK:1,/FGK:USD15,43
 VWZ:REMESA FAMILIAR ORDENANTE: V13270503 DILIANA DE ANDREAGIOVAN
NI OLIVEIRI/FCC:PR/FBA:LEDA OLIVIERI/FBA:VIA CADUTI DI MONTESILVA
NO/FBA:ILVANO PE
:61:1209260927D285,NTRF481715//FAAS227100010700
:86:210PAYMENT BY ELECTRONIC MEDIA /FAG:ITALCAMBIO C.A/FAG:AV URDANET
A EDF CAMORUCO PB/FAG:ELARIA 1010/FBB:USD285,/FUK:1,/FGK:USD15,43
 VWZ:REMESA FAMILIAR ORDENANTE: V278384 DOMINGO LUIS REJON FELCE/
FCC:PR/FBA:JEAN MATHIEU MARQUES REJON/FBA:9 RUE JEAN GUY LABARBE 
9413/FBA:SURMAME FRANCI
:62M:C120927USD1525808,37
-}{5:{CHK:EC47429D1DAC}}${1:F01IBIIPRSJAXXX0274120360}{2:O9402226120927COBADEFFDXXX28394131491209271626N}{3:{108:00U75UBERBDDZGWA}}{4:
:20:00U75UBERBDDZGWA
:25:50040000/400872570700USD
:28C:117/27
:60M:C120927USD1534073,37
:61:1209260927D285,NTRF482346//FAAS227100004500
:86:210PAYMENT BY ELECTRONIC MEDIA /FAG:ITALCAMBIO C.A/FAG:AV URDANET
A EDF CAMORUCO PB/FAG:ELARIA 1010/FBB:USD285,/FUK:1,/FGK:USD15,43
 VWZ:REMESA FAMILIAR ORDENANTE: V3201409 AURA JOSEFINA GALLARDO D
E LOPEZ/FCC:PR/FBA:ROGER ALEJANDRO LOPEZ GALLA/FBA:11307 NW 44 TE
RRACE/FBA:SUNRISE ESTADOS UNIDOS
:61:1209260927D285,NTRF481743//FAAS227010470100
:86:210PAYMENT BY ELECTRONIC MEDIA /FAG:ITALCAMBIO C.A/FAG:AV URDANET
A EDF CAMORUCO PB/FAG:ELARIA 1010/FBB:USD285,/FUK:1,/FGK:USD15,43
 VWZ:REMESA FAMILIAR ORDENANTE: V3318083 NAZIRA AMAIR HANDULE/FCC
 PR/FBA:ALEJANDRO ENRIQUE GUZMAN LI/FBA:17 RUE PIERRE LHOMME 9240
0/FBA:IE PARIS FRANCI
:61:1209260927D285,NTRF481737//FAAS227010468700
:86:210PAYMENT BY ELECTRONIC MEDIA /FAG:ITALCAMBIO C.A/FAG:AV URDANET
A EDF CAMORUCO PB/FAG:ELARIA 1010/FBB:USD285,/FUK:1,/FGK:USD15,43
 VWZ:REMESA FAMILIAR ORDENANTE: V6277562 MARIA CONCEPCION GARCIA 
DE PETRONE/FCC:PR/FBA:ESTHER ALIDA PETRONE GARCIA/FBA:CALLE JULIA
N GAYARRE NRO 16/FBA:A A 28014 MADRI
:61:1209260927D285,NTRF481727//FAAS227010461400
:86:210PAYMENT BY ELECTRONIC MEDIA /FAG:ITALCAMBIO C.A/FAG:AV URDANET
A EDF CAMORUCO PB/FAG:ELARIA 1010/FBB:USD285,/FUK:1,/FGK:USD15,43
 VWZ:REMESA FAMILIAR ORDENANTE: E81082892 ANTONIO DA COSTA DIAS/F
CC:PR/FBA:ROSA DE JESUS DA ACOSTA/FBA:RUA SOLD MANUEL DA COSTA SO
 FBA:3720 428 PALMA
:62M:C120927USD1532933,37
-}{5:{CHK:B653F8509B53}}${1:F01IBIIPRSJAXXX0274120359}{2:O9402226120927COBADEFFDXXX28394131441209271626N}{3:{108:00U75UBERBDDZGWA}}{4:
:20:00U75UBERBDDZGWA
:25:50040000/400872570700USD
:28C:117/22
:60M:C120927USD1540913,37
:61:1209260927D285,NTRF482669//FAAS227100965400
:86:210PAYMENT BY ELECTRONIC MEDIA /FAG:ITALCAMBIO C.A/FAG:AV URDANET
A EDF CAMORUCO PB/FAG:ELARIA 1010/FBB:USD285,/FUK:1,/FGK:USD15,43
 VWZ:REMESA FAMILIAR ORDENANTE: V3101977 TERESITA DEL SOCORRO BAR
AZARTE DE V/FCC:PR/FBA:SEBASTIAN VALLADARES VIERA/FBA:CALLE CADIZ
 23 PISO 1D ARRO/FBA:S MADRID ESPANA
:61:1209260927D285,NTRF482679//FAAS227100965200
:86:210PAYMENT BY ELECTRONIC MEDIA /FAG:ITALCAMBIO C.A/FAG:AV URDANET
A EDF CAMORUCO PB/FAG:ELARIA 1010/FBB:USD285,/FUK:1,/FGK:USD15,43
 VWZ:REMESA FAMILIAR ORDENANTE: V13600251 PIEDAD ELENA ARANGO DE 
ROMERO/FCC:PR/FBA:MARTA UBIA MORENO GOMEZ/FBA:URB LA FRESNEDA CAM
INO FR L/FBA:N 8 PROVINCIAS
:61:1209260927D285,NTRF482556//FAAS227100899100
:86:210PAYMENT BY ELECTRONIC MEDIA /FAG:ITALCAMBIO C.A/FAG:AV URDANET
A EDF CAMORUCO PB/FAG:ELARIA 1010/FBB:USD285,/FUK:1,/FGK:USD15,43
 VWZ:REMESA FAMILIAR ORDENANTE: V4445876 ROSARIO MORALES DE FERNA
NDEZ/FCC:PR/FBA:MARIANGEL FERNANDEZ ALVAREZ/FBA:C HORTS 9 11 03 3
 SANT QUIR/FBA:ALLES DISTRICTE
:61:1209260927D285,NTRF481665//FAAS227100014900
:86:210PAYMENT BY ELECTRONIC MEDIA /FAG:ITALCAMBIO C.A/FAG:AV URDANET
A EDF CAMORUCO PB/FAG:ELARIA 1010/FBB:USD285,/FUK:1,/FGK:USD28,29
 VWZ:REMESA FAMILIAR ORDENANTE: V3461736 MARIA BARRIOS DE IRIARTE
 FCC:PR/FBA:JAVIER ALEJANDRO MARTINEZ I/FBA:HEREDIA CANTON BELEN 
PARROQ/FBA:SUNCION RESIDEN
:62M:C120927USD1539773,37
-}{5:{CHK:BC5BD27AB710}}${1:F01IBIIPRSJAXXX0274120358}{2:O9402226120927COBADEFFDXXX28394131371209271626N}{3:{108:00U75UBERBDDZGWA}}{4:
:20:00U75UBERBDDZGWA
:25:50040000/400872570700USD
:28C:117/17
:60M:C120927USD1543302,13
:61:1209260927D15,43NCOM482847//FAAS227100800600
:86:808CHARGES CHARGES RE:FOREIGN PAYMENT OUR REF: FAAS2271008006 00 
YOUR REF: 482847 10858000 FORTIGOLD, S. A. MONTEVIDEO URUGUAY
:61:1209260927D15,43NCOM482614//FAAS227100808100
:86:808CHARGES CHARGES RE:FOREIGN PAYMENT OUR REF: FAAS2271008081 00 
YOUR REF: 482614 10058000 ITALCAMBIO C.A CARACAS VENEZUELA
:61:1209260927D15,43NCOM481741//FAAS227100880900
:86:808CHARGES CHARGES RE:FOREIGN PAYMENT OUR REF: FAAS2271008809 00 
YOUR REF: 481741 10058000 ITALCAMBIO C.A CARACAS VENEZUELA
:61:1209260927D15,43NCOM481733//FAAS227100880800
:86:808CHARGES CHARGES RE:FOREIGN PAYMENT OUR REF: FAAS2271008808 00 
YOUR REF: 481733 10058000 ITALCAMBIO C.A CARACAS VENEZUELA
:61:1209260927D25,07NCOM483153//FAAS227100152900
:86:808CHARGES CHARGES RE:FOREIGN PAYMENT OUR REF: FAAS2271001529 00 
YOUR REF: 483153 10057000 TITAN INTERCONTINENTAL,S.A CALI COLOMBI
A
:61:1209260927D25,07NCOM483223//FAAS227100153900
:86:808CHARGES CHARGES RE:FOREIGN PAYMENT OUR REF: FAAS2271001539 00 
YOUR REF: 483223 10057000 TITAN INTERCONTINENTAL,S.A CALI COLOMBI
A
:61:1209260927D25,07NCOM483221//FAAS227100136000
:86:808CHARGES CHARGES RE:FOREIGN PAYMENT OUR REF: FAAS2271001360 00 
YOUR REF: 483221 10057000 TITAN INTERCONTINENTAL,S.A CALI COLOMBI
A
:61:1209260927D25,07NCOM481801//FAAS227100017700
:86:808CHARGES CHARGES RE:FOREIGN PAYMENT OUR REF: FAAS2271000177 00 
YOUR REF: 481801 10058000 ITALCAMBIO C.A CARACAS VENEZUELA
:61:1209260927D25,07NCOM482700//FAAS227100033300
:86:808CHARGES CHARGES RE:FOREIGN PAYMENT OUR REF: FAAS2271000333 00 
YOUR REF: 482700 10058000 ITALCAMBIO C.A CARACAS VENEZUELA
:62M:C120927USD1543115,06
-}{5:{CHK:443123AF07BA}}${1:F01IBIIPRSJAXXX0274120357}{2:O9402225120927COBADEFFDXXX28394131301209271626N}{3:{108:00U75UBERBDDZGWA}}{4:
:20:00U75UBERBDDZGWA
:25:50040000/400872570700USD
:28C:117/12
:60M:C120927USD1543996,48
:61:1209260927D15,43NCOM482653//FAAS227100041900
:86:808CHARGES CHARGES RE:FOREIGN PAYMENT OUR REF: FAAS2271000419 00 
YOUR REF: 482653 10058000 ITALCAMBIO C.A CARACAS VENEZUELA
:61:1209260927D15,43NCOM482641//FAAS227100045900
:86:808CHARGES CHARGES RE:FOREIGN PAYMENT OUR REF: FAAS2271000459 00 
YOUR REF: 482641 10058000 ITALCAMBIO C.A CARACAS VENEZUELA
:61:1209260927D15,43NCOM482663//FAAS227100047200
:86:808CHARGES CHARGES RE:FOREIGN PAYMENT OUR REF: FAAS2271000472 00 
YOUR REF: 482663 10058000 ITALCAMBIO C.A CARACAS VENEZUELA
:61:1209260927D15,43NCOM482689//FAAS227100048000
:86:808CHARGES CHARGES RE:FOREIGN PAYMENT OUR REF: FAAS2271000480 00 
YOUR REF: 482689 10058000 ITALCAMBIO C.A CARACAS VENEZUELA
:61:1209260927D15,43NCOM481747//FAAS227100142500
:86:808CHARGES CHARGES RE:FOREIGN PAYMENT OUR REF: FAAS2271001425 00 
YOUR REF: 481747 10058000 ITALCAMBIO C.A CARACAS VENEZUELA
:61:1209260927D15,43NCOM481659//FAAS227100143800
:86:808CHARGES CHARGES RE:FOREIGN PAYMENT OUR REF: FAAS2271001438 00 
YOUR REF: 481659 10058000 ITALCAMBIO C.A CARACAS VENEZUELA
:61:1209260927D15,43NCOM481693//FAAS227100144100
:86:808CHARGES CHARGES RE:FOREIGN PAYMENT OUR REF: FAAS2271001441 00 
YOUR REF: 481693 10058000 ITALCAMBIO C.A CARACAS VENEZUELA
:61:1209260927D15,43NCOM482602//FAAS227100148000
:86:808CHARGES CHARGES RE:FOREIGN PAYMENT OUR REF: FAAS2271001480 00 
YOUR REF: 482602 10058000 ITALCAMBIO C.A CARACAS VENEZUELA
:61:1209260927D15,43NCOM482600//FAAS227100148200
:86:808CHARGES CHARGES RE:FOREIGN PAYMENT OUR REF: FAAS2271001482 00 
YOUR REF: 482600 10058000 ITALCAMBIO C.A CARACAS VENEZUELA
:62M:C120927USD1543857,61
-}{5:{CHK:B252B7A3A3CC}}${1:F01IBIIPRSJAXXX0274120356}{2:O9402225120927COBADEFFDXXX28394131251209271626N}{3:{108:00U75UBERBDDZGWA}}{4:
:20:00U75UBERBDDZGWA
:25:50040000/400872570700USD
:28C:117/7
:60M:C120927USD1544690,83
:61:1209260927D15,43NCOM482370//FAAS227100016700
:86:808CHARGES CHARGES RE:FOREIGN PAYMENT OUR REF: FAAS2271000167 00 
YOUR REF: 482370 10058000 ITALCAMBIO C.A CARACAS VENEZUELA
:61:1209260927D15,43NCOM481649//FAAS227100014200
:86:808CHARGES CHARGES RE:FOREIGN PAYMENT OUR REF: FAAS2271000142 00 
YOUR REF: 481649 10058000 ITALCAMBIO C.A CARACAS VENEZUELA
:61:1209260927D15,43NCOM482376//FAAS227100016500
:86:808CHARGES CHARGES RE:FOREIGN PAYMENT OUR REF: FAAS2271000165 00 
YOUR REF: 482376 10058000 ITALCAMBIO C.A CARACAS VENEZUELA
:61:1209260927D15,43NCOM481681//FAAS227100014100
:86:808CHARGES CHARGES RE:FOREIGN PAYMENT OUR REF: FAAS2271000141 00 
YOUR REF: 481681 10058000 ITALCAMBIO C.A CARACAS VENEZUELA
:61:1209260927D15,43NCOM482485//FAAS227100017300
:86:808CHARGES CHARGES RE:FOREIGN PAYMENT OUR REF: FAAS2271000173 00 
YOUR REF: 482485 10058000 MUNDITUR CASA DE CAMBIOS C. MARACAY VEN
EZUELA
:61:1209260927D15,43NCOM482388//FAAS227100017000
:86:808CHARGES CHARGES RE:FOREIGN PAYMENT OUR REF: FAAS2271000170 00 
YOUR REF: 482388 10058000 ITALCAMBIO C.A CARACAS VENEZUELA
:61:1209260927D15,43NCOM481685//FAAS227100014500
:86:808CHARGES CHARGES RE:FOREIGN PAYMENT OUR REF: FAAS2271000145 00 
YOUR REF: 481685 10058000 ITALCAMBIO C.A CARACAS VENEZUELA
:61:1209260927D15,43NCOM482528//FAAS227100018500
:86:808CHARGES CHARGES RE:FOREIGN PAYMENT OUR REF: FAAS2271000185 00 
YOUR REF: 482528 10058000 ITALCAMBIO C.A CARACAS VENEZUELA
:61:1209260927D15,43NCOM482520//FAAS227100018100
:86:808CHARGES CHARGES RE:FOREIGN PAYMENT OUR REF: FAAS2271000181 00 
YOUR REF: 482520 10058000 ITALCAMBIO C.A CARACAS VENEZUELA
:62M:C120927USD1544551,96
-}{5:{CHK:37033A568427}}${1:F01IBIIPRSJAXXX0274120355}{2:O9402225120927COBADEFFDXXX28394131191209271625N}{3:{108:00U75UBERBDDZGWA}}{4:
:20:00U75UBERBDDZGWA
:25:50040000/400872570700USD
:28C:117/2
:60M:C120927USD1545385,18
:61:1209260927D15,43NCOM481713//FAAS227100009400
:86:808CHARGES CHARGES RE:FOREIGN PAYMENT OUR REF: FAAS2271000094 00 
YOUR REF: 481713 10058000 ITALCAMBIO C.A CARACAS VENEZUELA
:61:1209260927D15,43NCOM482368//FAAS227100746200
:86:808CHARGES CHARGES RE:FOREIGN PAYMENT OUR REF: FAAS2271007462 00 
YOUR REF: 482368 10058000 ITALCAMBIO C.A CARACAS VENEZUELA
:61:1209260927D15,43NCOM482362//FAAS227100180200
:86:808CHARGES CHARGES RE:FOREIGN PAYMENT OUR REF: FAAS2271001802 00 
YOUR REF: 482362 10058000 ITALCAMBIO C.A CARACAS VENEZUELA
:61:1209260927D15,43NCOM482364//FAAS227100786800
:86:808CHARGES CHARGES RE:FOREIGN PAYMENT OUR REF: FAAS2271007868 00 
YOUR REF: 482364 10058000 ITALCAMBIO C.A CARACAS VENEZUELA
:61:1209260927D15,43NCOM481661//FAAS227100143900
:86:808CHARGES CHARGES RE:FOREIGN PAYMENT OUR REF: FAAS2271001439 00 
YOUR REF: 481661 10058000 ITALCAMBIO C.A CARACAS VENEZUELA
:61:1209260927D15,43NCOM482578//FAAS227100789300
:86:808CHARGES CHARGES RE:FOREIGN PAYMENT OUR REF: FAAS2271007893 00 
YOUR REF: 482578 10058000 ITALCAMBIO C.A CARACAS VENEZUELA
:61:1209260927D15,43NCOM482350//FAAS227100225200
:86:808CHARGES CHARGES RE:FOREIGN PAYMENT OUR REF: FAAS2271002252 00 
YOUR REF: 482350 10058000 ITALCAMBIO C.A CARACAS VENEZUELA
:61:1209260927D15,43NCOM482382//FAAS227100897800
:86:808CHARGES CHARGES RE:FOREIGN PAYMENT OUR REF: FAAS2271008978 00 
YOUR REF: 482382 10058000 ITALCAMBIO C.A CARACAS VENEZUELA
:61:1209260927D15,43NCOM482556//FAAS227100899100
:86:808CHARGES CHARGES RE:FOREIGN PAYMENT OUR REF: FAAS2271008991 00 
YOUR REF: 482556 10058000 ITALCAMBIO C.A CARACAS VENEZUELA
:62M:C120927USD1545246,31
-}{5:{CHK:D78274719B05}}${1:F01IBIIPRSJAXXX0274120352}{2:O9402225120927COBADEFFDXXX28394130731209271625N}{3:{108:00U75UBERBDDZGWA}}{4:
:20:00U75UBERBDDZGWA
:25:50040000/400872570700USD
:28C:117/63
:60M:C120927USD183020,63
:61:1209270927C259,28S202FAAM2271052421//FAAM2271052421
:86:211PAYMENT RECEIPT A. EL. MEDIA /FBA:ITALBANK INTERNATIONAL, INC/
FBA:SAN JUAN/FBB:USD285,/FUK:1,/FGK:USD25,72/VWZ:/RETN/58 /MS01/I
NT,.POLICIES OF BY SANJOSE /MREF/478730/FCC:CR
:61:1209270927C259,28S202FAAM2270092051//FAAM2270092051
:86:211PAYMENT RECEIPT A. EL. MEDIA /FBA:ITALBANK INTERNATIONAL, INC/
FBA:SAN JUAN/FBB:USD285,/FUK:1,/FGK:USD25,72/VWZ:/RETN/59 /AC01/B
NF ACC IS INVALID /MREF/477322/FCC:DO
:61:1209270927C259,28S202FAAM2270090224//FAAM2270090224
:86:211PAYMENT RECEIPT A. EL. MEDIA /FBA:ITALBANK INTERNATIONAL, INC/
FBA:SAN JUAN/FBB:USD285,/FUK:1,/FGK:USD25,72/VWZ:/RETN/59 /AC01/B
NF ACC IS INVALID /MREF/477320/FCC:DO
:61:1209270927C285,S202DGVM2271007204//DGVM2271007204
:86:211PAYMENT RECEIPT A. EL. MEDIA /FBA:ITALBANK INTERNATIONAL, INC/
FBA:SAN JUAN/FBB:USD285,/FUK:1,/VWZ:/RETN/57 /MS01/INTERNAL POLIC
IES OF BAC SANJ/MREF/478732/FCC:CR
:61:1209270927C32173,5S103FAAC227109578100//FAAC227109578100
:86:211PAYMENT RECEIPT A. EL. MEDIA /FBA:GUINAZU HNOS SRL/FBA:MONTIEL
 116 BUENOS AIRES AR/FBB:USD32205,65/FUK:1,/FGB:USD32,15/VWZ:6524
1018/FCC:US000004121295554/FAG:MONEYGRAM PAYMENT SYSTEMS I/FAG:AT
TN: ACCOUNT DEPT, NTL2060/FAG:1550 UTICA AVE S STE 100
:61:1209270927C98803,56S103FAAC227010133800//FAAC227010133800
:86:211PAYMENT RECEIPT A. EL. MEDIA /FBA:GUINAZU HNOS S.R.L./FBA:AV. 
PUEYRREDON 786/FBA:BUENOS AIRES/FBB:USD98900,/FUK:1,/FGB:USD96,44
 VWZ:INV: GGGXS204/FCC:US000007348803003/FAG:GUKO CORP/FAG:1320 M
AIN ST STE 300/FAG:COLUMBIA SC 29201-3266
:62M:C120927USD315060,53
-}{5:{CHK:CF510EC0BFB4}}${1:F01IBIIPRSJAXXX0274120351}{2:O9402225120927COBADEFFDXXX28394130671209271625N}{3:{108:00U75UBERBDDZGWA}}{4:
:20:00U75UBERBDDZGWA
:25:50040000/400872570700USD
:28C:117/58
:60M:C120927USD1272142,13
:61:1209260927D110650,NTRF483217//FAAS227102022300
:86:210PAYMENT BY ELECTRONIC MEDIA /FAG:TITAN INTERCONTINENTAL,S.A/FA
G:C. 11, NO.4 42 EDIF. COLSEG/FAG:SO 1/FBB:USD110650,/FUK:1,/FGK:
USD41,15/VWZ:ANTICIPO SEGUN FACTURA PROFORMA 009ORDENANTE: 837000
9215 COMERCILIZADORA INTERNACIONAL INTEG/FCC:PR/FBA:AGROCOMODITIE
S SA/FBA:CALLE PICHINCHA Y 235 Y COL/FBA:TULCAN ECUADOR
:61:1209260927D124265,81NTRF483221//FAAS227100136000
:86:210PAYMENT BY ELECTRONIC MEDIA /FAG:TITAN INTERCONTINENTAL,S.A/FA
G:C. 11, NO.4 42 EDIF. COLSEG/FAG:SO 1/FBB:USD124265,81/FUK:1,/FG
K:USD25,07/VWZ:PAGO CONTRATO HEADGES ORDENANTE: 805030399 OSTER D
E COLOMBIA LTDA/FCC:PR/FBA:JARDEN CORPORATION/FBA:2381 EXECUTIVE 
CENTER DRIVE/FBA:TON FLORIDA
:61:1209260927D165000,NTRF483223//FAAS227100153900
:86:210PAYMENT BY ELECTRONIC MEDIA /FAG:TITAN INTERCONTINENTAL,S.A/FA
G:C. 11, NO.4 42 EDIF. COLSEG/FAG:SO 1/FBB:USD165000,/FUK:1,/FGK:
USD25,07/VWZ:CANCELACION GIRO FINANCIADO G008824 DEL BANCO SANTAN
DER IMP 1615 ORDENANTE:8002196787 KANGUPOR S.A.S/FCC:PR/FBA:BANCO
 CORPBANCA COLOMBIA S./FBA:AV3 NORTE, 40 N 97/FBA:CALI COLOMBIA
:61:1209260927D250000,NTRF483153//FAAS227100152900
:86:210PAYMENT BY ELECTRONIC MEDIA /FAG:TITAN INTERCONTINENTAL,S.A/FA
G:C. 11, NO.4 42 EDIF. COLSEG/FAG:SO 1/FBB:USD250000,/FUK:1,/FGK:
USD25,07/VWZ:MONETIZACION DE DIVISA TITAN INTERCONTINENTAL S,A. A
CC 06074790769/FCC:PR/FBA:BANCOLOMBIA/FBA:AV. 8 NTE NO 12 43 // T
EL./FBA:CALI COLOMBIA
:61:1209270927D15,43NCOM479014//FAAS227110445400
:86:808CHARGES CHARGES RE:FOREIGN PAYMENT OUR REF: FAAS2271104454 00 
YOUR REF: 479014 10057000 TITAN INTERCONTINENTAL,S.A CALI COLOMBI
A
:62M:C120927USD622210,89
-}{5:{CHK:2F954CC4ECAD}}${1:F01IBIIPRSJAXXX0274120350}{2:O9402225120927COBADEFFDXXX28394130621209271625N}{3:{108:00U75UBERBDDZGWA}}{4:
:20:00U75UBERBDDZGWA
:25:50040000/400872570700USD
:28C:117/53
:60M:C120927USD1496326,37
:61:1209260927D1524,99NTRF482683//FAAS227101067700
:86:210PAYMENT BY ELECTRONIC MEDIA /FAG:ITALCAMBIO C.A/FAG:AV URDANET
A EDF CAMORUCO PB/FAG:ELARIA 1010/FBB:USD1524,99/FUK:1,/FGK:USD28
,29/VWZ:MANUTENCION ORDENANTE: V4062515 RAMON NAZARIEGO/FCC:PR/FB
A:SABRINA DEL CARMEN NAZARIEG/FBA:AVENIDA NOVE DE JULHO JARDI/FBA
 SAO PAULO BRASI
:61:1209260927D1965,NTRF482667//FAAS227100036300
:86:210PAYMENT BY ELECTRONIC MEDIA /FAG:ITALCAMBIO C.A/FAG:AV URDANET
A EDF CAMORUCO PB/FAG:ELARIA 1010/FBB:USD1965,/FUK:1,/FGK:USD15,4
3/VWZ:MANUTENCION ORDENANTE: V5313066 FERNANDA SIMOES DE ARAUJO/F
CC:PR/FBA:FERNANDO ANDRE ARAUJO SIMOE/FBA:1138 LAGUNA SPRINPS DR 
WEST/FBA:DA ESTADOS UNID
:61:1209260927D2016,58NTRF482655//FAAS227100032700
:86:210PAYMENT BY ELECTRONIC MEDIA /FAG:ITALCAMBIO C.A/FAG:AV URDANET
A EDF CAMORUCO PB/FAG:ELARIA 1010/FBB:USD2016,58/FUK:1,/FGK:USD28
,29/VWZ:MANUTENCION ORDENANTE: V5332867 DEHISE LEDEZMA DE BERNAEZ
 FCC:PR/FBA:ANGELA MARIA BERNAEZ LEDEZM/FBA:RUA INDIANA CALLE 555
 APTO/FBA:AULO BRASIL
:61:1209260927D2064,3NTRF482510//FAAS227100034200
:86:210PAYMENT BY ELECTRONIC MEDIA /FAG:MUNDITUR CASA DE CAMBIOS C./F
AG:AV BOLIVAR C.C GALERIA PLAZ/FAG:13 2101/FBB:USD2064,3/FUK:1,/F
GK:USD15,43/VWZ:PAGO DEL 17 08 2012 AL 23 08 2012 ORDENANTE: J075
216423 MUNDITUR/FCC:PR/FBA:TRANS FAST REMITTANCE LLC/FBA:110 WALL
 STRET 2 ND FL/FBA:NEW YORK NY 10
:61:1209260927D2233,3NTRF482645//FAAS227100222700
:86:210PAYMENT BY ELECTRONIC MEDIA /FAG:ITALCAMBIO C.A/FAG:AV URDANET
A EDF CAMORUCO PB/FAG:ELARIA 1010/FBB:USD2233,3/FUK:1,/FGK:USD15,
43/VWZ:PENSION ORDENANTE: V10318235 MARIBEL BENITEZ DE MACHADO/FC
C:PR/FBA:ANGELA ADELA RAGA/FBA:15072 COSTELA ST SNA LEANDR/FBA:CA
LIFORNIA EST
:62M:C120927USD1486522,2
-}{5:{CHK:9F74B77D073D}}${1:F01IBIIPRSJAXXX0274120349}{2:O9402225120927COBADEFFDXXX28394130571209271625N}{3:{108:00U75UBERBDDZGWA}}{4:
:20:00U75UBERBDDZGWA
:25:50040000/400872570700USD
:28C:117/48
:60M:C120927USD1505003,37
:61:1209260927D285,NTRF482392//FAAS227100645300
:86:210PAYMENT BY ELECTRONIC MEDIA /FAG:ITALCAMBIO C.A/FAG:AV URDANET
A EDF CAMORUCO PB/FAG:ELARIA 1010/FBB:USD285,/FUK:1,/FGK:USD15,43
 VWZ:REMESA FAMILIAR ORDENANTE: V3071820 JESUS CHACON PERNIA/FCC:
PR/FBA:DYLAN ADRIAN CHACON/FBA:3326 ROBERT TRENT JONES DR/FBA:NDO
 FI 32835
:61:1209260927D285,NTRF481749//FAAS227100645100
:86:210PAYMENT BY ELECTRONIC MEDIA /FAG:ITALCAMBIO C.A/FAG:AV URDANET
A EDF CAMORUCO PB/FAG:ELARIA 1010/FBB:USD285,/FUK:1,/FGK:USD15,43
 VWZ:REMESA FAMILIAR ORDENANTE: V3970844 DALIA MARIA MELLO DE ROD
RIGUEZ/FCC:PR/FBA:BARBARA MILAGROS RODRIGUEZ/FBA:AV DEHESA LA NUM
ERO 15 PISO/FBA:A 4 SAN SEBASTI
:61:1209260927D285,NTRF481751//FAAS227100645500
:86:210PAYMENT BY ELECTRONIC MEDIA /FAG:ITALCAMBIO C.A/FAG:AV URDANET
A EDF CAMORUCO PB/FAG:ELARIA 1010/FBB:USD285,/FUK:1,/FGK:USD15,43
 VWZ:REMESA FAMILIAR ORDENANTE: V3970844 DALIA MARIA MELLO DE ROD
RIGUEZ/FCC:PR/FBA:FERNANDO JAVIER RODRIGUEZ M/FBA:AV DEHESA LA NU
MERO 15 PISO/FBA:RTA 4 SAN SEBASTIAN
:61:1209260927D285,NTRF481745//FAAS227100788400
:86:210PAYMENT BY ELECTRONIC MEDIA /FAG:ITALCAMBIO C.A/FAG:AV URDANET
A EDF CAMORUCO PB/FAG:ELARIA 1010/FBB:USD285,/FUK:1,/FGK:USD15,43
 VWZ:REMESA FAMILIAR ORDENANTE: V3318083 NAZIRA AMAIR HANDULE/FCC
 PR/FBA:FABIANA GABRIELA LIMONGI AM/FBA:17 RUE PIERRE LHOMME 9240
0/FBA:IE PARIS FRANCI
:61:1209260927D285,NTRF481729//FAAS227100788200
:86:210PAYMENT BY ELECTRONIC MEDIA /FAG:ITALCAMBIO C.A/FAG:AV URDANET
A EDF CAMORUCO PB/FAG:ELARIA 1010/FBB:USD285,/FUK:1,/FGK:USD15,43
 VWZ:REMESA FAMILIAR ORDENANTE: V3195253 CARMEN PADILLA DE CONTRE
RAS/FCC:PR/FBA:PEDRO IGNACIO CONTRERAS PAD/FBA:7225 CRESSCENT PAR
K WEST N/FBA:A VISTA CA 9009
:62M:C120927USD1503578,37
-}{5:{CHK:81D35509CE91}}${1:F01IBIIPRSJAXXX0274120348}{2:O9402225120927COBADEFFDXXX28394130531209271625N}{3:{108:00U75UBERBDDZGWA}}{4:
:20:00U75UBERBDDZGWA
:25:50040000/400872570700USD
:28C:117/43
:60M:C120927USD1511843,37
:61:1209260927D285,NTRF481693//FAAS227100144100
:86:210PAYMENT BY ELECTRONIC MEDIA /FAG:ITALCAMBIO C.A/FAG:AV URDANET
A EDF CAMORUCO PB/FAG:ELARIA 1010/FBB:USD285,/FUK:1,/FGK:USD15,43
 VWZ:REMESA FAMILIAR ORDENANTE: V4623859 LUIS GARCIA RAMIREZ/FCC:
PR/FBA:ANDRES EDUARDO GARCIA PERAZ/FBA:4012 SHADOWOOD PARKWAY SE 
A/FBA:A 30339
:61:1209260927D285,NTRF481659//FAAS227100143800
:86:210PAYMENT BY ELECTRONIC MEDIA /FAG:ITALCAMBIO C.A/FAG:AV URDANET
A EDF CAMORUCO PB/FAG:ELARIA 1010/FBB:USD285,/FUK:1,/FGK:USD15,43
 VWZ:REMESA FAMILIAR ORDENANTE: E83994115 TATIANA FEDORCHENKO/FCC
 PR/FBA:GABRIEL RINCHEN PARRELLA FE/FBA:APTO 86 VOLKOV PEREULOK E
DI/FBA:ORPUS 3 MOSCU
:61:1209260927D285,NTRF481747//FAAS227100142500
:86:210PAYMENT BY ELECTRONIC MEDIA /FAG:ITALCAMBIO C.A/FAG:AV URDANET
A EDF CAMORUCO PB/FAG:ELARIA 1010/FBB:USD285,/FUK:1,/FGK:USD15,43
 VWZ:REMESA FAMILIAR ORDENANTE: E81172708 ANTONO DE FREITAS/FCC:P
R/FBA:MARIA GERTRUDES MENDES/FBA:FAJA DOS VINHATOCOS MUNICIP/FBA:
CONCELHO DE SAN
:61:1209260927D285,NTRF482689//FAAS227100048000
:86:210PAYMENT BY ELECTRONIC MEDIA /FAG:ITALCAMBIO C.A/FAG:AV URDANET
A EDF CAMORUCO PB/FAG:ELARIA 1010/FBB:USD285,/FUK:1,/FGK:USD15,43
 VWZ:REMESA FAMILIAR ORDENANTE: V1547945 MARIA BUSTAMANTE DE BECE
RRA/FCC:PR/FBA:GERARDO ANTONIO BECERRA BUS/FBA:TRAVESIA CASALVITO
 NRO 1 DE/FBA:DE CASALVITO PO
:61:1209260927D285,NTRF482663//FAAS227100047200
:86:210PAYMENT BY ELECTRONIC MEDIA /FAG:ITALCAMBIO C.A/FAG:AV URDANET
A EDF CAMORUCO PB/FAG:ELARIA 1010/FBB:USD285,/FUK:1,/FGK:USD15,43
 VWZ:REMESA FAMILIAR ORDENANTE: V17034238 LUIGI SCISCIOLI GENOVEZ
A/FCC:PR/FBA:KYRA SCISCIOLI PENA/FBA:2 RUE RAOUL BERTON 93170 BA/
FBA:RANCIA
:62M:C120927USD1510418,37
-}{5:{CHK:CDA610AC0B07}}${1:F01IBIIPRSJAXXX0274120347}{2:O9402225120927COBADEFFDXXX28394130481209271625N}{3:{108:00U75UBERBDDZGWA}}{4:
:20:00U75UBERBDDZGWA
:25:50040000/400872570700USD
:28C:117/38
:60M:C120927USD1518968,37
:61:1209260927D285,NTRF482534//FAAS227100019500
:86:210PAYMENT BY ELECTRONIC MEDIA /FAG:ITALCAMBIO C.A/FAG:AV URDANET
A EDF CAMORUCO PB/FAG:ELARIA 1010/FBB:USD285,/FUK:1,/FGK:USD15,43
 VWZ:REMESA FAMILIAR ORDENANTE: V7359477 LOURDES MARIA PARRA/FCC:
PR/FBA:ORLANDO JOSE RIVERO PARRA/FBA:CALLE JUAN DE QUESADA 26 2B/
FBA:RIO LAS PALMAS
:61:1209260927D285,NTRF482518//FAAS227100020600
:86:210PAYMENT BY ELECTRONIC MEDIA /FAG:ITALCAMBIO C.A/FAG:AV URDANET
A EDF CAMORUCO PB/FAG:ELARIA 1010/FBB:USD285,/FUK:1,/FGK:USD15,43
 VWZ:REMESA FAMILIAR ORDENANTE: V5612007 JACINTO RODRIGUEZ VIERA/
FCC:PR/FBA:JOSE MANUEL RODRIGUES DOS S/FBA:CAMINHO LOMBO DA ESTRE
LA N1/FBA:A MADEIRA PORTU
:61:1209260927D285,NTRF482512//FAAS227100019300
:86:210PAYMENT BY ELECTRONIC MEDIA /FAG:ITALCAMBIO C.A/FAG:AV URDANET
A EDF CAMORUCO PB/FAG:ELARIA 1010/FBB:USD285,/FUK:1,/FGK:USD15,43
 VWZ:REMESA FAMILIAR ORDENANTE: V6061497 MANUEL SALCEDO MARCO/FCC
 PR/FBA:ILIANA AMPARO SALCEDO VOLCA/FBA:CALLE CAMPAMENTO 7 P04 00
8/FBA:NIMAMET VALENCI
:61:1209260927D285,NTRF482516//FAAS227100017600
:86:210PAYMENT BY ELECTRONIC MEDIA /FAG:ITALCAMBIO C.A/FAG:AV URDANET
A EDF CAMORUCO PB/FAG:ELARIA 1010/FBB:USD285,/FUK:1,/FGK:USD15,43
 VWZ:REMESA FAMILIAR ORDENANTE: V4566247 HECTOR ISAAC RODRIGUEZ M
ARQUEZ/FCC:PR/FBA:HECTOR GABRIEL RODRIGUEZ CO/FBA:CALLE DE LUIS C
ABRERA NUM 6/FBA:T C MADRID ESPA
:61:1209260927D285,NTRF482522//FAAS227100017900
:86:210PAYMENT BY ELECTRONIC MEDIA /FAG:ITALCAMBIO C.A/FAG:AV URDANET
A EDF CAMORUCO PB/FAG:ELARIA 1010/FBB:USD285,/FUK:1,/FGK:USD15,43
 VWZ:REMESA FAMILIAR ORDENANTE: V5612007 JACINTO RODRIGUEZ VIERA/
FCC:PR/FBA:MARLENE DOS SANTOS DE SOUSA/FBA:CAMINHO LOMBO DA ESTRE
LA N1/FBA:A MADEIRA PORTU
:62M:C120927USD1517543,37
-}{5:{CHK:2C1831193AB2}}${1:F01IBIIPRSJAXXX0274120346}{2:O9402225120927COBADEFFDXXX28394130431209271625N}{3:{108:00U75UBERBDDZGWA}}{4:
:20:00U75UBERBDDZGWA
:25:50040000/400872570700USD
:28C:117/33
:60M:C120927USD1525808,37
:61:1209260927D285,NTRF481653//FAAS227100013400
:86:210PAYMENT BY ELECTRONIC MEDIA /FAG:ITALCAMBIO C.A/FAG:AV URDANET
A EDF CAMORUCO PB/FAG:ELARIA 1010/FBB:USD285,/FUK:1,/FGK:USD15,43
 VWZ:REMESA FAMILIAR ORDENANTE: V3201409 AURA JOSEFINA GALLARDO D
E LOPEZ/FCC:PR/FBA:CARLOS EDUARDO LOPEZ GALLAR/FBA:5931 N E 18TH 
TERRACE FORT/FBA:LE FLORIDA 3330
:61:1209260927D285,NTRF481717//FAAS227100011000
:86:210PAYMENT BY ELECTRONIC MEDIA /FAG:ITALCAMBIO C.A/FAG:AV URDANET
A EDF CAMORUCO PB/FAG:ELARIA 1010/FBB:USD285,/FUK:1,/FGK:USD15,43
 VWZ:REMESA FAMILIAR ORDENANTE: V278384 DOMINGO LUIS REJON FELCE/
FCC:PR/FBA:MARIA CAROLINA REJON MARTIN/FBA:9 RUE JEAN GUY LABARBE
 9413/FBA:S/MAME FRANCIA
:61:1209260927D285,NTRF481711//FAAS227100009800
:86:210PAYMENT BY ELECTRONIC MEDIA /FAG:ITALCAMBIO C.A/FAG:AV URDANET
A EDF CAMORUCO PB/FAG:ELARIA 1010/FBB:USD285,/FUK:1,/FGK:USD15,43
 VWZ:REMESA FAMILIAR ORDENANTE: E927742 ANNEMARI STEFFENSEN DE CO
MERMA/FCC:PR/FBA:AMBAR COMERMA LIMA/FBA:HOVSETERVEIEN 56 B/FBA:OS
LO NORUEGA
:61:1209260927D285,NTRF481757//FAAS227100011100
:86:210PAYMENT BY ELECTRONIC MEDIA /FAG:ITALCAMBIO C.A/FAG:AV URDANET
A EDF CAMORUCO PB/FAG:ELARIA 1010/FBB:USD285,/FUK:1,/FGK:USD15,43
 VWZ:REMESA FAMILIAR ORDENANTE: V2091012 LUIS CARDOZO RODRIGUEZ/F
CC:PR/FBA:JOSE ALEJANDRO CARDOZO HERN/FBA:RUA FONTE DO LUGAR N 28
 1 E/FBA:EDIF DA FONTE 3770
:61:1209260927D285,NTRF481765//FAAS227100010900
:86:210PAYMENT BY ELECTRONIC MEDIA /FAG:ITALCAMBIO C.A/FAG:AV URDANET
A EDF CAMORUCO PB/FAG:ELARIA 1010/FBB:USD285,/FUK:1,/FGK:USD15,43
 VWZ:REMESA FAMILIAR ORDENANTE: V12023820 ELVIO NEVES FERREIRA/FC
C:PR/FBA:TATIANA NEVES MERIZALDE/FBA:FIXA NA RUA DAS BARREIRNHAS/
FBA:RC ESQUERDO GI
:62M:C120927USD1524383,37
-}{5:{CHK:ED1A90D12026}}${1:F01IBIIPRSJAXXX0274120345}{2:O9402225120927COBADEFFDXXX28394130371209271625N}{3:{108:00U75UBERBDDZGWA}}{4:
:20:00U75UBERBDDZGWA
:25:50040000/400872570700USD
:28C:117/28
:60M:C120927USD1532933,37
:61:1209260927D285,NTRF482350//FAAS227100225200
:86:210PAYMENT BY ELECTRONIC MEDIA /FAG:ITALCAMBIO C.A/FAG:AV URDANET
A EDF CAMORUCO PB/FAG:ELARIA 1010/FBB:USD285,/FUK:1,/FGK:USD15,43
 VWZ:REMESA FAMILIAR ORDENANTE: V3849156 IRMA SOLEDAD CONTRERAS D
E CRESPO/FCC:PR/FBA:NICOLL ANDREINA OSUNA CRESP/FBA:620SW 111 AV 
N 101 PEMBROKE/FBA:33025
:61:1209260927D285,NTRF482578//FAAS227100789300
:86:210PAYMENT BY ELECTRONIC MEDIA /FAG:ITALCAMBIO C.A/FAG:AV URDANET
A EDF CAMORUCO PB/FAG:ELARIA 1010/FBB:USD285,/FUK:1,/FGK:USD15,43
 VWZ:REMESA FAMILIAR ORDENANTE: V4418378 OLGA BUGALLO ALVAREZ/FCC
 PR/FBA:LAURA ROMINA FRESCHI BUGALL/FBA:43 WESTPORDRIVE WHITBY ON
TA/FBA:O4 CANADA
:61:1209260927D285,NTRF481661//FAAS227100143900
:86:210PAYMENT BY ELECTRONIC MEDIA /FAG:ITALCAMBIO C.A/FAG:AV URDANET
A EDF CAMORUCO PB/FAG:ELARIA 1010/FBB:USD285,/FUK:1,/FGK:USD15,43
 VWZ:REMESA FAMILIAR ORDENANTE: E83994115 TATIANA FEDORCHENKO/FCC
 PR/FBA:IRAIDA IVANOVA/FBA:APARTAMENTO 86 CASA 7 9 VOL/FBA:ULOK
:61:1209260927D285,NTRF482364//FAAS227100786800
:86:210PAYMENT BY ELECTRONIC MEDIA /FAG:ITALCAMBIO C.A/FAG:AV URDANET
A EDF CAMORUCO PB/FAG:ELARIA 1010/FBB:USD285,/FUK:1,/FGK:USD15,43
 VWZ:REMESA FAMILIAR ORDENANTE: V1891871 MARY KATTAR DE REYES/FCC
 PR/FBA:GABRIEL BASCONES REYES/FBA:31 VERGREEN ROAD SUDBURY MA/FB
A:SUDBURY ESTADOS UNIDOS
:61:1209260927D285,NTRF482362//FAAS227100180200
:86:210PAYMENT BY ELECTRONIC MEDIA /FAG:ITALCAMBIO C.A/FAG:AV URDANET
A EDF CAMORUCO PB/FAG:ELARIA 1010/FBB:USD285,/FUK:1,/FGK:USD15,43
 VWZ:REMESA FAMILIAR ORDENANTE: V2135086 MANUEL DELGADO ORAMAS/FC
C:PR/FBA:JAVIER DELGADO HERNANDEZ/FBA:415 10121 80 AVENUE TE60B9/
FBA:EDMONTON CANADA
:62M:C120927USD1531508,37
-}{5:{CHK:A6FF2C4ECFA8}}${1:F01IBIIPRSJAXXX0274120344}{2:O9402225120927COBADEFFDXXX28394130311209271625N}{3:{108:00U75UBERBDDZGWA}}{4:
:20:00U75UBERBDDZGWA
:25:50040000/400872570700USD
:28C:117/23
:60M:C120927USD1539773,37
:61:1209260927D285,NTRF481663//FAAS227100013500
:86:210PAYMENT BY ELECTRONIC MEDIA /FAG:ITALCAMBIO C.A/FAG:AV URDANET
A EDF CAMORUCO PB/FAG:ELARIA 1010/FBB:USD285,/FUK:1,/FGK:USD28,29
 VWZ:REMESA FAMILIAR ORDENANTE: E82302724 ALDO RODRIGUEZ VILLOUTA
 FCC:PR/FBA:AMANDA MICAELA RODRIGUEZ AL/FBA:CALLE ALEJANDRO VALDE
Z N 24/FBA:Y AV LA GA
:61:1209260927D285,NTRF481667//FAAS227100013700
:86:210PAYMENT BY ELECTRONIC MEDIA /FAG:ITALCAMBIO C.A/FAG:AV URDANET
A EDF CAMORUCO PB/FAG:ELARIA 1010/FBB:USD285,/FUK:1,/FGK:USD28,29
 VWZ:REMESA FAMILIAR ORDENANTE: E81940601 PAMELA VALDES GOURSAC/F
CC:PR/FBA:FIORELLA DEL CARMEN FIORENZ/FBA:AVENIDAD COLONIAL CASA 
N 60/FBA:OZAL
:61:1209260927D285,NTRF481695//FAAS227100016600
:86:210PAYMENT BY ELECTRONIC MEDIA /FAG:ITALCAMBIO C.A/FAG:AV URDANET
A EDF CAMORUCO PB/FAG:ELARIA 1010/FBB:USD285,/FUK:1,/FGK:USD28,29
 VWZ:REMESA FAMILIAR ORDENANTE: V1122254 YBRAHIM MORA LOPEZ/FCC:P
R/FBA:GABRIEL ALFONSO MORA OCANTO/FBA:CONDOMINIO CAMPO ALTO APART
 FBA:17 SAN RAFAEL A
:61:1209260927D285,NTRF481697//FAAS227100015700
:86:210PAYMENT BY ELECTRONIC MEDIA /FAG:ITALCAMBIO C.A/FAG:AV URDANET
A EDF CAMORUCO PB/FAG:ELARIA 1010/FBB:USD285,/FUK:1,/FGK:USD28,29
 VWZ:REMESA FAMILIAR ORDENANTE: V1122254 YBRAHIM MORA LOPEZ/FCC:P
R/FBA:SAMUEL ALFONSO MORA OCANTO/FBA:CONDOMINIO CAMPO ALTO APART/
FBA:17 SAN RAFAEL A
:61:1209260927D285,NTRF482566//FAAS227100027900
:86:210PAYMENT BY ELECTRONIC MEDIA /FAG:ITALCAMBIO C.A/FAG:AV URDANET
A EDF CAMORUCO PB/FAG:ELARIA 1010/FBB:USD285,/FUK:1,/FGK:USD15,43
 VWZ:REMESA FAMILIAR ORDENANTE: V3600237 ORLANDO PALERMO LARA/FCC
 PR/FBA:HERICA CRISTINA PALERMO GIM/FBA:VIA GIACOMO MATTEOTTI 37B
 T/FBA:PROV DE UDINE
:62M:C120927USD1538348,37
-}{5:{CHK:B43959F7DB90}}${1:F01IBIIPRSJAXXX0274120343}{2:O9402225120927COBADEFFDXXX28394130261209271625N}{3:{108:00U75UBERBDDZGWA}}{4:
:20:00U75UBERBDDZGWA
:25:50040000/400872570700USD
:28C:117/18
:60M:C120927USD1543115,06
:61:1209260927D28,29NCOM482572//FAAS227100006700
:86:808CHARGES CHARGES RE:FOREIGN PAYMENT OUR REF: FAAS2271000067 00 
YOUR REF: 482572 10058000 ITALCAMBIO C.A CARACAS VENEZUELA
:61:1209260927D28,29NCOM482608//FAAS227100005900
:86:808CHARGES CHARGES RE:FOREIGN PAYMENT OUR REF: FAAS2271000059 00 
YOUR REF: 482608 10058000 ITALCAMBIO C.A CARACAS VENEZUELA
:61:1209260927D28,29NCOM482564//FAAS227100025700
:86:808CHARGES CHARGES RE:FOREIGN PAYMENT OUR REF: FAAS2271000257 00 
YOUR REF: 482564 10058000 ITALCAMBIO C.A CARACAS VENEZUELA
:61:1209260927D28,29NCOM481697//FAAS227100015700
:86:808CHARGES CHARGES RE:FOREIGN PAYMENT OUR REF: FAAS2271000157 00 
YOUR REF: 481697 10058000 ITALCAMBIO C.A CARACAS VENEZUELA
:61:1209260927D28,29NCOM481695//FAAS227100016600
:86:808CHARGES CHARGES RE:FOREIGN PAYMENT OUR REF: FAAS2271000166 00 
YOUR REF: 481695 10058000 ITALCAMBIO C.A CARACAS VENEZUELA
:61:1209260927D28,29NCOM481667//FAAS227100013700
:86:808CHARGES CHARGES RE:FOREIGN PAYMENT OUR REF: FAAS2271000137 00 
YOUR REF: 481667 10058000 ITALCAMBIO C.A CARACAS VENEZUELA
:61:1209260927D28,29NCOM481663//FAAS227100013500
:86:808CHARGES CHARGES RE:FOREIGN PAYMENT OUR REF: FAAS2271000135 00 
YOUR REF: 481663 10058000 ITALCAMBIO C.A CARACAS VENEZUELA
:61:1209260927D28,29NCOM481665//FAAS227100014900
:86:808CHARGES CHARGES RE:FOREIGN PAYMENT OUR REF: FAAS2271000149 00 
YOUR REF: 481665 10058000 ITALCAMBIO C.A CARACAS VENEZUELA
:61:1209260927D28,29NCOM481719//FAAS227100226800
:86:808CHARGES CHARGES RE:FOREIGN PAYMENT OUR REF: FAAS2271002268 00 
YOUR REF: 481719 10058000 ITALCAMBIO C.A CARACAS VENEZUELA
:62M:C120927USD1542860,45
-}{5:{CHK:520D9FB2194A}}${1:F01IBIIPRSJAXXX0274120342}{2:O9402225120927COBADEFFDXXX28394130211209271625N}{3:{108:00U75UBERBDDZGWA}}{4:
:20:00U75UBERBDDZGWA
:25:50040000/400872570700USD
:28C:117/13
:60M:C120927USD1543857,61
:61:1209260927D15,43NCOM482596//FAAS227100148100
:86:808CHARGES CHARGES RE:FOREIGN PAYMENT OUR REF: FAAS2271001481 00 
YOUR REF: 482596 10058000 ITALCAMBIO C.A CARACAS VENEZUELA
:61:1209260927D15,43NCOM482649//FAAS227100154000
:86:808CHARGES CHARGES RE:FOREIGN PAYMENT OUR REF: FAAS2271001540 00 
YOUR REF: 482649 10058000 ITALCAMBIO C.A CARACAS VENEZUELA
:61:1209260927D15,43NCOM482378//FAAS227100180300
:86:808CHARGES CHARGES RE:FOREIGN PAYMENT OUR REF: FAAS2271001803 00 
YOUR REF: 482378 10058000 ITALCAMBIO C.A CARACAS VENEZUELA
:61:1209260927D15,43NCOM482588//FAAS227100180500
:86:808CHARGES CHARGES RE:FOREIGN PAYMENT OUR REF: FAAS2271001805 00 
YOUR REF: 482588 10058000 ITALCAMBIO C.A CARACAS VENEZUELA
:61:1209260927D15,43NCOM482598//FAAS227100180400
:86:808CHARGES CHARGES RE:FOREIGN PAYMENT OUR REF: FAAS2271001804 00 
YOUR REF: 482598 10058000 ITALCAMBIO C.A CARACAS VENEZUELA
:61:1209260927D15,43NCOM482685//FAAS227100221800
:86:808CHARGES CHARGES RE:FOREIGN PAYMENT OUR REF: FAAS2271002218 00 
YOUR REF: 482685 10058000 ITALCAMBIO C.A CARACAS VENEZUELA
:61:1209260927D15,43NCOM482645//FAAS227100222700
:86:808CHARGES CHARGES RE:FOREIGN PAYMENT OUR REF: FAAS2271002227 00 
YOUR REF: 482645 10058000 ITALCAMBIO C.A CARACAS VENEZUELA
:61:1209260927D15,43NCOM482637//FAAS227100225700
:86:808CHARGES CHARGES RE:FOREIGN PAYMENT OUR REF: FAAS2271002257 00 
YOUR REF: 482637 10057000 TITAN INTERCONTINENTAL,S.A CALI COLOMBI
A
:61:1209260927D15,43NCOM481655//FAAS227100228700
:86:808CHARGES CHARGES RE:FOREIGN PAYMENT OUR REF: FAAS2271002287 00 
YOUR REF: 481655 10058000 ITALCAMBIO C.A CARACAS VENEZUELA
:62M:C120927USD1543718,74
-}{5:{CHK:9B984DEDD208}}${1:F01IBIIPRSJAXXX0274120341}{2:O9402225120927COBADEFFDXXX28394130161209271625N}{3:{108:00U75UBERBDDZGWA}}{4:
:20:00U75UBERBDDZGWA
:25:50040000/400872570700USD
:28C:117/8
:60M:C120927USD1544551,96
:61:1209260927D15,43NCOM482396//FAAS227100017400
:86:808CHARGES CHARGES RE:FOREIGN PAYMENT OUR REF: FAAS2271000174 00 
YOUR REF: 482396 10058000 ITALCAMBIO C.A CARACAS VENEZUELA
:61:1209260927D15,43NCOM482344//FAAS227100015900
:86:808CHARGES CHARGES RE:FOREIGN PAYMENT OUR REF: FAAS2271000159 00 
YOUR REF: 482344 10058000 ITALCAMBIO C.A CARACAS VENEZUELA
:61:1209260927D15,43NCOM481689//FAAS227100015100
:86:808CHARGES CHARGES RE:FOREIGN PAYMENT OUR REF: FAAS2271000151 00 
YOUR REF: 481689 10058000 ITALCAMBIO C.A CARACAS VENEZUELA
:61:1209260927D15,43NCOM482530//FAAS227100018800
:86:808CHARGES CHARGES RE:FOREIGN PAYMENT OUR REF: FAAS2271000188 00 
YOUR REF: 482530 10058000 ITALCAMBIO C.A CARACAS VENEZUELA
:61:1209260927D15,43NCOM482358//FAAS227100018000
:86:808CHARGES CHARGES RE:FOREIGN PAYMENT OUR REF: FAAS2271000180 00 
YOUR REF: 482358 10058000 ITALCAMBIO C.A CARACAS VENEZUELA
:61:1209260927D15,43NCOM482526//FAAS227100018400
:86:808CHARGES CHARGES RE:FOREIGN PAYMENT OUR REF: FAAS2271000184 00 
YOUR REF: 482526 10058000 ITALCAMBIO C.A CARACAS VENEZUELA
:61:1209260927D15,43NCOM482374//FAAS227100016800
:86:808CHARGES CHARGES RE:FOREIGN PAYMENT OUR REF: FAAS2271000168 00 
YOUR REF: 482374 10058000 ITALCAMBIO C.A CARACAS VENEZUELA
:61:1209260927D15,43NCOM482372//FAAS227100018900
:86:808CHARGES CHARGES RE:FOREIGN PAYMENT OUR REF: FAAS2271000189 00 
YOUR REF: 482372 10058000 ITALCAMBIO C.A CARACAS VENEZUELA
:61:1209260927D15,43NCOM482522//FAAS227100017900
:86:808CHARGES CHARGES RE:FOREIGN PAYMENT OUR REF: FAAS2271000179 00 
YOUR REF: 482522 10058000 ITALCAMBIO C.A CARACAS VENEZUELA
:62M:C120927USD1544413,09
-}{5:{CHK:15259A06A76B}}${1:F01IBIIPRSJAXXX0274120340}{2:O9402224120927COBADEFFDXXX28394130111209271625N}{3:{108:00U75UBERBDDZGWA}}{4:
:20:00U75UBERBDDZGWA
:25:50040000/400872570700USD
:28C:117/3
:60M:C120927USD1545246,31
:61:1209260927D15,43NCOM482679//FAAS227100965200
:86:808CHARGES CHARGES RE:FOREIGN PAYMENT OUR REF: FAAS2271009652 00 
YOUR REF: 482679 10058000 ITALCAMBIO C.A CARACAS VENEZUELA
:61:1209260927D15,43NCOM482669//FAAS227100965400
:86:808CHARGES CHARGES RE:FOREIGN PAYMENT OUR REF: FAAS2271009654 00 
YOUR REF: 482669 10058000 ITALCAMBIO C.A CARACAS VENEZUELA
:61:1209260927D15,43NCOM482673//FAAS227101094900
:86:808CHARGES CHARGES RE:FOREIGN PAYMENT OUR REF: FAAS2271010949 00 
YOUR REF: 482673 10058000 ITALCAMBIO C.A CARACAS VENEZUELA
:61:1209260927D15,43NCOM482612//FAAS227101094500
:86:808CHARGES CHARGES RE:FOREIGN PAYMENT OUR REF: FAAS2271010945 00 
YOUR REF: 482612 10058000 ITALCAMBIO C.A CARACAS VENEZUELA
:61:1209260927D15,43NCOM482671//FAAS227101132000
:86:808CHARGES CHARGES RE:FOREIGN PAYMENT OUR REF: FAAS2271011320 00 
YOUR REF: 482671 10058000 ITALCAMBIO C.A CARACAS VENEZUELA
:61:1209260927D15,43NCOM482554//FAAS227101167900
:86:808CHARGES CHARGES RE:FOREIGN PAYMENT OUR REF: FAAS2271011679 00 
YOUR REF: 482554 10058000 ITALCAMBIO C.A CARACAS VENEZUELA
:61:1209260927D15,43NCOM481679//FAAS227101226300
:86:808CHARGES CHARGES RE:FOREIGN PAYMENT OUR REF: FAAS2271012263 00 
YOUR REF: 481679 10058000 ITALCAMBIO C.A CARACAS VENEZUELA
:61:1209260927D15,43NCOM480624//FAAS227100037900
:86:808CHARGES CHARGES RE:FOREIGN PAYMENT OUR REF: FAAS2271000379 00 
YOUR REF: 480624 10058000 MUNDITUR CASA DE CAMBIOS C. MARACAY VEN
EZUELA
:61:1209260927D15,43NCOM483219//FAAS227100135800
:86:808CHARGES CHARGES RE:FOREIGN PAYMENT OUR REF: FAAS2271001358 00 
YOUR REF: 483219 10057000 TITAN INTERCONTINENTAL,S.A CALI COLOMBI
A
:62M:C120927USD1545107,44
-}{5:{CHK:FEB9F6CFBB23}}${1:F01IBIIPRSJAXXX0274120336}{2:O9402224120927COBADEFFDXXX28394129071209271624N}{3:{108:00U75UBERBDDZGWA}}{4:
:20:00U75UBERBDDZGWA
:25:50040000/400872570700USD
:28C:117/60
:60M:C120927USD622049,51
:61:1209270927D28,29NCOM482763//FAAS227110505700
:86:808CHARGES CHARGES RE:FOREIGN PAYMENT OUR REF: FAAS2271105057 00 
YOUR REF: 482763 10058000 ITALCAMBIO C.A CARACAS VENEZUELA
:61:1209270927D28,29NCOM483934//FAAS227110483900
:86:808CHARGES CHARGES RE:FOREIGN PAYMENT OUR REF: FAAS2271104839 00 
YOUR REF: 483934 10057000 TITAN INTERCONTINENTAL,S.A CALI COLOMBI
A
:61:1209270927D285,NTRF482755//FAAS227110491900
:86:210PAYMENT BY ELECTRONIC MEDIA /FAG:ITALCAMBIO C.A/FAG:AV URDANET
A EDF CAMORUCO PB/FAG:ELARIA 1010/FBB:USD285,/FUK:1,/FGK:USD15,43
 VWZ:REMESA FAMILIAR ORDENANTE: V2521283 EDITH ROJAS DE PINATE/FC
C:PR/FBA:ANDREA FERNANDA FUENTES PIN/FBA:2400 SW 3RD AVENUE NRO50
1 M/FBA:USA
:61:1209270927D285,NTRF482757//FAAS227110494400
:86:210PAYMENT BY ELECTRONIC MEDIA /FAG:ITALCAMBIO C.A/FAG:AV URDANET
A EDF CAMORUCO PB/FAG:ELARIA 1010/FBB:USD285,/FUK:1,/FGK:USD15,43
 VWZ:REMESA FAMILIAR ORDENANTE: V2521283 EDITH ROJAS DE PINATE/FC
C:PR/FBA:ROBERTO ANDRES FUENTES PINA/FBA:2400 SW 3RD AVENUE NRO 5
01/FBA:ORIDA USA 33129
:61:1209270927D285,NTRF482753//FAAS227110492000
:86:210PAYMENT BY ELECTRONIC MEDIA /FAG:ITALCAMBIO C.A/FAG:AV URDANET
A EDF CAMORUCO PB/FAG:ELARIA 1010/FBB:USD285,/FUK:1,/FGK:USD15,43
 VWZ:REMESA FAMILIAR ORDENANTE: V5304730 CESARE DESIDERATI RESCON
I/FCC:PR/FBA:VALDELINO DESIDERATI ZUCCHE/FBA:VIA GARIBALDI GIUSEP
PE 34/FBA:GAMBARA ITALIA
:61:1209270927D285,NTRF482763//FAAS227110505700
:86:210PAYMENT BY ELECTRONIC MEDIA /FAG:ITALCAMBIO C.A/FAG:AV URDANET
A EDF CAMORUCO PB/FAG:ELARIA 1010/FBB:USD285,/FUK:1,/FGK:USD28,29
 VWZ:REMESA FAMILIAR ORDENANTE: V13703093 DORA POMAR RICCI/FCC:PR
 FBA:DORA RICCI BALBIN DE POMAR/FBA:JR OSCAR CHOCANO N 521 DPTO/F
BA:ANIZACION LOS R
:62M:C120927USD620852,93
-}{5:{CHK:DAE862FE3F52}}${1:F01IBIIPRSJAXXX0274120335}{2:O9402224120927COBADEFFDXXX28394129031209271624N}{3:{108:00U75UBERBDDZGWA}}{4:
:20:00U75UBERBDDZGWA
:25:50040000/400872570700USD
:28C:117/55
:60M:C120927USD1475238,88
:61:1209260927D3330,NTRF482847//FAAS227100800600
:86:210PAYMENT BY ELECTRONIC MEDIA /FAG:FORTIGOLD, S. A./FAG:MISIONES
 1385/FAG:MONTEVIDEO URUGUAY/FBB:USD3330,/FUK:1,/FGK:USD15,43/VWZ
 PAGO FACTURA 1000201 ORDENANTE: 50307866 NEUMANN SOSKY, MARIO/FC
C:PR/FBA:GLOBAL VERODEX S.L./FBA:C DOLORES ALMEDA 39 BA CORN/FBA:
LLOBREGAT
:61:1209260927D3431,NTRF482659//FAAS227100008300
:86:210PAYMENT BY ELECTRONIC MEDIA /FAG:ITALCAMBIO C.A/FAG:AV URDANET
A EDF CAMORUCO PB/FAG:ELARIA 1010/FBB:USD3431,/FUK:1,/FGK:USD15,4
3/VWZ:MANUTENCION ORDENANTE: V4729672 FERNANDO FONTANA ZUBILLAGA/
FCC:PR/FBA:FERNANDO RAFAEL FONTANA PAN/FBA:11017 SW 887H ST KENIL
 FLOR/FBA:6 ESTADOS UNIDO
:61:1209260927D3809,04NTRF481759//FAAS227100653700
:86:210PAYMENT BY ELECTRONIC MEDIA /FAG:ITALCAMBIO C.A/FAG:AV URDANET
A EDF CAMORUCO PB/FAG:ELARIA 1010/FBB:USD3809,04/FUK:1,/FGK:USD28
,29/VWZ:MATRICULA STUDENT RUBIN MAR QUINTANA FRANCO ORDENANTE: V8
537912 NANCY FRANCO YORY/FCC:PR/FBA:UNIVERSIDAD SERGIO ARBOLEDA/F
BA:BARRIOS UNIDOS CALLE 74 NRO/FBA:CUNDINAMARCA BOGOTA
:61:1209260927D3865,NTRF481761//FAAS227100011500
:86:210PAYMENT BY ELECTRONIC MEDIA /FAG:ITALCAMBIO C.A/FAG:AV URDANET
A EDF CAMORUCO PB/FAG:ELARIA 1010/FBB:USD3865,/FUK:1,/FGK:USD15,4
3/VWZ:MANUTENCION ORDENANTE: V19460030 CARLOS KOTEICH OUBIED/FCC:
PR/FBA:CARLOS KINAN KOTEICH OUBIED/FBA:CAMBRIDGE N/A 1 EDUCATION 
S/FBA:SSACHUSETTS EST
:61:1209260927D3900,NTRF482396//FAAS227100017400
:86:210PAYMENT BY ELECTRONIC MEDIA /FAG:ITALCAMBIO C.A/FAG:AV URDANET
A EDF CAMORUCO PB/FAG:ELARIA 1010/FBB:USD3900,/FUK:1,/FGK:USD15,4
3/VWZ:R 18270 ORDENANTE: J000572500 ITALCAMBIO C A/FCC:PR/FBA:BAN
CO CENTRAL DE VENEZUELA/FBA:AV URDANETA ESQ CARMELITAS/FBA:NANCIE
RA CARACA
:62M:C120927USD1456903,84
-}{5:{CHK:88FB416522EB}}${1:F01IBIIPRSJAXXX0274120334}{2:O9402224120927COBADEFFDXXX28394128981209271624N}{3:{108:00U75UBERBDDZGWA}}{4:
:20:00U75UBERBDDZGWA
:25:50040000/400872570700USD
:28C:117/50
:60M:C120927USD1502438,37
:61:1209260927D285,NTRF482614//FAAS227100808100
:86:210PAYMENT BY ELECTRONIC MEDIA /FAG:ITALCAMBIO C.A/FAG:AV URDANET
A EDF CAMORUCO PB/FAG:ELARIA 1010/FBB:USD285,/FUK:1,/FGK:USD15,43
 VWZ:REMESA FAMILIAR ORDENANTE: V9261174 RAMONA GUEDEZ DE VELASQU
EZ/FCC:PR/FBA:EMILY CAROLINA EVANS VELASQ/FBA:DATUSTRAAT CASA 11 
ARUBA/FBA:ARUBA
:61:1209260927D285,NTRF482558//FAAS227100795600
:86:210PAYMENT BY ELECTRONIC MEDIA /FAG:ITALCAMBIO C.A/FAG:AV URDANET
A EDF CAMORUCO PB/FAG:ELARIA 1010/FBB:USD285,/FUK:1,/FGK:USD15,43
 VWZ:REMESA FAMILIAR ORDENANTE: V2942500 AMALIA BRAVO SANTOS/FCC:
PR/FBA:ALEJANDRO LOPEZ MORALES/FBA:CALLE ISAAC ALBENIZ N 9 PLA/FB
A:PUERTA E MADRID
:61:1209260927D285,NTRF481741//FAAS227100880900
:86:210PAYMENT BY ELECTRONIC MEDIA /FAG:ITALCAMBIO C.A/FAG:AV URDANET
A EDF CAMORUCO PB/FAG:ELARIA 1010/FBB:USD285,/FUK:1,/FGK:USD15,43
 VWZ:REMESA FAMILIAR ORDENANTE: E81597310 MARIA DEL CARMEN FERNAN
DEZ FEIJOO/FCC:PR/FBA:NIEVES FEIJOO MUNIZ/FBA:LUGAR COVELINA 0016
 KM 0 PI/FBA:VELINA RAMIRAS
:61:1209260927D285,NTRF482354//FAAS227100881000
:86:210PAYMENT BY ELECTRONIC MEDIA /FAG:ITALCAMBIO C.A/FAG:AV URDANET
A EDF CAMORUCO PB/FAG:ELARIA 1010/FBB:USD285,/FUK:1,/FGK:USD28,29
 VWZ:REMESA FAMILIAR ORDENANTE: E81955739 KWOK TAM/FCC:PR/FBA:ANA
BEL PATRICIA TAM SHUM/FBA:FLAT 20 8 F CHUNG YUEN BUIL/FBA:LOK KWA
N STREET
:61:1209260927D285,NTRF482382//FAAS227100897800
:86:210PAYMENT BY ELECTRONIC MEDIA /FAG:ITALCAMBIO C.A/FAG:AV URDANET
A EDF CAMORUCO PB/FAG:ELARIA 1010/FBB:USD285,/FUK:1,/FGK:USD15,43
 VWZ:REMESA FAMILIAR ORDENANTE: V3449672 HECTOR MOLINA DUQUE/FCC:
PR/FBA:MARIALAURA GARCIA MOLINA/FBA:4881 NW 108 PATH/FBA:MIAMI ES
TADOS UNIDOS
:62M:C120927USD1501013,37
-}{5:{CHK:C3C31A2D1708}}${1:F01IBIIPRSJAXXX0274120333}{2:O9402224120927COBADEFFDXXX28394128931209271624N}{3:{108:00U75UBERBDDZGWA}}{4:
:20:00U75UBERBDDZGWA
:25:50040000/400872570700USD
:28C:117/45
:60M:C120927USD1509278,37
:61:1209260927D285,NTRF482687//FAAS227100035700
:86:210PAYMENT BY ELECTRONIC MEDIA /FAG:ITALCAMBIO C.A/FAG:AV URDANET
A EDF CAMORUCO PB/FAG:ELARIA 1010/FBB:USD285,/FUK:1,/FGK:USD15,43
 VWZ:REMESA FAMILIAR ORDENANTE: V1547945 MARIA BUSTAMANTE DE BECE
RRA/FCC:PR/FBA:ANDRES ELOY BECERRA BALBOA/FBA:TRAVESIA CASALVITO 
NRO 1 DE/FBA:DE CASALVITO PO
:61:1209260927D285,NTRF482586//FAAS227100033800
:86:210PAYMENT BY ELECTRONIC MEDIA /FAG:ITALCAMBIO C.A/FAG:AV URDANET
A EDF CAMORUCO PB/FAG:ELARIA 1010/FBB:USD285,/FUK:1,/FGK:USD15,43
 VWZ:REMESA FAMILIAR ORDENANTE: V953612 RUBEN MOULINIER PALACIOS/
FCC:PR/FBA:JEANETTE CAROLINA MOULINIER/FBA:MOSELGASSE 27 1 11 110
0/FBA:AUTRIA
:61:1209260927D285,NTRF482675//FAAS227100035200
:86:210PAYMENT BY ELECTRONIC MEDIA /FAG:ITALCAMBIO C.A/FAG:AV URDANET
A EDF CAMORUCO PB/FAG:ELARIA 1010/FBB:USD285,/FUK:1,/FGK:USD15,43
 VWZ:REMESA FAMILIAR ORDENANTE: V944201 MODESTO FUENMAYOR/FCC:PR/
FBA:MARIA GRACIELA CASTELLANO F/FBA:PASAJE LUIS REYES MESA 4 SA/F
BA:UIMAR SANTA CRU
:61:1209260927D285,NTRF481739//FAAS227100745000
:86:210PAYMENT BY ELECTRONIC MEDIA /FAG:ITALCAMBIO C.A/FAG:AV URDANET
A EDF CAMORUCO PB/FAG:ELARIA 1010/FBB:USD285,/FUK:1,/FGK:USD15,43
 VWZ:REMESA FAMILIAR ORDENANTE: E81597310 MARIA DEL CARMEN FERNAN
DEZ FEIJOO/FCC:PR/FBA:ISAURO FERNANDEZ ALVAREZ/FBA:LUGAR COVELINA
 RAMIRAS 0016/FBA:SO PB COVELINA
:61:1209260927D285,NTRF481677//FAAS227100745300
:86:210PAYMENT BY ELECTRONIC MEDIA /FAG:ITALCAMBIO C.A/FAG:AV URDANET
A EDF CAMORUCO PB/FAG:ELARIA 1010/FBB:USD285,/FUK:1,/FGK:USD15,43
 VWZ:REMESA FAMILIAR ORDENANTE: V163849 RAMONA MORALES DE GUERRER
O/FCC:PR/FBA:NICOLAS DAVID GUERRERO BRIC/FBA:EVANSCOVE HEIGHT NW 
CALGARY/FBA:CANADA
:62M:C120927USD1507853,37
-}{5:{CHK:ED0EEED4D4B1}}${1:F01IBIIPRSJAXXX0274120332}{2:O9402224120927COBADEFFDXXX28394128881209271624N}{3:{108:00U75UBERBDDZGWA}}{4:
:20:00U75UBERBDDZGWA
:25:50040000/400872570700USD
:28C:117/40
:60M:C120927USD1516118,37
:61:1209260927D285,NTRF482384//FAAS227100195500
:86:210PAYMENT BY ELECTRONIC MEDIA /FAG:ITALCAMBIO C.A/FAG:AV URDANET
A EDF CAMORUCO PB/FAG:ELARIA 1010/FBB:USD285,/FUK:1,/FGK:USD28,29
 VWZ:REMESA FAMILIAR ORDENANTE: V2551415 ANARDA MONCADA DE SANCHE
Z/FCC:PR/FBA:IVI DEL CARMEN SANCHEZ MONC/FBA:4 COLORADO PARADE AU
BIN GRO/FBA:64
:61:1209260927D285,NTRF482386//FAAS227100195300
:86:210PAYMENT BY ELECTRONIC MEDIA /FAG:ITALCAMBIO C.A/FAG:AV URDANET
A EDF CAMORUCO PB/FAG:ELARIA 1010/FBB:USD285,/FUK:1,/FGK:USD28,29
 VWZ:REMESA FAMILIAR ORDENANTE: V2551415 ANARDA MONCADA DE SANCHE
Z/FCC:PR/FBA:SOFIA VALENTINA MARTINEZ SA/FBA:4 COLORADO PARADE AU
BIN GRO/FBA:64
:61:1209260927D285,NTRF482685//FAAS227100221800
:86:210PAYMENT BY ELECTRONIC MEDIA /FAG:ITALCAMBIO C.A/FAG:AV URDANET
A EDF CAMORUCO PB/FAG:ELARIA 1010/FBB:USD285,/FUK:1,/FGK:USD15,43
 VWZ:REMESA FAMILIAR ORDENANTE: V3197388 LUIS MOLINA TORRES/FCC:P
R/FBA:CHIARA MARGOT OSTOS MOLINA/FBA:LEONHARDGASSE 7 13 04 14 VI/
FBA:RIA
:61:1209260927D285,NTRF482598//FAAS227100180400
:86:210PAYMENT BY ELECTRONIC MEDIA /FAG:ITALCAMBIO C.A/FAG:AV URDANET
A EDF CAMORUCO PB/FAG:ELARIA 1010/FBB:USD285,/FUK:1,/FGK:USD15,43
 VWZ:REMESA FAMILIAR ORDENANTE: V3027459 NELIDA MENDOZA DE BONILL
A/FCC:PR/FBA:CAMILA ALEJANDRA SANCHEZ/FBA:9630 TRAVILLE GATEWAY D
R RO/FBA:MARYLAND 20850
:61:1209260927D285,NTRF482588//FAAS227100180500
:86:210PAYMENT BY ELECTRONIC MEDIA /FAG:ITALCAMBIO C.A/FAG:AV URDANET
A EDF CAMORUCO PB/FAG:ELARIA 1010/FBB:USD285,/FUK:1,/FGK:USD15,43
 VWZ:REMESA FAMILIAR ORDENANTE: V2251776 ADOLFO BONILLA ALBORNOZ/
FCC:PR/FBA:MARIA ALEJANDRA BONILLA MEN/FBA:9630 TRAVILLE GATEWAY 
DR RO/FBA:MD 20850
:62M:C120927USD1514693,37
-}{5:{CHK:57934FFED780}}${1:F01IBIIPRSJAXXX0274120331}{2:O9402224120927COBADEFFDXXX28394128831209271624N}{3:{108:00U75UBERBDDZGWA}}{4:
:20:00U75UBERBDDZGWA
:25:50040000/400872570700USD
:28C:117/35
:60M:C120927USD1522958,37
:61:1209260927D285,NTRF482538//FAAS227100024400
:86:210PAYMENT BY ELECTRONIC MEDIA /FAG:ITALCAMBIO C.A/FAG:AV URDANET
A EDF CAMORUCO PB/FAG:ELARIA 1010/FBB:USD285,/FUK:1,/FGK:USD15,43
 VWZ:REMESA FAMILIAR ORDENANTE: V11737769 ALDO ANDRADE DA COSTA/F
CC:PR/FBA:ARMANDA DA ASCENSAO DA COST/FBA:RUA BANDA AMIZADE NRO 8
 381/FBA:PORTUGAL
:61:1209260927D285,NTRF482562//FAAS227100024900
:86:210PAYMENT BY ELECTRONIC MEDIA /FAG:ITALCAMBIO C.A/FAG:AV URDANET
A EDF CAMORUCO PB/FAG:ELARIA 1010/FBB:USD285,/FUK:1,/FGK:USD15,43
 VWZ:REMESA FAMILIAR ORDENANTE: V8529839 LEONOR GUERRA DE MILLAN/
FCC:PR/FBA:GERARD JUAN PIMENTEL MILLAN/FBA:CALLE ANTONIO MAURA 32
 4 PU/FBA:ARAGOZA MADRID
:61:1209260927D285,NTRF482542//FAAS227100026700
:86:210PAYMENT BY ELECTRONIC MEDIA /FAG:ITALCAMBIO C.A/FAG:AV URDANET
A EDF CAMORUCO PB/FAG:ELARIA 1010/FBB:USD285,/FUK:1,/FGK:USD15,43
 VWZ:REMESA FAMILIAR ORDENANTE: V11737769 ALDO ANDRADE DA COSTA/F
CC:PR/FBA:JULIA DA COSTA PEREIRA RODR/FBA:RUA PEDRO NUNES NRO 90 
BOUG/FBA:A SANTO TIRSO P
:61:1209260927D285,NTRF482540//FAAS227100023700
:86:210PAYMENT BY ELECTRONIC MEDIA /FAG:ITALCAMBIO C.A/FAG:AV URDANET
A EDF CAMORUCO PB/FAG:ELARIA 1010/FBB:USD285,/FUK:1,/FGK:USD15,43
 VWZ:REMESA FAMILIAR ORDENANTE: V11737769 ALDO ANDRADE DA COSTA/F
CC:PR/FBA:JOSE DE JESUS ANDRADE FIGUE/FBA:RUA DA MATA NRO 81 CANE
LAS/FBA:A PORTUGAL
:61:1209260927D285,NTRF482616//FAAS227100031600
:86:210PAYMENT BY ELECTRONIC MEDIA /FAG:ITALCAMBIO C.A/FAG:AV URDANET
A EDF CAMORUCO PB/FAG:ELARIA 1010/FBB:USD285,/FUK:1,/FGK:USD15,43
 VWZ:REMESA FAMILIAR ORDENANTE: V6615422 SONIA FLORES/FCC:PR/FBA:
LIZ ROCIO KENYON/FBA:815 W SLAUGHTER LN N237 AUS/FBA:8748
:62M:C120927USD1521533,37
-}{5:{CHK:A593ECE829C6}}${1:F01IBIIPRSJAXXX0274120330}{2:O9402224120927COBADEFFDXXX28394128791209271624N}{3:{108:00U75UBERBDDZGWA}}{4:
:20:00U75UBERBDDZGWA
:25:50040000/400872570700USD
:28C:117/30
:60M:C120927USD1530083,37
:61:1209260927D285,NTRF481681//FAAS227100014100
:86:210PAYMENT BY ELECTRONIC MEDIA /FAG:ITALCAMBIO C.A/FAG:AV URDANET
A EDF CAMORUCO PB/FAG:ELARIA 1010/FBB:USD285,/FUK:1,/FGK:USD15,43
 VWZ:REMESA FAMILIAR ORDENANTE: V4334538 CARMEN LUISA GARCIA DE G
UZMAN/FCC:PR/FBA:ABILYS DE NAPIER/FBA:9125HWY6 NORTH APTO 1312 HO
 FBA:AS
:61:1209260927D285,NTRF482376//FAAS227100016500
:86:210PAYMENT BY ELECTRONIC MEDIA /FAG:ITALCAMBIO C.A/FAG:AV URDANET
A EDF CAMORUCO PB/FAG:ELARIA 1010/FBB:USD285,/FUK:1,/FGK:USD15,43
 VWZ:REMESA FAMILIAR ORDENANTE: V9948291 YRMA CORREA CARRAFFA/FCC
 PR/FBA:RONALD ANTONIO ACEVEDO YAFR/FBA:4527 NW 97 CT DORAL FLORI
DA/FBA:MIAMI ESTADOS UNIDOS
:61:1209260927D285,NTRF481689//FAAS227100015100
:86:210PAYMENT BY ELECTRONIC MEDIA /FAG:ITALCAMBIO C.A/FAG:AV URDANET
A EDF CAMORUCO PB/FAG:ELARIA 1010/FBB:USD285,/FUK:1,/FGK:USD15,43
 VWZ:REMESA FAMILIAR ORDENANTE: V24124200 KATIH BADRA DE KHIJA/FC
C:PR/FBA:KRISTEL KHIJA BADRA/FBA:6306 BREEZY HOLLO LANA KATY/FBA:
0
:61:1209260927D285,NTRF482344//FAAS227100015900
:86:210PAYMENT BY ELECTRONIC MEDIA /FAG:ITALCAMBIO C.A/FAG:AV URDANET
A EDF CAMORUCO PB/FAG:ELARIA 1010/FBB:USD285,/FUK:1,/FGK:USD15,43
 VWZ:REMESA FAMILIAR ORDENANTE: V5063648 RENNY URDANETA COLINA/FC
C:PR/FBA:NAARAY YASMIN YAMARTE DE UR/FBA:18012 SW 41 STREET MIRAM
AR/FBA:MIRAMAR ESTADOS UNIDOS
:61:1209260927D285,NTRF482520//FAAS227100018100
:86:210PAYMENT BY ELECTRONIC MEDIA /FAG:ITALCAMBIO C.A/FAG:AV URDANET
A EDF CAMORUCO PB/FAG:ELARIA 1010/FBB:USD285,/FUK:1,/FGK:USD15,43
 VWZ:REMESA FAMILIAR ORDENANTE: V5612007 JACINTO RODRIGUEZ VIERA/
FCC:PR/FBA:LUZ MARINA RODRIGUEZ DOS SA/FBA:CAMINHO LOMBO DA ESTRE
LA N1/FBA:A MADEIRA PORTUGAL
:62M:C120927USD1528658,37
-}{5:{CHK:DD7E94E05D6E}}${1:F01IBIIPRSJAXXX0274120329}{2:O9402224120927COBADEFFDXXX28394128761209271624N}{3:{108:00U75UBERBDDZGWA}}{4:
:20:00U75UBERBDDZGWA
:25:50040000/400872570700USD
:28C:117/25
:60M:C120927USD1536923,37
:61:1209260927D285,NTRF482592//FAAS227100037800
:86:210PAYMENT BY ELECTRONIC MEDIA /FAG:ITALCAMBIO C.A/FAG:AV URDANET
A EDF CAMORUCO PB/FAG:ELARIA 1010/FBB:USD285,/FUK:1,/FGK:USD15,43
 VWZ:REMESA FAMILIAR ORDENANTE: V14216894 CRISTINA VACA GOMEZ/FCC
 PR/FBA:PEDRO VACA GONZALEZ/FBA:220 ROYAL CREST VIEW NW CAL/FBA:E
RTA
:61:1209260927D285,NTRF482360//FAAS227100146100
:86:210PAYMENT BY ELECTRONIC MEDIA /FAG:ITALCAMBIO C.A/FAG:AV URDANET
A EDF CAMORUCO PB/FAG:ELARIA 1010/FBB:USD285,/FUK:1,/FGK:USD15,43
 VWZ:REMESA FAMILIAR ORDENANTE: V8787920 VINCENZO BRIGUGLIO MONTE
LEONE/FCC:PR/FBA:ANTONINA MONTALEONE/FBA:VIA FORNARO CORTILE MARO
TTA/FBA:MAROTTA ITALIA
:61:1209260927D285,NTRF482594//FAAS227100031500
:86:210PAYMENT BY ELECTRONIC MEDIA /FAG:ITALCAMBIO C.A/FAG:AV URDANET
A EDF CAMORUCO PB/FAG:ELARIA 1010/FBB:USD285,/FUK:1,/FGK:USD15,43
 VWZ:REMESA FAMILIAR ORDENANTE: V4350818 JOSEFINA NAVARRO DE BOSC
AROLO/FCC:PR/FBA:JEAN ANDRE GARDIE BOSCAROLO/FBA:500 RUE FRANCOIS
 APP VERDUN/FBA:H3E1G4
:61:1209260927D285,NTRF482608//FAAS227100005900
:86:210PAYMENT BY ELECTRONIC MEDIA /FAG:ITALCAMBIO C.A/FAG:AV URDANET
A EDF CAMORUCO PB/FAG:ELARIA 1010/FBB:USD285,/FUK:1,/FGK:USD28,29
 VWZ:REMESA FAMILIAR ORDENANTE: V3047765 HERNAN GOMEZ ROSAS/FCC:P
R/FBA:OLGA MARTA JIMENEZ RAMIREZ/FBA:URB MAAGA CASA N? 35C SABAN/
FBA:TES DE OCA
:61:1209260927D285,NTRF482572//FAAS227100006700
:86:210PAYMENT BY ELECTRONIC MEDIA /FAG:ITALCAMBIO C.A/FAG:AV URDANET
A EDF CAMORUCO PB/FAG:ELARIA 1010/FBB:USD285,/FUK:1,/FGK:USD28,29
 VWZ:REMESA FAMILIAR ORDENANTE: V14286315 GIOVANNI RAFAEL CHAVEZ 
PALMA/FCC:PR/FBA:VERONICA BEATRIZ CHAVEZ SAN/FBA:EN EL CANTON MON
TECRISTI PR/FBA:DE MANABI
:62M:C120927USD1535498,37
-}{5:{CHK:E2EF6AEAE953}}${1:F01IBIIPRSJAXXX0274120328}{2:O9402224120927COBADEFFDXXX28394128721209271624N}{3:{108:00U75UBERBDDZGWA}}{4:
:20:00U75UBERBDDZGWA
:25:50040000/400872570700USD
:28C:117/20
:60M:C120927USD1542605,84
:61:1209260927D28,29NCOM482606//FAAS227100032600
:86:808CHARGES CHARGES RE:FOREIGN PAYMENT OUR REF: FAAS2271000326 00 
YOUR REF: 482606 10058000 ITALCAMBIO C.A CARACAS VENEZUELA
:61:1209260927D28,29NCOM482655//FAAS227100032700
:86:808CHARGES CHARGES RE:FOREIGN PAYMENT OUR REF: FAAS2271000327 00 
YOUR REF: 482655 10058000 ITALCAMBIO C.A CARACAS VENEZUELA
:61:1209260927D28,29NCOM482574//FAAS227100030300
:86:808CHARGES CHARGES RE:FOREIGN PAYMENT OUR REF: FAAS2271000303 00 
YOUR REF: 482574 10058000 ITALCAMBIO C.A CARACAS VENEZUELA
:61:1209260927D28,29NCOM482570//FAAS227100031000
:86:808CHARGES CHARGES RE:FOREIGN PAYMENT OUR REF: FAAS2271000310 00 
YOUR REF: 482570 10058000 ITALCAMBIO C.A CARACAS VENEZUELA
:61:1209260927D28,29NCOM482576//FAAS227100030000
:86:808CHARGES CHARGES RE:FOREIGN PAYMENT OUR REF: FAAS2271000300 00 
YOUR REF: 482576 10058000 ITALCAMBIO C.A CARACAS VENEZUELA
:61:1209260927D28,29NCOM481807//FAAS227100015600
:86:808CHARGES CHARGES RE:FOREIGN PAYMENT OUR REF: FAAS2271000156 00 
YOUR REF: 481807 10058000 MUNDITUR CASA DE CAMBIOS C. MARACAY VEN
EZUELA
:61:1209260927D28,29NCOM481675//FAAS227100014000
:86:808CHARGES CHARGES RE:FOREIGN PAYMENT OUR REF: FAAS2271000140 00 
YOUR REF: 481675 10058000 ITALCAMBIO C.A CARACAS VENEZUELA
:61:1209260927D28,29NCOM481805//FAAS227100012900
:86:808CHARGES CHARGES RE:FOREIGN PAYMENT OUR REF: FAAS2271000129 00 
YOUR REF: 481805 10058000 MUNDITUR CASA DE CAMBIOS C. MARACAY VEN
EZUELA
:61:1209260927D41,15NCOM483217//FAAS227102022300
:86:808CHARGES CHARGES RE:FOREIGN PAYMENT OUR REF: FAAS2271020223 00 
YOUR REF: 483217 10057000 TITAN INTERCONTINENTAL,S.A CALI COLOMBI
A
:62M:C120927USD1542338,37
-}{5:{CHK:0CCCE9E0D551}}${1:F01IBIIPRSJAXXX0274120327}{2:O9402224120927COBADEFFDXXX28394128681209271624N}{3:{108:00U75UBERBDDZGWA}}{4:
:20:00U75UBERBDDZGWA
:25:50040000/400872570700USD
:28C:117/15
:60M:C120927USD1543579,87
:61:1209260927D15,43NCOM482560//FAAS227100647800
:86:808CHARGES CHARGES RE:FOREIGN PAYMENT OUR REF: FAAS2271006478 00 
YOUR REF: 482560 10058000 ITALCAMBIO C.A CARACAS VENEZUELA
:61:1209260927D15,43NCOM482514//FAAS227100652900
:86:808CHARGES CHARGES RE:FOREIGN PAYMENT OUR REF: FAAS2271006529 00 
YOUR REF: 482514 10058000 ITALCAMBIO C.A CARACAS VENEZUELA
:61:1209260927D15,43NCOM481739//FAAS227100745000
:86:808CHARGES CHARGES RE:FOREIGN PAYMENT OUR REF: FAAS2271007450 00 
YOUR REF: 481739 10058000 ITALCAMBIO C.A CARACAS VENEZUELA
:61:1209260927D15,43NCOM481677//FAAS227100745300
:86:808CHARGES CHARGES RE:FOREIGN PAYMENT OUR REF: FAAS2271007453 00 
YOUR REF: 481677 10058000 ITALCAMBIO C.A CARACAS VENEZUELA
:61:1209260927D15,43NCOM482580//FAAS227100768600
:86:808CHARGES CHARGES RE:FOREIGN PAYMENT OUR REF: FAAS2271007686 00 
YOUR REF: 482580 10058000 ITALCAMBIO C.A CARACAS VENEZUELA
:61:1209260927D15,43NCOM482552//FAAS227100767800
:86:808CHARGES CHARGES RE:FOREIGN PAYMENT OUR REF: FAAS2271007678 00 
YOUR REF: 482552 10058000 ITALCAMBIO C.A CARACAS VENEZUELA
:61:1209260927D15,43NCOM482550//FAAS227100787800
:86:808CHARGES CHARGES RE:FOREIGN PAYMENT OUR REF: FAAS2271007878 00 
YOUR REF: 482550 10058000 ITALCAMBIO C.A CARACAS VENEZUELA
:61:1209260927D15,43NCOM482651//FAAS227100787100
:86:808CHARGES CHARGES RE:FOREIGN PAYMENT OUR REF: FAAS2271007871 00 
YOUR REF: 482651 10058000 ITALCAMBIO C.A CARACAS VENEZUELA
:61:1209260927D15,43NCOM482390//FAAS227100787400
:86:808CHARGES CHARGES RE:FOREIGN PAYMENT OUR REF: FAAS2271007874 00 
YOUR REF: 482390 10058000 ITALCAMBIO C.A CARACAS VENEZUELA
:62M:C120927USD1543441,
-}{5:{CHK:826EE03EBCF8}}${1:F01IBIIPRSJAXXX0274120326}{2:O9402224120927COBADEFFDXXX28394128631209271624N}{3:{108:00U75UBERBDDZGWA}}{4:
:20:00U75UBERBDDZGWA
:25:50040000/400872570700USD
:28C:117/10
:60M:C120927USD1544274,22
:61:1209260927D15,43NCOM482524//FAAS227100021800
:86:808CHARGES CHARGES RE:FOREIGN PAYMENT OUR REF: FAAS2271000218 00 
YOUR REF: 482524 10058000 ITALCAMBIO C.A CARACAS VENEZUELA
:61:1209260927D15,43NCOM481723//FAAS227100024100
:86:808CHARGES CHARGES RE:FOREIGN PAYMENT OUR REF: FAAS2271000241 00 
YOUR REF: 481723 10058000 ITALCAMBIO C.A CARACAS VENEZUELA
:61:1209260927D15,43NCOM482540//FAAS227100023700
:86:808CHARGES CHARGES RE:FOREIGN PAYMENT OUR REF: FAAS2271000237 00 
YOUR REF: 482540 10058000 ITALCAMBIO C.A CARACAS VENEZUELA
:61:1209260927D15,43NCOM482542//FAAS227100026700
:86:808CHARGES CHARGES RE:FOREIGN PAYMENT OUR REF: FAAS2271000267 00 
YOUR REF: 482542 10058000 ITALCAMBIO C.A CARACAS VENEZUELA
:61:1209260927D15,43NCOM482562//FAAS227100024900
:86:808CHARGES CHARGES RE:FOREIGN PAYMENT OUR REF: FAAS2271000249 00 
YOUR REF: 482562 10058000 ITALCAMBIO C.A CARACAS VENEZUELA
:61:1209260927D15,43NCOM482538//FAAS227100024400
:86:808CHARGES CHARGES RE:FOREIGN PAYMENT OUR REF: FAAS2271000244 00 
YOUR REF: 482538 10058000 ITALCAMBIO C.A CARACAS VENEZUELA
:61:1209260927D15,43NCOM482616//FAAS227100031600
:86:808CHARGES CHARGES RE:FOREIGN PAYMENT OUR REF: FAAS2271000316 00 
YOUR REF: 482616 10058000 ITALCAMBIO C.A CARACAS VENEZUELA
:61:1209260927D15,43NCOM482639//FAAS227100032500
:86:808CHARGES CHARGES RE:FOREIGN PAYMENT OUR REF: FAAS2271000325 00 
YOUR REF: 482639 10058000 ITALCAMBIO C.A CARACAS VENEZUELA
:61:1209260927D15,43NCOM482677//FAAS227100033500
:86:808CHARGES CHARGES RE:FOREIGN PAYMENT OUR REF: FAAS2271000335 00 
YOUR REF: 482677 10058000 ITALCAMBIO C.A CARACAS VENEZUELA
:62M:C120927USD1544135,35
-}{5:{CHK:4BD36CD483C2}}${1:F01IBIIPRSJAXXX0274120325}{2:O9402224120927COBADEFFDXXX28394128591209271624N}{3:{108:00U75UBERBDDZGWA}}{4:
:20:00U75UBERBDDZGWA
:25:50040000/400872570700USD
:28C:117/5
:60M:C120927USD1544968,57
:61:1209260927D15,43NCOM482366//FAAS227100645600
:86:808CHARGES CHARGES RE:FOREIGN PAYMENT OUR REF: FAAS2271006456 00 
YOUR REF: 482366 10058000 ITALCAMBIO C.A CARACAS VENEZUELA
:61:1209260927D15,43NCOM480627//FAAS227100008500
:86:808CHARGES CHARGES RE:FOREIGN PAYMENT OUR REF: FAAS2271000085 00 
YOUR REF: 480627 10058000 MUNDITUR CASA DE CAMBIOS C. MARACAY VEN
EZUELA
:61:1209260927D15,43NCOM481763//FAAS227100010800
:86:808CHARGES CHARGES RE:FOREIGN PAYMENT OUR REF: FAAS2271000108 00 
YOUR REF: 481763 10058000 ITALCAMBIO C.A CARACAS VENEZUELA
:61:1209260927D15,43NCOM482691//FAAS227100009600
:86:808CHARGES CHARGES RE:FOREIGN PAYMENT OUR REF: FAAS2271000096 00 
YOUR REF: 482691 10058000 ITALCAMBIO C.A CARACAS VENEZUELA
:61:1209260927D15,43NCOM481765//FAAS227100010900
:86:808CHARGES CHARGES RE:FOREIGN PAYMENT OUR REF: FAAS2271000109 00 
YOUR REF: 481765 10058000 ITALCAMBIO C.A CARACAS VENEZUELA
:61:1209260927D15,43NCOM481757//FAAS227100011100
:86:808CHARGES CHARGES RE:FOREIGN PAYMENT OUR REF: FAAS2271000111 00 
YOUR REF: 481757 10058000 ITALCAMBIO C.A CARACAS VENEZUELA
:61:1209260927D15,43NCOM481711//FAAS227100009800
:86:808CHARGES CHARGES RE:FOREIGN PAYMENT OUR REF: FAAS2271000098 00 
YOUR REF: 481711 10058000 ITALCAMBIO C.A CARACAS VENEZUELA
:61:1209260927D15,43NCOM481761//FAAS227100011500
:86:808CHARGES CHARGES RE:FOREIGN PAYMENT OUR REF: FAAS2271000115 00 
YOUR REF: 481761 10058000 ITALCAMBIO C.A CARACAS VENEZUELA
:61:1209260927D15,43NCOM481717//FAAS227100011000
:86:808CHARGES CHARGES RE:FOREIGN PAYMENT OUR REF: FAAS2271000110 00 
YOUR REF: 481717 10058000 ITALCAMBIO C.A CARACAS VENEZUELA
:62M:C120927USD1544829,7
-}{5:{CHK:757F1711020C}}${1:F01IBIIPRSJAXXX0274120320}{2:O9402223120927COBADEFFDXXX28394126451209271623N}{3:{108:00U75UBERBDDZGWA}}{4:
:20:00U75UBERBDDZGWA
:25:50040000/400872570700USD
:28C:117/61
:60M:C120927USD620852,93
:61:1209270927D285,NTRF482761//FAAS227110494800
:86:210PAYMENT BY ELECTRONIC MEDIA /FAG:ITALCAMBIO C.A/FAG:AV URDANET
A EDF CAMORUCO PB/FAG:ELARIA 1010/FBB:USD285,/FUK:1,/FGK:USD15,43
 VWZ:REMESA FAMILIAR ORDENANTE: V3863462 SCHILE GOZAINE PINEDA/FC
C:PR/FBA:MAIRALIS MARIA ROMERO GOZAI/FBA:5334 LAKE MARGARET DR AP
T 6/FBA:77057
:61:1209270927D285,NTRF482769//FAAS227110542300
:86:210PAYMENT BY ELECTRONIC MEDIA /FAG:ITALCAMBIO C.A/FAG:AV URDANET
A EDF CAMORUCO PB/FAG:ELARIA 1010/FBB:USD285,/FUK:1,/FGK:USD28,29
 VWZ:REMESA FAMILIAR ORDENANTE: V21801237 JUAN NOLBERTO RODRIGUEZ
 MARINE/FCC:PR/FBA:NORBELY ICEL RODRIGUEZ SANT/FBA:CALLE 8 CASA 3
4 DE REPARTO/FBA:SANTO DOMINGO REP DOMINICAN
:61:1209270927D285,NTRF482777//FAAS227110546200
:86:210PAYMENT BY ELECTRONIC MEDIA /FAG:ITALCAMBIO C.A/FAG:AV URDANET
A EDF CAMORUCO PB/FAG:ELARIA 1010/FBB:USD285,/FUK:1,/FGK:USD15,43
 VWZ:REMESA FAMILIAR ORDENANTE: V6842269 EVA SPINOSI DE COLORATO/
FCC:PR/FBA:IVA RANIERI DE SPINOSI/FBA:MIANO COLLE MERLO 44/FBA:TE
RAMO ITALIA
:61:1209270927D285,NTRF482781//FAAS227110548200
:86:210PAYMENT BY ELECTRONIC MEDIA /FAG:ITALCAMBIO C.A/FAG:AV URDANET
A EDF CAMORUCO PB/FAG:ELARIA 1010/FBB:USD285,/FUK:1,/FGK:USD15,43
 VWZ:REMESA FAMILIAR ORDENANTE: V11312834 JUAN MARIO VILLABLANCA 
VILLALOBOS/FCC:PR/FBA:ISABEL VILLALOBOS MONTECINO/FBA:CALLE CARRE
LA NUMERO 1385 D/FBA:NTO 21 BLOCK NU
:61:1209270927D285,NTRF482779//FAAS227110546100
:86:210PAYMENT BY ELECTRONIC MEDIA /FAG:ITALCAMBIO C.A/FAG:AV URDANET
A EDF CAMORUCO PB/FAG:ELARIA 1010/FBB:USD285,/FUK:1,/FGK:USD15,43
 VWZ:REMESA FAMILIAR ORDENANTE: V6842269 EVA SPINOSI DE COLORATO/
FCC:PR/FBA:MARIO SPINOSI RAVISINI/FBA:MIANO COLLE MERLO 44/FBA:TE
RAMO ITALIA
:62M:C120927USD619427,93
-}{5:{CHK:F0BF373F951F}}${1:F01IBIIPRSJAXXX0274120319}{2:O9402223120927COBADEFFDXXX28394126381209271623N}{3:{108:00U75UBERBDDZGWA}}{4:
:20:00U75UBERBDDZGWA
:25:50040000/400872570700USD
:28C:117/56
:60M:C120927USD1456903,84
:61:1209260927D4638,NTRF481705//FAAS227100020700
:86:210PAYMENT BY ELECTRONIC MEDIA /FAG:ITALCAMBIO C.A/FAG:AV URDANET
A EDF CAMORUCO PB/FAG:ELARIA 1010/FBB:USD4638,/FUK:1,/FGK:USD15,4
3/VWZ:MATRICULA STUDENT DANIELA VICTORIA BERNAL FAJARDO ORDENANTE
  V18921885 DANIELA BERNAL FAJARDO/FCC:PR/FBA:KENT STATE UNIVERSI
TY/FBA:5190, KENT OHIO 442420001 O/FBA:DOS UNIDOS
:61:1209260927D6181,81NTRF483219//FAAS227100135800
:86:210PAYMENT BY ELECTRONIC MEDIA /FAG:TITAN INTERCONTINENTAL,S.A/FA
G:C. 11, NO.4 42 EDIF. COLSEG/FAG:SO 1/FBB:USD6181,81/FUK:1,/FGK:
USD15,43/VWZ:PAGO FACTURA SENSITECH 548916 ORDENANTE: 9002645940 
TRUST CONTROL INTERNATIONAL COLOMBI/FCC:PR/FBA:SENSITECH/FBA:800 
CUMMINGS CENTER SUITE 2/FBA:RLY MA
:61:1209260927D9310,NTRF481725//FAAS227100023400
:86:210PAYMENT BY ELECTRONIC MEDIA /FAG:ITALCAMBIO C.A/FAG:AV URDANET
A EDF CAMORUCO PB/FAG:ELARIA 1010/FBB:USD9310,/FUK:1,/FGK:USD15,4
3/VWZ:MATRICULA STUDENT JESUS GILBERTO GARCIA ANDRADE ID 3137011 
ORDENANTE: V2890977 JESUS GARCIA DGREGORIO/FCC:PR/FBA:ASPECT EDUC
ATION UK LTD/FBA:44 POOLE DORSET BH15 IYA UN/FBA:GDOM
:61:1209260927D10457,14NTRF482671//FAAS227101132000
:86:210PAYMENT BY ELECTRONIC MEDIA /FAG:ITALCAMBIO C.A/FAG:AV URDANET
A EDF CAMORUCO PB/FAG:ELARIA 1010/FBB:USD10457,14/FUK:1,/FGK:USD1
5,43/VWZ:PENSION ORDENANTE: V11347192 MARIA ALVAREZ CABRERA/FCC:P
R/FBA:MARIA TERESA ALVAREZ OJEDA/FBA:3723 NW 17 AVE APTO A 3 MIA/
FBA:DA ESTADOS UNID
:62M:C120927USD1426316,89
-}{5:{CHK:DA77E668EA86}}${1:F01IBIIPRSJAXXX0274120318}{2:O9402223120927COBADEFFDXXX28394126321209271623N}{3:{108:00U75UBERBDDZGWA}}{4:
:20:00U75UBERBDDZGWA
:25:50040000/400872570700USD
:28C:117/51
:60M:C120927USD1501013,37
:61:1209260927D285,NTRF481733//FAAS227100880800
:86:210PAYMENT BY ELECTRONIC MEDIA /FAG:ITALCAMBIO C.A/FAG:AV URDANET
A EDF CAMORUCO PB/FAG:ELARIA 1010/FBB:USD285,/FUK:1,/FGK:USD15,43
 VWZ:REMESA FAMILIAR ORDENANTE: V5485903 CARMEN RICHI EMBOZ/FCC:P
R/FBA:MANUEL ALEJANDRO GARRIDO FO/FBA:CALLE GIL DE ALBORNOZ BLOQU
 FBA:O PUERTAS A ALG
:61:1209260927D300,NTRF481803//FAAS227100788800
:86:210PAYMENT BY ELECTRONIC MEDIA /FAG:MUNDITUR CASA DE CAMBIOS C./F
AG:AV BOLIVAR C.C GALERIA PLAZ/FAG:13 2101/FBB:USD300,/FUK:1,/FGK
 USD28,29/VWZ:REMESA FAMILIAR ORDENANTE: V4178945 OLIMPIA ALMERA 
DE REIMY/FCC:PR/FBA:CORINA GABRIELA REIMY ALMER/FBA:CALLE ALBATRO
S N 417 LAS LO/FBA:OR JARDINES
:61:1209260927D300,NTRF480627//FAAS227100008500
:86:210PAYMENT BY ELECTRONIC MEDIA /FAG:MUNDITUR CASA DE CAMBIOS C./F
AG:AV BOLIVAR C.C GALERIA PLAZ/FAG:13 2101/FBB:USD300,/FUK:1,/FGK
 USD15,43/VWZ:REMESA FAMILIAR ORDENANTE: V7232021 MIGUEL PEREZ VI
?AS/FCC:PR/FBA:JESUS ANTONIO PEREZ CUBERO/FBA:CALLE JENARO DE LA 
FUENTE N/FBA:VIGO 36205
:61:1209260927D300,NTRF482485//FAAS227100017300
:86:210PAYMENT BY ELECTRONIC MEDIA /FAG:MUNDITUR CASA DE CAMBIOS C./F
AG:AV BOLIVAR C.C GALERIA PLAZ/FAG:13 2101/FBB:USD300,/FUK:1,/FGK
 USD15,43/VWZ:R 18271 ORDENANTE: J075216423 MUNDITUR/FCC:PR/FBA:B
ANCO CENTRAL DE VENEZUELA/FBA:AV URDANETA ESQ CARMELITAS/FBA:CARA
CAS VENEZUELA
:61:1209260927D300,NTRF481807//FAAS227100015600
:86:210PAYMENT BY ELECTRONIC MEDIA /FAG:MUNDITUR CASA DE CAMBIOS C./F
AG:AV BOLIVAR C.C GALERIA PLAZ/FAG:13 2101/FBB:USD300,/FUK:1,/FGK
 USD28,29/VWZ:REMESA FAMILIAR ORDENANTE: V4178945 OLIMPIA ALMERA 
DE REIMY/FCC:PR/FBA:SAMUEL EDUARDO RIVERA REIMY/FBA:CALLE ALBATRO
S N 417 LAS LO/FBA:OR JARDINES
:62M:C120927USD1499528,37
-}{5:{CHK:70C58E7E92B7}}${1:F01IBIIPRSJAXXX0274120317}{2:O9402223120927COBADEFFDXXX28394126281209271623N}{3:{108:00U75UBERBDDZGWA}}{4:
:20:00U75UBERBDDZGWA
:25:50040000/400872570700USD
:28C:117/46
:60M:C120927USD1507853,37
:61:1209260927D285,NTRF482552//FAAS227100767800
:86:210PAYMENT BY ELECTRONIC MEDIA /FAG:ITALCAMBIO C.A/FAG:AV URDANET
A EDF CAMORUCO PB/FAG:ELARIA 1010/FBB:USD285,/FUK:1,/FGK:USD15,43
 VWZ:REMESA FAMILIAR ORDENANTE: V3556217 MARIA MAGDALENA GONZALEZ
 DE MOLINA/FCC:PR/FBA:LENIN HANOI MOLINA GONZALEZ/FBA:CALLE GENER
AL LAWS GALLETAS/FBA:98 PISO 2 PUERT
:61:1209260927D285,NTRF482580//FAAS227100768600
:86:210PAYMENT BY ELECTRONIC MEDIA /FAG:ITALCAMBIO C.A/FAG:AV URDANET
A EDF CAMORUCO PB/FAG:ELARIA 1010/FBB:USD285,/FUK:1,/FGK:USD15,43
 VWZ:REMESA FAMILIAR ORDENANTE: V5264385 ANA VAN ARCKEN DE ROMERO
 FCC:PR/FBA:NAIFFER EDUARDO ROMERO VANA/FBA:5901MONTROSE RD APTO 
N 807/FBA:E MD 20852
:61:1209260927D285,NTRF482394//FAAS227100787300
:86:210PAYMENT BY ELECTRONIC MEDIA /FAG:ITALCAMBIO C.A/FAG:AV URDANET
A EDF CAMORUCO PB/FAG:ELARIA 1010/FBB:USD285,/FUK:1,/FGK:USD15,43
 VWZ:REMERSA FAMILIAR ORDENANTE: V718795 CARMEN RIVERO MEDINA/FCC
 PR/FBA:CHRISTIAN ANTONIO CURTIS/FBA:18246 METZ DR GERMANTOWN MD/
FBA:GERMANTOWN ESTADOS UNIDOS
:61:1209260927D285,NTRF482390//FAAS227100787400
:86:210PAYMENT BY ELECTRONIC MEDIA /FAG:ITALCAMBIO C.A/FAG:AV URDANET
A EDF CAMORUCO PB/FAG:ELARIA 1010/FBB:USD285,/FUK:1,/FGK:USD15,43
 VWZ:REMESA FAMILIAR ORDENANTE: V3071820 JESUS CHACON PERNIA/FCC:
PR/FBA:DANIEL ANDRE CHACON/FBA:3326 ROBERT TRENT JONES DR/FBA:NDO
 FI 32835
:61:1209260927D285,NTRF482651//FAAS227100787100
:86:210PAYMENT BY ELECTRONIC MEDIA /FAG:ITALCAMBIO C.A/FAG:AV URDANET
A EDF CAMORUCO PB/FAG:ELARIA 1010/FBB:USD285,/FUK:1,/FGK:USD15,43
 VWZ:REMESA FAMILIAR ORDENANTE: V14775727 LEDA ORTIZ DE RINCON/FC
C:PR/FBA:OLGA ROSA ARTETA ORTIZ/FBA:18 STIRLING HOUSE 55 SILVER/F
BA:RG1 2SU READING
:62M:C120927USD1506428,37
-}{5:{CHK:CCE3C2CB02EE}}${1:F01IBIIPRSJAXXX0274120316}{2:O9402223120927COBADEFFDXXX28394126231209271623N}{3:{108:00U75UBERBDDZGWA}}{4:
:20:00U75UBERBDDZGWA
:25:50040000/400872570700USD
:28C:117/41
:60M:C120927USD1514693,37
:61:1209260927D285,NTRF482378//FAAS227100180300
:86:210PAYMENT BY ELECTRONIC MEDIA /FAG:ITALCAMBIO C.A/FAG:AV URDANET
A EDF CAMORUCO PB/FAG:ELARIA 1010/FBB:USD285,/FUK:1,/FGK:USD15,43
 VWZ:REMESA FAMILIAR ORDENANTE: V4623859 LUIS GARCIA RAMIREZ/FCC:
PR/FBA:GUSTAVO LUIS GARCIA PERAZA/FBA:365 N ROOSEVELT ST APT 102/
FBA:I 48187
:61:1209260927D285,NTRF482649//FAAS227100154000
:86:210PAYMENT BY ELECTRONIC MEDIA /FAG:ITALCAMBIO C.A/FAG:AV URDANET
A EDF CAMORUCO PB/FAG:ELARIA 1010/FBB:USD285,/FUK:1,/FGK:USD15,43
 VWZ:REMESA FAMILIAR ORDENANTE: V12748684 JOSE GOMEZ CARABALLO/FC
C:PR/FBA:GREGORY ISRAEL GOMEZ BELISA/FBA:AV DR PESET ALEIXANDRE N
RO/FBA:16 BARCELONA ES
:61:1209260927D285,NTRF481753//FAAS227100229100
:86:210PAYMENT BY ELECTRONIC MEDIA /FAG:ITALCAMBIO C.A/FAG:AV URDANET
A EDF CAMORUCO PB/FAG:ELARIA 1010/FBB:USD285,/FUK:1,/FGK:USD15,43
 VWZ:REMESA FAMILIAR ORDENANTE: V6022309 JOSE ANTONIO FERNANDEZ T
AHIN/FCC:PR/FBA:JOSE FERNANDEZ GONZALEZ/FBA:CASAL NRO 19 DE ENTRA
MBOSRI/FBA:CA ORENSE
:61:1209260927D285,NTRF481655//FAAS227100228700
:86:210PAYMENT BY ELECTRONIC MEDIA /FAG:ITALCAMBIO C.A/FAG:AV URDANET
A EDF CAMORUCO PB/FAG:ELARIA 1010/FBB:USD285,/FUK:1,/FGK:USD15,43
 VWZ:REMESA FAMILIAR ORDENANTE: V14430354 CARMEN INES GONZALEZ VA
RGAS/FCC:PR/FBA:GUILLERMO GONZALEZ GONZALEZ/FBA:CALLE LOMITO N 1 
VALLEHERMO/FBA:MERA
:61:1209260927D285,NTRF481669//FAAS227100645000
:86:210PAYMENT BY ELECTRONIC MEDIA /FAG:ITALCAMBIO C.A/FAG:AV URDANET
A EDF CAMORUCO PB/FAG:ELARIA 1010/FBB:USD285,/FUK:1,/FGK:USD15,43
 VWZ:REMESA FAMILIAR ORDENANTE: V2870131 ANA ESTELVINA CRIOLLO DE
 MONTORO/FCC:PR/FBA:FRANCISCO EMIRO MONTORO CRI/FBA:4384 NW 109 T
H PLACE/FBA:MIAMI ESTADOS UNIDOS
:62M:C120927USD1513268,37
-}{5:{CHK:9DCDE14CBAE7}}${1:F01IBIIPRSJAXXX0274120315}{2:O9402223120927COBADEFFDXXX28394126181209271623N}{3:{108:00U75UBERBDDZGWA}}{4:
:20:00U75UBERBDDZGWA
:25:50040000/400872570700USD
:28C:117/36
:60M:C120927USD1521533,37
:61:1209260927D285,NTRF482606//FAAS227100032600
:86:210PAYMENT BY ELECTRONIC MEDIA /FAG:ITALCAMBIO C.A/FAG:AV URDANET
A EDF CAMORUCO PB/FAG:ELARIA 1010/FBB:USD285,/FUK:1,/FGK:USD28,29
 VWZ:REMESA FAMILIAR ORDENANTE: V3047765 HERNAN GOMEZ ROSAS/FCC:P
R/FBA:MELISA ALEJANDRA GOMEZ JIME/FBA:URB MAAGA CASA N? 35C SABAN
 FBA:TES DE OCA
:61:1209260927D285,NTRF482639//FAAS227100032500
:86:210PAYMENT BY ELECTRONIC MEDIA /FAG:ITALCAMBIO C.A/FAG:AV URDANET
A EDF CAMORUCO PB/FAG:ELARIA 1010/FBB:USD285,/FUK:1,/FGK:USD15,43
 VWZ:REMESA FAMILIAR ORDENANTE: E81629797 GREGORIO POMBO DO ESPIR
ITO SANTO/FCC:PR/FBA:DANIELA BETANIA POMBO RIBEI/FBA:ESTRADA CAMP
O DE FUTEBOL NO/FBA:328 PARROQUIA
:61:1209260927D285,NTRF482643//FAAS227100034900
:86:210PAYMENT BY ELECTRONIC MEDIA /FAG:ITALCAMBIO C.A/FAG:AV URDANET
A EDF CAMORUCO PB/FAG:ELARIA 1010/FBB:USD285,/FUK:1,/FGK:USD15,43
 VWZ:REMESA FAMILIAR ORDENANTE: V5530780 MIREN GURUTXE ITURREGUI 
SAN NICOLAS/FCC:PR/FBA:JOAQUIN ABAD ITURREGUI/FBA:CALLE ERIA DEL 
HOSPITAL NO/FBA:TURIAS POLA DE
:61:1209260927D285,NTRF482582//FAAS227100033200
:86:210PAYMENT BY ELECTRONIC MEDIA /FAG:ITALCAMBIO C.A/FAG:AV URDANET
A EDF CAMORUCO PB/FAG:ELARIA 1010/FBB:USD285,/FUK:1,/FGK:USD15,43
 VWZ:REMESA FAMILIAR ORDENANTE: V7266299 MARIA LUZARDO PAIVA/FCC:
PR/FBA:CARMEN ALICIA PAIVA DE LUZA/FBA:41238LONGLEAF LN FT WORTH 
T/FBA:FT WORTH ESTADOS UNIDOS
:62M:C120927USD1520393,37
-}{5:{CHK:A180D11F6807}}${1:F01IBIIPRSJAXXX0274120314}{2:O9402223120927COBADEFFDXXX28394126121209271623N}{3:{108:00U75UBERBDDZGWA}}{4:
:20:00U75UBERBDDZGWA
:25:50040000/400872570700USD
:28C:117/31
:60M:C120927USD1528658,37
:61:1209260927D285,NTRF482528//FAAS227100018500
:86:210PAYMENT BY ELECTRONIC MEDIA /FAG:ITALCAMBIO C.A/FAG:AV URDANET
A EDF CAMORUCO PB/FAG:ELARIA 1010/FBB:USD285,/FUK:1,/FGK:USD15,43
 VWZ:REMESA FAMILIAR ORDENANTE: E81710243 ROSA AUGUSTA DE JESUS D
E SERENO/FCC:PR/FBA:MANUEL JOAQUIM JOAO/FBA:RUA DA ESCOLA 14 VIGI
A SNAT/FBA:E VAGOS PORTUGA
:61:1209260927D285,NTRF481685//FAAS227100014500
:86:210PAYMENT BY ELECTRONIC MEDIA /FAG:ITALCAMBIO C.A/FAG:AV URDANET
A EDF CAMORUCO PB/FAG:ELARIA 1010/FBB:USD285,/FUK:1,/FGK:USD15,43
 VWZ:REMESA FAMILIAR ORDENANTE: V4334538 CARMEN LUISA GARCIA DE G
UZMAN/FCC:PR/FBA:YANI DE GOUVEIA GARCIA/FBA:1035CYPREESS WOOD DL 
APOT 1/FBA:TEXAS ESTADOS UNIDOS
:61:1209260927D285,NTRF482388//FAAS227100017000
:86:210PAYMENT BY ELECTRONIC MEDIA /FAG:ITALCAMBIO C.A/FAG:AV URDANET
A EDF CAMORUCO PB/FAG:ELARIA 1010/FBB:USD285,/FUK:1,/FGK:USD15,43
 VWZ:REMESA FAMILIAR ORDENANTE: V9032781 ALBA CONTRERAS DE MOLINA
 FCC:PR/FBA:SOPHIE GARCIA/FBA:4881 NW 108 PATH CODIGO POS/FBA:317
8
:61:1209260927D285,NTRF481721//FAAS227100011300
:86:210PAYMENT BY ELECTRONIC MEDIA /FAG:ITALCAMBIO C.A/FAG:AV URDANET
A EDF CAMORUCO PB/FAG:ELARIA 1010/FBB:USD285,/FUK:1,/FGK:USD15,43
 VWZ:REMESA FAMILIAR ORDENANTE: V873943 ALBERTO ROGELIO FERMIN GO
MEZ/FCC:PR/FBA:AYLA BEATRICE FERMIN HUNG/FBA:BARRANCO DE APRA CX 
POSTAL/FBA:0 226 LOULE DIS
:61:1209260927D285,NTRF481683//FAAS227100014400
:86:210PAYMENT BY ELECTRONIC MEDIA /FAG:ITALCAMBIO C.A/FAG:AV URDANET
A EDF CAMORUCO PB/FAG:ELARIA 1010/FBB:USD285,/FUK:1,/FGK:USD15,43
 VWZ:REMESA FAMILIAR ORDENANTE: V4334538 CARMEN LUISA GARCIA DE G
UZMAN/FCC:PR/FBA:STEFANY HOYOS/FBA:10325 CYPRESS WOOD DL APOT/FBA
 HOUSTON ESTADOS UNIDOS
:62M:C120927USD1527233,37
-}{5:{CHK:CBA1210C873C}}${1:F01IBIIPRSJAXXX0274120313}{2:O9402223120927COBADEFFDXXX28394126081209271623N}{3:{108:00U75UBERBDDZGWA}}{4:
:20:00U75UBERBDDZGWA
:25:50040000/400872570700USD
:28C:117/26
:60M:C120927USD1535498,37
:61:1209260927D285,NTRF481713//FAAS227100009400
:86:210PAYMENT BY ELECTRONIC MEDIA /FAG:ITALCAMBIO C.A/FAG:AV URDANET
A EDF CAMORUCO PB/FAG:ELARIA 1010/FBB:USD285,/FUK:1,/FGK:USD15,43
 VWZ:REMESA FAMILIAR ORDENANTE: E81727318 DIVA GOMES DE LUIS/FCC:
PR/FBA:ISILDA GOMES MORAIS/FBA:RUA DO CAMPO DE FUTBOL NRO/FBA:DO 
BOLHO CANTAN
:61:1209260927D285,NTRF481687//FAAS227100006100
:86:210PAYMENT BY ELECTRONIC MEDIA /FAG:ITALCAMBIO C.A/FAG:AV URDANET
A EDF CAMORUCO PB/FAG:ELARIA 1010/FBB:USD285,/FUK:1,/FGK:USD15,43
 VWZ:REMESA FAMILIAR ORDENANTE: V24124200 KATIH BADRA DE KHIJA/FC
C:PR/FBA:JULIETA ELENA RONDON KHIJA/FBA:6306 BREEZY HOLLO LANA KA
TY/FBA:0
:61:1209260927D285,NTRF482584//FAAS227100006400
:86:210PAYMENT BY ELECTRONIC MEDIA /FAG:ITALCAMBIO C.A/FAG:AV URDANET
A EDF CAMORUCO PB/FAG:ELARIA 1010/FBB:USD285,/FUK:1,/FGK:USD15,43
 VWZ:REMESA FAMILIAR ORDENANTE: V953612 RUBEN MOULINIER PALACIOS/
FCC:PR/FBA:ALMA SYLEJMANI MOULINIER/FBA:MOSELGASSE 27 1 11 1100 V
IE/FBA:VIENNA AUSTRIA
:61:1209260927D285,NTRF481673//FAAS227100005500
:86:210PAYMENT BY ELECTRONIC MEDIA /FAG:ITALCAMBIO C.A/FAG:AV URDANET
A EDF CAMORUCO PB/FAG:ELARIA 1010/FBB:USD285,/FUK:1,/FGK:USD15,43
 VWZ:REMESA FAMILIAR ORDENANTE: V3589260 CARMEN MATILDE PARABABI 
CARMONA/FCC:PR/FBA:CAMILA VICTORIA MEZA/FBA:5566 METROWEST BLVD A
PTO202/FBA:ORLANDO ESTADOS UNIDOS
:61:1209260927D285,NTRF482356//FAAS227100004600
:86:210PAYMENT BY ELECTRONIC MEDIA /FAG:ITALCAMBIO C.A/FAG:AV URDANET
A EDF CAMORUCO PB/FAG:ELARIA 1010/FBB:USD285,/FUK:1,/FGK:USD15,43
 VWZ:REMESA FAMILIAR ORDENANTE: V1288644 ROGERS RAFAEL LOPEZ BOYE
R/FCC:PR/FBA:CAMILA ALEXANDRA LOPEZ MART/FBA:280 LAS BRISAS CIRCL
E SUNRI/FBA:DA 33326 ESTADO
:62M:C120927USD1534073,37
-}{5:{CHK:9E2624632CB1}}${1:F01IBIIPRSJAXXX0274120312}{2:O9402223120927COBADEFFDXXX28394126041209271623N}{3:{108:00U75UBERBDDZGWA}}{4:
:20:00U75UBERBDDZGWA
:25:50040000/400872570700USD
:28C:117/21
:60M:C120927USD1542338,37
:61:1209260927D285,NTRF481679//FAAS227101226300
:86:210PAYMENT BY ELECTRONIC MEDIA /FAG:ITALCAMBIO C.A/FAG:AV URDANET
A EDF CAMORUCO PB/FAG:ELARIA 1010/FBB:USD285,/FUK:1,/FGK:USD15,43
 VWZ:REMESA FAMILIAR ORDENANTE: V17147232 PAOLO LENA FERNANDEZ/FC
C:PR/FBA:FELICE LENA/FBA:FLUMERI AV VICO BRESCIA 25/FBA:ROMA ITAL
IA
:61:1209260927D285,NTRF482352//FAAS227101224400
:86:210PAYMENT BY ELECTRONIC MEDIA /FAG:ITALCAMBIO C.A/FAG:AV URDANET
A EDF CAMORUCO PB/FAG:ELARIA 1010/FBB:USD285,/FUK:1,/FGK:USD28,29
 VWZ:REMESA FAMILIAR ORDENANTE: E81955739 KWOK TAM/FCC:PR/FBA:ANA
 PATRICIA TAM SHUM/FBA:FLAT 20 8F CHUNG YUEN BUILD/FBA:K KWAN STR
EET T
:61:1209260927D285,NTRF482673//FAAS227101094900
:86:210PAYMENT BY ELECTRONIC MEDIA /FAG:ITALCAMBIO C.A/FAG:AV URDANET
A EDF CAMORUCO PB/FAG:ELARIA 1010/FBB:USD285,/FUK:1,/FGK:USD15,43
 VWZ:REMESA FAMILIAR ORDENANTE: E81045903 IVAN ARANGO MORENO/FCC:
PR/FBA:VERONICA ARANGO GUTIERREZ/FBA:CAMINO DE LA VIESCA 8 SIERO/
FBA:SIERO ESPANA
:61:1209260927D285,NTRF482612//FAAS227101094500
:86:210PAYMENT BY ELECTRONIC MEDIA /FAG:ITALCAMBIO C.A/FAG:AV URDANET
A EDF CAMORUCO PB/FAG:ELARIA 1010/FBB:USD285,/FUK:1,/FGK:USD15,43
 VWZ:REMESA FAMILIAR ORDENANTE: V9261174 RAMONA GUEDEZ DE VELASQU
EZ/FCC:PR/FBA:BRIAN DAVID EVANS VELASQUEZ/FBA:DUSTUSTRAAT CASA 11
 FBA:ARUBA
:61:1209260927D285,NTRF482554//FAAS227101167900
:86:210PAYMENT BY ELECTRONIC MEDIA /FAG:ITALCAMBIO C.A/FAG:AV URDANET
A EDF CAMORUCO PB/FAG:ELARIA 1010/FBB:USD285,/FUK:1,/FGK:USD15,43
 VWZ:REMESA FAMILIAR ORDENANTE: V4445876 ROSARIO MORALES DE FERNA
NDEZ/FCC:PR/FBA:ANGEL JAVIER FERNANDEZ MORA/FBA:C HORTS 9 11 03 3
 SANT QUIR/FBA:VALLES DISTRIC
:62M:C120927USD1540913,37
-}{5:{CHK:4FEA47460BAA}}${1:F01IBIIPRSJAXXX0274120311}{2:O9402223120927COBADEFFDXXX28394125981209271623N}{3:{108:00U75UBERBDDZGWA}}{4:
:20:00U75UBERBDDZGWA
:25:50040000/400872570700USD
:28C:117/16
:60M:C120927USD1543441,
:61:1209260927D15,43NCOM482394//FAAS227100787300
:86:808CHARGES CHARGES RE:FOREIGN PAYMENT OUR REF: FAAS2271007873 00 
YOUR REF: 482394 10058000 ITALCAMBIO C.A CARACAS VENEZUELA
:61:1209260927D15,43NCOM482532//FAAS227100788100
:86:808CHARGES CHARGES RE:FOREIGN PAYMENT OUR REF: FAAS2271007881 00 
YOUR REF: 482532 10058000 ITALCAMBIO C.A CARACAS VENEZUELA
:61:1209260927D15,43NCOM481745//FAAS227100788400
:86:808CHARGES CHARGES RE:FOREIGN PAYMENT OUR REF: FAAS2271007884 00 
YOUR REF: 481745 10058000 ITALCAMBIO C.A CARACAS VENEZUELA
:61:1209260927D15,43NCOM481729//FAAS227100788200
:86:808CHARGES CHARGES RE:FOREIGN PAYMENT OUR REF: FAAS2271007882 00 
YOUR REF: 481729 10058000 ITALCAMBIO C.A CARACAS VENEZUELA
:61:1209260927D15,43NCOM481671//FAAS227100788600
:86:808CHARGES CHARGES RE:FOREIGN PAYMENT OUR REF: FAAS2271007886 00 
YOUR REF: 481671 10058000 ITALCAMBIO C.A CARACAS VENEZUELA
:61:1209260927D15,43NCOM482546//FAAS227100789500
:86:808CHARGES CHARGES RE:FOREIGN PAYMENT OUR REF: FAAS2271007895 00 
YOUR REF: 482546 10058000 ITALCAMBIO C.A CARACAS VENEZUELA
:61:1209260927D15,43NCOM482693//FAAS227100795200
:86:808CHARGES CHARGES RE:FOREIGN PAYMENT OUR REF: FAAS2271007952 00 
YOUR REF: 482693 10058000 ITALCAMBIO C.A CARACAS VENEZUELA
:61:1209260927D15,43NCOM482665//FAAS227100795400
:86:808CHARGES CHARGES RE:FOREIGN PAYMENT OUR REF: FAAS2271007954 00 
YOUR REF: 482665 10058000 ITALCAMBIO C.A CARACAS VENEZUELA
:61:1209260927D15,43NCOM482558//FAAS227100795600
:86:808CHARGES CHARGES RE:FOREIGN PAYMENT OUR REF: FAAS2271007956 00 
YOUR REF: 482558 10058000 ITALCAMBIO C.A CARACAS VENEZUELA
:62M:C120927USD1543302,13
-}{5:{CHK:9D1C6E0DBB93}}${1:F01IBIIPRSJAXXX0274120310}{2:O9402223120927COBADEFFDXXX28394125941209271623N}{3:{108:00U75UBERBDDZGWA}}{4:
:20:00U75UBERBDDZGWA
:25:50040000/400872570700USD
:28C:117/11
:60M:C120927USD1544135,35
:61:1209260927D15,43NCOM482661//FAAS227100034800
:86:808CHARGES CHARGES RE:FOREIGN PAYMENT OUR REF: FAAS2271000348 00 
YOUR REF: 482661 10058000 ITALCAMBIO C.A CARACAS VENEZUELA
:61:1209260927D15,43NCOM482582//FAAS227100033200
:86:808CHARGES CHARGES RE:FOREIGN PAYMENT OUR REF: FAAS2271000332 00 
YOUR REF: 482582 10058000 ITALCAMBIO C.A CARACAS VENEZUELA
:61:1209260927D15,43NCOM482643//FAAS227100034900
:86:808CHARGES CHARGES RE:FOREIGN PAYMENT OUR REF: FAAS2271000349 00 
YOUR REF: 482643 10058000 ITALCAMBIO C.A CARACAS VENEZUELA
:61:1209260927D15,43NCOM482675//FAAS227100035200
:86:808CHARGES CHARGES RE:FOREIGN PAYMENT OUR REF: FAAS2271000352 00 
YOUR REF: 482675 10058000 ITALCAMBIO C.A CARACAS VENEZUELA
:61:1209260927D15,43NCOM482586//FAAS227100033800
:86:808CHARGES CHARGES RE:FOREIGN PAYMENT OUR REF: FAAS2271000338 00 
YOUR REF: 482586 10058000 ITALCAMBIO C.A CARACAS VENEZUELA
:61:1209260927D15,43NCOM482687//FAAS227100035700
:86:808CHARGES CHARGES RE:FOREIGN PAYMENT OUR REF: FAAS2271000357 00 
YOUR REF: 482687 10058000 ITALCAMBIO C.A CARACAS VENEZUELA
:61:1209260927D15,43NCOM482681//FAAS227100036000
:86:808CHARGES CHARGES RE:FOREIGN PAYMENT OUR REF: FAAS2271000360 00 
YOUR REF: 482681 10058000 ITALCAMBIO C.A CARACAS VENEZUELA
:61:1209260927D15,43NCOM482667//FAAS227100036300
:86:808CHARGES CHARGES RE:FOREIGN PAYMENT OUR REF: FAAS2271000363 00 
YOUR REF: 482667 10058000 ITALCAMBIO C.A CARACAS VENEZUELA
:61:1209260927D15,43NCOM482610//FAAS227100038200
:86:808CHARGES CHARGES RE:FOREIGN PAYMENT OUR REF: FAAS2271000382 00 
YOUR REF: 482610 10058000 ITALCAMBIO C.A CARACAS VENEZUELA
:62M:C120927USD1543996,48
-}{5:{CHK:D431472C8117}}${1:F01IBIIPRSJAXXX0274120309}{2:O9402223120927COBADEFFDXXX28394125891209271623N}{3:{108:00U75UBERBDDZGWA}}{4:
:20:00U75UBERBDDZGWA
:25:50040000/400872570700USD
:28C:117/6
:60M:C120927USD1544829,7
:61:1209260927D15,43NCOM481653//FAAS227100013400
:86:808CHARGES CHARGES RE:FOREIGN PAYMENT OUR REF: FAAS2271000134 00 
YOUR REF: 481653 10058000 ITALCAMBIO C.A CARACAS VENEZUELA
:61:1209260927D15,43NCOM481715//FAAS227100010700
:86:808CHARGES CHARGES RE:FOREIGN PAYMENT OUR REF: FAAS2271000107 00 
YOUR REF: 481715 10058000 ITALCAMBIO C.A CARACAS VENEZUELA
:61:1209260927D15,43NCOM481657//FAAS227100014300
:86:808CHARGES CHARGES RE:FOREIGN PAYMENT OUR REF: FAAS2271000143 00 
YOUR REF: 481657 10058000 ITALCAMBIO C.A CARACAS VENEZUELA
:61:1209260927D15,43NCOM481755//FAAS227100012200
:86:808CHARGES CHARGES RE:FOREIGN PAYMENT OUR REF: FAAS2271000122 00 
YOUR REF: 481755 10058000 ITALCAMBIO C.A CARACAS VENEZUELA
:61:1209260927D15,43NCOM481651//FAAS227100013100
:86:808CHARGES CHARGES RE:FOREIGN PAYMENT OUR REF: FAAS2271000131 00 
YOUR REF: 481651 10058000 ITALCAMBIO C.A CARACAS VENEZUELA
:61:1209260927D15,43NCOM481691//FAAS227100014700
:86:808CHARGES CHARGES RE:FOREIGN PAYMENT OUR REF: FAAS2271000147 00 
YOUR REF: 481691 10058000 ITALCAMBIO C.A CARACAS VENEZUELA
:61:1209260927D15,43NCOM481683//FAAS227100014400
:86:808CHARGES CHARGES RE:FOREIGN PAYMENT OUR REF: FAAS2271000144 00 
YOUR REF: 481683 10058000 ITALCAMBIO C.A CARACAS VENEZUELA
:61:1209260927D15,43NCOM481721//FAAS227100011300
:86:808CHARGES CHARGES RE:FOREIGN PAYMENT OUR REF: FAAS2271000113 00 
YOUR REF: 481721 10058000 ITALCAMBIO C.A CARACAS VENEZUELA
:61:1209260927D15,43NCOM482348//FAAS227100016200
:86:808CHARGES CHARGES RE:FOREIGN PAYMENT OUR REF: FAAS2271000162 00 
YOUR REF: 482348 10058000 ITALCAMBIO C.A CARACAS VENEZUELA
:62M:C120927USD1544690,83
-}{5:{CHK:83F3B04B196B}}${1:F01IBIIPRSJAXXX0274120308}{2:O9402223120927COBADEFFDXXX28394125841209271623N}{3:{108:00U75UBERBDDZGWA}}{4:
:20:00U75UBERBDDZGWA
:25:50040000/400872570700USD
:28C:117/1
:60F:C120926USD1545524,05
:61:1209260927D15,43NCOM481727//FAAS227010461400
:86:808CHARGES CHARGES RE:FOREIGN PAYMENT OUR REF: FAAS2270104614 00 
YOUR REF: 481727 10058000 ITALCAMBIO C.A CARACAS VENEZUELA
:61:1209260927D15,43NCOM481737//FAAS227010468700
:86:808CHARGES CHARGES RE:FOREIGN PAYMENT OUR REF: FAAS2270104687 00 
YOUR REF: 481737 10058000 ITALCAMBIO C.A CARACAS VENEZUELA
:61:1209260927D15,43NCOM481743//FAAS227010470100
:86:808CHARGES CHARGES RE:FOREIGN PAYMENT OUR REF: FAAS2270104701 00 
YOUR REF: 481743 10058000 ITALCAMBIO C.A CARACAS VENEZUELA
:61:1209260927D15,43NCOM482346//FAAS227100004500
:86:808CHARGES CHARGES RE:FOREIGN PAYMENT OUR REF: FAAS2271000045 00 
YOUR REF: 482346 10058000 ITALCAMBIO C.A CARACAS VENEZUELA
:61:1209260927D15,43NCOM482356//FAAS227100004600
:86:808CHARGES CHARGES RE:FOREIGN PAYMENT OUR REF: FAAS2271000046 00 
YOUR REF: 482356 10058000 ITALCAMBIO C.A CARACAS VENEZUELA
:61:1209260927D15,43NCOM481673//FAAS227100005500
:86:808CHARGES CHARGES RE:FOREIGN PAYMENT OUR REF: FAAS2271000055 00 
YOUR REF: 481673 10058000 ITALCAMBIO C.A CARACAS VENEZUELA
:61:1209260927D15,43NCOM482584//FAAS227100006400
:86:808CHARGES CHARGES RE:FOREIGN PAYMENT OUR REF: FAAS2271000064 00 
YOUR REF: 482584 10058000 ITALCAMBIO C.A CARACAS VENEZUELA
:61:1209260927D15,43NCOM481687//FAAS227100006100
:86:808CHARGES CHARGES RE:FOREIGN PAYMENT OUR REF: FAAS2271000061 00 
YOUR REF: 481687 10058000 ITALCAMBIO C.A CARACAS VENEZUELA
:61:1209260927D15,43NCOM482659//FAAS227100008300
:86:808CHARGES CHARGES RE:FOREIGN PAYMENT OUR REF: FAAS2271000083 00 
YOUR REF: 482659 10058000 ITALCAMBIO C.A CARACAS VENEZUELA
:62M:C120927USD1545385,18
-}{5:{CHK:750727E4A46C}}${1:F01IBIIPRSJAXXX0274120305}{2:O9402223120927COBADEFFDXXX28394125491209271623N}{3:{108:00U75UBERBDDZGWA}}{4:
:20:00U75UBERBDDZGWA
:25:50040000/400872570700USD
:28C:117/64
:60M:C120927USD315060,53
:61:1209280927C275,07S103FAAS227100174300//FAAS227100174300
:86:211PAYMENT RECEIPT A. EL. MEDIA /FBA:ETTORE NORI PACIOCCO/FBA:33 
CALLE BOLIVIA LOCAL 1 SA/FBA:PUERTO RICO./FBB:USD290,5/FUK:1,/FGB
 USD15,43/FFG:USD9,5/VWZ:/RFB/1137595703010088/FCC:US007434375926
55454921/FAG:JOSE RICARDO RAMIREZ ROMERO/FAG:GENERAL RAFAEL F BUE
LNA 74/FAG:DAMIAN CARMONA VENUSTIANO C
:61:1209280927C6608,95S103FAAS227109535800//FAAS227109535800
:86:211PAYMENT RECEIPT A. EL. MEDIA /FBA:DANIEL WENZEL PRATT/FBA:URUG
UAI/FBB:USD6624,38/FUK:1,/FGB:USD15,43/VWZ:INVOICE 4201000258/FCC
 US207777365/FAG:ZF DO BRASIL LTDA./FAG:CONDE ZEPPELIN, 1935-ALA 
4/FAG:SOROCABA - SP
:61:1209280927C460831,09S103FAAS227010122000//FAAS227010122000
:86:211PAYMENT RECEIPT A. EL. MEDIA /FBA:ITALCAMBIO CASA DE CAMBIO,/F
BB:USD460927,53/FUK:1,/FGB:USD96,44/FFG:USD12,/FCC:US/FAG:BANCO C
ENTRAL DE VENEZUELA/FAG:CARACAS/FAG:4 CHASE METROTECH CENTER
:61:1209280927C780649,29S103FAAS227010281100//FAAS227010281100
:86:211PAYMENT RECEIPT A. EL. MEDIA /FBA:ITALCAMBIO CASA DE CAMBIO,/F
BB:USD780745,73/FUK:1,/FGB:USD96,44/FFG:USD12,/FCC:US/FAG:BANCO C
ENTRAL DE VENEZUELA/FAG:CARACAS/FAG:4 CHASE METROTECH CENTER
:62F:C120927USD1563424,93
-}{5:{CHK:B6CFEEB21201}}${1:F01IBIIPRSJAXXX0274120304}{2:O9402223120927COBADEFFDXXX28394125441209271623N}{3:{108:00U75UBERBDDZGWA}}{4:
:20:00U75UBERBDDZGWA
:25:50040000/400872570700USD
:28C:117/59
:60M:C120927USD622210,89
:61:1209270927D15,43NCOM482779//FAAS227110546100
:86:808CHARGES CHARGES RE:FOREIGN PAYMENT OUR REF: FAAS2271105461 00 
YOUR REF: 482779 10058000 ITALCAMBIO C.A CARACAS VENEZUELA
:61:1209270927D15,43NCOM482781//FAAS227110548200
:86:808CHARGES CHARGES RE:FOREIGN PAYMENT OUR REF: FAAS2271105482 00 
YOUR REF: 482781 10058000 ITALCAMBIO C.A CARACAS VENEZUELA
:61:1209270927D15,43NCOM482755//FAAS227110491900
:86:808CHARGES CHARGES RE:FOREIGN PAYMENT OUR REF: FAAS2271104919 00 
YOUR REF: 482755 10058000 ITALCAMBIO C.A CARACAS VENEZUELA
:61:1209270927D15,43NCOM482753//FAAS227110492000
:86:808CHARGES CHARGES RE:FOREIGN PAYMENT OUR REF: FAAS2271104920 00 
YOUR REF: 482753 10058000 ITALCAMBIO C.A CARACAS VENEZUELA
:61:1209270927D15,43NCOM482757//FAAS227110494400
:86:808CHARGES CHARGES RE:FOREIGN PAYMENT OUR REF: FAAS2271104944 00 
YOUR REF: 482757 10058000 ITALCAMBIO C.A CARACAS VENEZUELA
:61:1209270927D15,43NCOM482761//FAAS227110494800
:86:808CHARGES CHARGES RE:FOREIGN PAYMENT OUR REF: FAAS2271104948 00 
YOUR REF: 482761 10058000 ITALCAMBIO C.A CARACAS VENEZUELA
:61:1209270927D15,43NCOM482777//FAAS227110546200
:86:808CHARGES CHARGES RE:FOREIGN PAYMENT OUR REF: FAAS2271105462 00 
YOUR REF: 482777 10058000 ITALCAMBIO C.A CARACAS VENEZUELA
:61:1209270927D25,08NCOM484316//FAAS227110439200
:86:808CHARGES CHARGES RE:FOREIGN PAYMENT OUR REF: FAAS2271104392 00 
YOUR REF: 484316 10057000 FINANCIERA CAMBIAMOS S.A. BOGOTA COLOMB
IA
:61:1209270927D28,29NCOM482769//FAAS227110542300
:86:808CHARGES CHARGES RE:FOREIGN PAYMENT OUR REF: FAAS2271105423 00 
YOUR REF: 482769 10058000 ITALCAMBIO C.A CARACAS VENEZUELA
:62M:C120927USD622049,51
-}{5:{CHK:F2E44985326B}}${1:F01IBIIPRSJAXXX0274120303}{2:O9402223120927COBADEFFDXXX28394125401209271623N}{3:{108:00U75UBERBDDZGWA}}{4:
:20:00U75UBERBDDZGWA
:25:50040000/400872570700USD
:28C:117/54
:60M:C120927USD1486522,2
:61:1209260927D2261,66NTRF482657//FAAS227100241900
:86:210PAYMENT BY ELECTRONIC MEDIA /FAG:ITALCAMBIO C.A/FAG:AV URDANET
A EDF CAMORUCO PB/FAG:ELARIA 1010/FBB:USD2261,66/FUK:1,/FGK:USD28
,29/VWZ:MATRICULA STUDENT ANGELA MARIA BERNAEZ LEDEZMA ORDENANTE:
 V5332867 DEHISE LEDEZMA DE BERNAEZ/FCC:PR/FBA:SAO LEOPOLDO MANDI
C/FBA:RUA CAIUBI 181 PERDIZES SAO/FBA:RASIL
:61:1209260927D2820,NTRF482845//FAAS227100807800
:86:210PAYMENT BY ELECTRONIC MEDIA /FAG:FORTIGOLD, S. A./FAG:MISIONES
 1385/FAG:MONTEVIDEO URUGUAY/FBB:USD2820,/FUK:1,/FGK:USD28,29/VWZ
 AG.0712 9 INSCRIPCION JUAN SALGADO UITP ORDENANTE: 36581218 DA S
ILVA CHAVES, MARIA DE LOS ANGEL/FCC:PR/FBA:ANTP/FBA:ALAMEDA SANTO
S NRO 1000 CON/FBA:SAN PABLO BRASIL
:61:1209260927D2900,NTRF482637//FAAS227100225700
:86:210PAYMENT BY ELECTRONIC MEDIA /FAG:TITAN INTERCONTINENTAL,S.A/FA
G:C. 11, NO.4 42 EDIF. COLSEG/FAG:SO 1/FBB:USD2900,/FUK:1,/FGK:US
D15,43/VWZ:AYUDA ECONOMICA ORDENANTE: 16890521 JOSE EMIR DIAZ ROD
AS/FCC:PR/FBA:VETCHINKIN OLEKSANOR/FBA:OBLAST DE DNIPROPETROVSK/F
BA:DNIPROPETROVSK UCRANIA
:61:1209260927D3301,66NTRF481719//FAAS227100226800
:86:210PAYMENT BY ELECTRONIC MEDIA /FAG:ITALCAMBIO C.A/FAG:AV URDANET
A EDF CAMORUCO PB/FAG:ELARIA 1010/FBB:USD3301,66/FUK:1,/FGK:USD28
,29/VWZ:MANUTENCION ORDENANTE: V5390280 EDGAR JOSE RODRIGUEZ/FCC:
PR/FBA:EDGAR JOSE RODRIGUEZ AGUILE/FBA:HUMBOLTD 24 45 DPTO 2 B PA
L/FBA:BUENOS AIRES ARGENTINA
:62M:C120927USD1475238,88
-}{5:{CHK:A7549E6B2EE3}}${1:F01IBIIPRSJAXXX0274120302}{2:O9402223120927COBADEFFDXXX28394125361209271623N}{3:{108:00U75UBERBDDZGWA}}{4:
:20:00U75UBERBDDZGWA
:25:50040000/400872570700USD
:28C:117/49
:60M:C120927USD1503578,37
:61:1209260927D285,NTRF482532//FAAS227100788100
:86:210PAYMENT BY ELECTRONIC MEDIA /FAG:ITALCAMBIO C.A/FAG:AV URDANET
A EDF CAMORUCO PB/FAG:ELARIA 1010/FBB:USD285,/FUK:1,/FGK:USD15,43
 VWZ:REMESA FAMILIAR ORDENANTE: E84390327 GUILMAR AUGUSTO VIVANCO
 CAMPOVERDE/FCC:PR/FBA:MIGUEL FERNANDO VIVANCO CAS/FBA:CALLE VERA
CRUZ NRO 001 PRIM/FBA:PUERTA F SALAMA
:61:1209260927D285,NTRF482693//FAAS227100795200
:86:210PAYMENT BY ELECTRONIC MEDIA /FAG:ITALCAMBIO C.A/FAG:AV URDANET
A EDF CAMORUCO PB/FAG:ELARIA 1010/FBB:USD285,/FUK:1,/FGK:USD15,43
 VWZ:REMESA FAMILIAR ORDENANTE: V3622397 MERCEDES BAUTISTA DE ALC
EDO/FCC:PR/FBA:GABRIEL MIGUEL CASTRO ALCED/FBA:16 BOULEVARD DE ME
TZ 35000/FBA:FRANCIA
:61:1209260927D285,NTRF482546//FAAS227100789500
:86:210PAYMENT BY ELECTRONIC MEDIA /FAG:ITALCAMBIO C.A/FAG:AV URDANET
A EDF CAMORUCO PB/FAG:ELARIA 1010/FBB:USD285,/FUK:1,/FGK:USD15,43
 VWZ:REMESA FAMILIAR ORDENANTE: V6916756 JOSE EMILIO FERREIRA MOT
A/FCC:PR/FBA:MARIA GABRIELA VIEGAS FERRE/FBA:PRACA GONCALO TRANCO
SO NRO/FBA:ISBOA PORTUGAL
:61:1209260927D285,NTRF481671//FAAS227100788600
:86:210PAYMENT BY ELECTRONIC MEDIA /FAG:ITALCAMBIO C.A/FAG:AV URDANET
A EDF CAMORUCO PB/FAG:ELARIA 1010/FBB:USD285,/FUK:1,/FGK:USD15,43
 VWZ:REMESA FAMILIAR ORDENANTE: V2870131 ANA ESTELVINA CRIOLLO DE
 MONTORO/FCC:PR/FBA:FRANCISCO NOE MONTORO FERNA/FBA:4384 NW 109TH
 PLACE/FBA:MIAMI ESTADOS UNIDOS
:62M:C120927USD1502438,37
-}{5:{CHK:0D354E5ADD49}}${1:F01IBIIPRSJAXXX0274120301}{2:O9402223120927COBADEFFDXXX28394125321209271623N}{3:{108:00U75UBERBDDZGWA}}{4:
:20:00U75UBERBDDZGWA
:25:50040000/400872570700USD
:28C:117/44
:60M:C120927USD1510418,37
:61:1209260927D285,NTRF482641//FAAS227100045900
:86:210PAYMENT BY ELECTRONIC MEDIA /FAG:ITALCAMBIO C.A/FAG:AV URDANET
A EDF CAMORUCO PB/FAG:ELARIA 1010/FBB:USD285,/FUK:1,/FGK:USD15,43
 VWZ:REMESA FAMILIAR ORDENANTE: E81629797 GREGORIO POMBO DO ESPIR
ITO SANTO/FCC:PR/FBA:JOSE GREGORIO POMBO RIBEIRO/FBA:ESTRADA CAMP
O DE FUTEBOL NO/FBA:328 PARROQUIA
:61:1209260927D285,NTRF482653//FAAS227100041900
:86:210PAYMENT BY ELECTRONIC MEDIA /FAG:ITALCAMBIO C.A/FAG:AV URDANET
A EDF CAMORUCO PB/FAG:ELARIA 1010/FBB:USD285,/FUK:1,/FGK:USD15,43
 VWZ:REMESA FAMILIAR ORDENANTE: V14775727 LEDA ORTIZ DE RINCON/FC
C:PR/FBA:VALENTINA JOHANNA EDUVIGIS/FBA:18 STIRLING HOUSE 55 SILV
ER/FBA:RG1 2SU READIN
:61:1209260927D285,NTRF482610//FAAS227100038200
:86:210PAYMENT BY ELECTRONIC MEDIA /FAG:ITALCAMBIO C.A/FAG:AV URDANET
A EDF CAMORUCO PB/FAG:ELARIA 1010/FBB:USD285,/FUK:1,/FGK:USD15,43
 VWZ:REMESA FAMILIAR ORDENANTE: V4796644 MARIA SILVA DE NEGRON/FC
C:PR/FBA:CARLOS RAMIRO NEGRON SILVA/FBA:16709 RED CLIFF DR APT 9/
FBA:HUNTERSVILLE ESTADOS UNIDOS
:61:1209260927D285,NTRF482681//FAAS227100036000
:86:210PAYMENT BY ELECTRONIC MEDIA /FAG:ITALCAMBIO C.A/FAG:AV URDANET
A EDF CAMORUCO PB/FAG:ELARIA 1010/FBB:USD285,/FUK:1,/FGK:USD15,43
 VWZ:REMESA FAMILIAR ORDENANTE: V4579220 ANA MARIA GONZALEZ DE SA
RMIENTO/FCC:PR/FBA:PAOLA CRISTINA CARLINI GONZ/FBA:121A KILBURN P
ACK ROAD LOND/FBA:LB UNITED KING
:62M:C120927USD1509278,37
-}{5:{CHK:1B0AEF18E1DB}}${1:F01IBIIPRSJAXXX0274120300}{2:O9402223120927COBADEFFDXXX28394125291209271623N}{3:{108:00U75UBERBDDZGWA}}{4:
:20:00U75UBERBDDZGWA
:25:50040000/400872570700USD
:28C:117/39
:60M:C120927USD1517543,37
:61:1209260927D285,NTRF482372//FAAS227100018900
:86:210PAYMENT BY ELECTRONIC MEDIA /FAG:ITALCAMBIO C.A/FAG:AV URDANET
A EDF CAMORUCO PB/FAG:ELARIA 1010/FBB:USD285,/FUK:1,/FGK:USD15,43
 VWZ:REMESA FAMILIAR ORDENANTE: V6615422 SONIA FLORES/FCC:PR/FBA:
GUILLERMO ISMAEL KADOUR/FBA:815 W SLAUGHTER LN N237 AUS/FBA:8748
:61:1209260927D285,NTRF482374//FAAS227100016800
:86:210PAYMENT BY ELECTRONIC MEDIA /FAG:ITALCAMBIO C.A/FAG:AV URDANET
A EDF CAMORUCO PB/FAG:ELARIA 1010/FBB:USD285,/FUK:1,/FGK:USD15,43
 VWZ:REMESA FAMILIAR ORDENANTE: V9948291 YRMA CORREA CARRAFFA/FCC
 PR/FBA:DANIEL ANTONIO ACEVEDO YAFR/FBA:4527 NW 97 CT DORAL FLORI
DA/FBA:MIAMI ESTADOS UNIDOS
:61:1209260927D285,NTRF482526//FAAS227100018400
:86:210PAYMENT BY ELECTRONIC MEDIA /FAG:ITALCAMBIO C.A/FAG:AV URDANET
A EDF CAMORUCO PB/FAG:ELARIA 1010/FBB:USD285,/FUK:1,/FGK:USD15,43
 VWZ:REMESA FAMILIAR ORDENANTE: V3129824 RAFAEL PONZO LOBO/FCC:PR
 FBA:ALVARO PONZO PARDO/FBA:CALLE AGUAMIERA NNRO 4 OVIE/FBA:A
:61:1209260927D285,NTRF482358//FAAS227100018000
:86:210PAYMENT BY ELECTRONIC MEDIA /FAG:ITALCAMBIO C.A/FAG:AV URDANET
A EDF CAMORUCO PB/FAG:ELARIA 1010/FBB:USD285,/FUK:1,/FGK:USD15,43
 VWZ:REMESA FAMILIAR ORDENANTE: V1288644 ROGERS RAFAEL LOPEZ BOYE
R/FCC:PR/FBA:KATHERINE SOPHIA LOPEZ MART/FBA:280 LAS BRISAS CIRCL
E SUNRI/FBA:A 33326 ESTADOS
:61:1209260927D285,NTRF482530//FAAS227100018800
:86:210PAYMENT BY ELECTRONIC MEDIA /FAG:ITALCAMBIO C.A/FAG:AV URDANET
A EDF CAMORUCO PB/FAG:ELARIA 1010/FBB:USD285,/FUK:1,/FGK:USD15,43
 VWZ:REMESA FAMILIAR ORDENANTE: E81710243 ROSA AUGUSTA DE JESUS D
E SERENO/FCC:PR/FBA:MARIA DELMINDA DE JESUS/FBA:RUA DA ESCOLA 14 
VIGIA SANT/FBA:DE VAGOS PORTUG
:62M:C120927USD1516118,37
-}{5:{CHK:922F2F676754}}${1:F01IBIIPRSJAXXX0274120299}{2:O9402223120927COBADEFFDXXX28394125241209271623N}{3:{108:00U75UBERBDDZGWA}}{4:
:20:00U75UBERBDDZGWA
:25:50040000/400872570700USD
:28C:117/34
:60M:C120927USD1524383,37
:61:1209260927D285,NTRF482691//FAAS227100009600
:86:210PAYMENT BY ELECTRONIC MEDIA /FAG:ITALCAMBIO C.A/FAG:AV URDANET
A EDF CAMORUCO PB/FAG:ELARIA 1010/FBB:USD285,/FUK:1,/FGK:USD15,43
 VWZ:REMESA FAMILIAR ORDENANTE: V1547945 MARIA BUSTAMANTE DE BECE
RRA/FCC:PR/FBA:GERARDO MANUEL BECERRA BALB/FBA:TRAVESIA CASALVITO
 NRO 1 DE/FBA:DE CASALVITO PO
:61:1209260927D285,NTRF481763//FAAS227100010800
:86:210PAYMENT BY ELECTRONIC MEDIA /FAG:ITALCAMBIO C.A/FAG:AV URDANET
A EDF CAMORUCO PB/FAG:ELARIA 1010/FBB:USD285,/FUK:1,/FGK:USD15,43
 VWZ:REMESA FAMILIAR ORDENANTE: V12023820 ELVIO NEVES FERREIRA/FC
C:PR/FBA:FATIMA KARINA NEVES MERIZAL/FBA:NESTA FREGUESIA NA RUA T
RIN/FBA:LHO NUMERO 11 2
:61:1209260927D285,NTRF482576//FAAS227100030000
:86:210PAYMENT BY ELECTRONIC MEDIA /FAG:ITALCAMBIO C.A/FAG:AV URDANET
A EDF CAMORUCO PB/FAG:ELARIA 1010/FBB:USD285,/FUK:1,/FGK:USD28,29
 VWZ:REMESA FAMILIAR ORDENANTE: E85982874 JOSE PEREZ NUNEZ/FCC:PR
 FBA:YERALINA SURENES PEREZ PENA/FBA:CASA NRO 27 DE LA CALLE GAB/
FBA:EL DEL BARRIO S
:61:1209260927D285,NTRF482570//FAAS227100031000
:86:210PAYMENT BY ELECTRONIC MEDIA /FAG:ITALCAMBIO C.A/FAG:AV URDANET
A EDF CAMORUCO PB/FAG:ELARIA 1010/FBB:USD285,/FUK:1,/FGK:USD28,29
 VWZ:REMESA FAMILIAR ORDENANTE: V14286315 GIOVANNI RAFAEL CHAVEZ 
PALMA/FCC:PR/FBA:GIOVANNI ALEXANDER CHAVEZ S/FBA:EN EL CANTON MON
TECRISTI PR/FBA:DE MANABI
:61:1209260927D285,NTRF482574//FAAS227100030300
:86:210PAYMENT BY ELECTRONIC MEDIA /FAG:ITALCAMBIO C.A/FAG:AV URDANET
A EDF CAMORUCO PB/FAG:ELARIA 1010/FBB:USD285,/FUK:1,/FGK:USD28,29
 VWZ:REMESA FAMILIAR ORDENANTE: E85982874 JOSE PEREZ NUNEZ/FCC:PR
 FBA:JERICKSON PEREZ PENA/FBA:CASA NRO 27 DE LA CALLE GAB/FBA:EL 
DEL BARRIO S
:62M:C120927USD1522958,37
-}{5:{CHK:D1CC8A559A9A}}${1:F01IBIIPRSJAXXX0274120298}{2:O9402223120927COBADEFFDXXX28394125201209271623N}{3:{108:00U75UBERBDDZGWA}}{4:
:20:00U75UBERBDDZGWA
:25:50040000/400872570700USD
:28C:117/29
:60M:C120927USD1531508,37
:61:1209260927D285,NTRF482368//FAAS227100746200
:86:210PAYMENT BY ELECTRONIC MEDIA /FAG:ITALCAMBIO C.A/FAG:AV URDANET
A EDF CAMORUCO PB/FAG:ELARIA 1010/FBB:USD285,/FUK:1,/FGK:USD15,43
 VWZ:REMESA FAMILIAR ORDENANTE: V1891871 MARY KATTAR DE REYES/FCC
 PR/FBA:MAYEDA DEL MARTIN REYES KAT/FBA:31 VERGREEN ROAD SUDBURY 
MA/FBA:SUDBURY ESTADOS UNIDOS
:61:1209260927D285,NTRF481675//FAAS227100014000
:86:210PAYMENT BY ELECTRONIC MEDIA /FAG:ITALCAMBIO C.A/FAG:AV URDANET
A EDF CAMORUCO PB/FAG:ELARIA 1010/FBB:USD285,/FUK:1,/FGK:USD28,29
 VWZ:REMESA FAMILIAR ORDENANTE: E81297625 DIOGER PONCE POSLIGUA/F
CC:PR/FBA:FABIANA KATHERINE CEVALLOS/FBA:BARRIO EL PORVENIR NUM 2
 PA/FBA:RAQUI
:61:1209260927D285,NTRF482370//FAAS227100016700
:86:210PAYMENT BY ELECTRONIC MEDIA /FAG:ITALCAMBIO C.A/FAG:AV URDANET
A EDF CAMORUCO PB/FAG:ELARIA 1010/FBB:USD285,/FUK:1,/FGK:USD15,43
 VWZ:REMESA FAMILIAR ORDENANTE: V4594275 LUCY NUNEZ BURGOS/FCC:PR
 FBA:NICOLAS ERNESTO RODRIGUEZ N/FBA:195 BINNEY ST APT 4510 CAMB/
FBA:02142
:61:1209260927D285,NTRF482348//FAAS227100016200
:86:210PAYMENT BY ELECTRONIC MEDIA /FAG:ITALCAMBIO C.A/FAG:AV URDANET
A EDF CAMORUCO PB/FAG:ELARIA 1010/FBB:USD285,/FUK:1,/FGK:USD15,43
 VWZ:REMESA FAMILIAR ORDENANTE: V13270503 DILIANA DE ANDREAGIOVAN
NI OLIVEIRI/FCC:PR/FBA:IGINIO DANDREAGIOVANNI/FBA:VIA CADUTI DI M
ONTESILVANO/FBA:ILVANO PE
:61:1209260927D285,NTRF481649//FAAS227100014200
:86:210PAYMENT BY ELECTRONIC MEDIA /FAG:ITALCAMBIO C.A/FAG:AV URDANET
A EDF CAMORUCO PB/FAG:ELARIA 1010/FBB:USD285,/FUK:1,/FGK:USD15,43
 VWZ:REMESA FAMILIAR ORDENANTE: E927742 ANNEMARI STEFFENSEN DE CO
MERMA/FCC:PR/FBA:ANNY COMERMA LIMA/FBA:HOVSETERVEIEN 56 B/FBA:OSL
O NORUEGA
:62M:C120927USD1530083,37
-}{5:{CHK:E22C2B855717}}${1:F01IBIIPRSJAXXX0274120297}{2:O9402223120927COBADEFFDXXX28394125161209271623N}{3:{108:00U75UBERBDDZGWA}}{4:
:20:00U75UBERBDDZGWA
:25:50040000/400872570700USD
:28C:117/24
:60M:C120927USD1538348,37
:61:1209260927D285,NTRF482564//FAAS227100025700
:86:210PAYMENT BY ELECTRONIC MEDIA /FAG:ITALCAMBIO C.A/FAG:AV URDANET
A EDF CAMORUCO PB/FAG:ELARIA 1010/FBB:USD285,/FUK:1,/FGK:USD28,29
 VWZ:REMESA FAMILIAR ORDENANTE: V12069380 RAFAEL CORREDOR OSORIO/
FCC:PR/FBA:DIANA CORREDOR TORRES/FBA:CALLE DAVID PASTRANA JAIMES/
FBA:CONSTITUCION DE
:61:1209260927D285,NTRF482380//FAAS227100020200
:86:210PAYMENT BY ELECTRONIC MEDIA /FAG:ITALCAMBIO C.A/FAG:AV URDANET
A EDF CAMORUCO PB/FAG:ELARIA 1010/FBB:USD285,/FUK:1,/FGK:USD15,43
 VWZ:REMESA FAMILIAR ORDENANTE: V5688580 DAVID PARRA CUADRADO/FCC
 PR/FBA:ALFREDO DAVID PARRA/FBA:6225 KENDALE LAKES CIRCLE D/FBA:I
 FL 33183
:61:1209260927D285,NTRF482568//FAAS227100026300
:86:210PAYMENT BY ELECTRONIC MEDIA /FAG:ITALCAMBIO C.A/FAG:AV URDANET
A EDF CAMORUCO PB/FAG:ELARIA 1010/FBB:USD285,/FUK:1,/FGK:USD15,43
 VWZ:REMESA FAMILIAR ORDENANTE: V3600237 ORLANDO PALERMO LARA/FCC
 PR/FBA:LETIZIA DEL NEGRO PALERMO/FBA:VIA GIACOMO MATTEOTTI37B TO
 FBA:ROV DE UDINE
:61:1209260927D285,NTRF482590//FAAS227100031100
:86:210PAYMENT BY ELECTRONIC MEDIA /FAG:ITALCAMBIO C.A/FAG:AV URDANET
A EDF CAMORUCO PB/FAG:ELARIA 1010/FBB:USD285,/FUK:1,/FGK:USD15,43
 VWZ:REMESA FAMILIAR ORDENANTE: V14216894 CRISTINA VACA GOMEZ/FCC
 PR/FBA:MIRIAM GOMEZ DE VACA/FBA:220 ROYAL CREST VIEW NW CAL/FBA:
ERTA
:61:1209260927D285,NTRF482366//FAAS227100645600
:86:210PAYMENT BY ELECTRONIC MEDIA /FAG:ITALCAMBIO C.A/FAG:AV URDANET
A EDF CAMORUCO PB/FAG:ELARIA 1010/FBB:USD285,/FUK:1,/FGK:USD15,43
 VWZ:REMESA FAMILIAR ORDENANTE: V1891871 MARY KATTAR DE REYES/FCC
 PR/FBA:LUIS GERARDO BASCONES REYES/FBA:31 EVERGREEN ROAD SUDBURY
 M/FBA:SUDBURY ESTADOS UNIDOS
:62M:C120927USD1536923,37
-}{5:{CHK:74BEA0A88A5B}}${1:F01IBIIPRSJAXXX0274120296}{2:O9402223120927COBADEFFDXXX28394125121209271623N}{3:{108:00U75UBERBDDZGWA}}{4:
:20:00U75UBERBDDZGWA
:25:50040000/400872570700USD
:28C:117/19
:60M:C120927USD1542860,45
:61:1209260927D28,29NCOM482352//FAAS227101224400
:86:808CHARGES CHARGES RE:FOREIGN PAYMENT OUR REF: FAAS2271012244 00 
YOUR REF: 482352 10058000 ITALCAMBIO C.A CARACAS VENEZUELA
:61:1209260927D28,29NCOM482683//FAAS227101067700
:86:808CHARGES CHARGES RE:FOREIGN PAYMENT OUR REF: FAAS2271010677 00 
YOUR REF: 482683 10058000 ITALCAMBIO C.A CARACAS VENEZUELA
:61:1209260927D28,29NCOM482354//FAAS227100881000
:86:808CHARGES CHARGES RE:FOREIGN PAYMENT OUR REF: FAAS2271008810 00 
YOUR REF: 482354 10058000 ITALCAMBIO C.A CARACAS VENEZUELA
:61:1209260927D28,29NCOM482845//FAAS227100807800
:86:808CHARGES CHARGES RE:FOREIGN PAYMENT OUR REF: FAAS2271008078 00 
YOUR REF: 482845 10858000 FORTIGOLD, S. A. MONTEVIDEO URUGUAY
:61:1209260927D28,29NCOM481803//FAAS227100788800
:86:808CHARGES CHARGES RE:FOREIGN PAYMENT OUR REF: FAAS2271007888 00 
YOUR REF: 481803 10058000 MUNDITUR CASA DE CAMBIOS C. MARACAY VEN
EZUELA
:61:1209260927D28,29NCOM481759//FAAS227100653700
:86:808CHARGES CHARGES RE:FOREIGN PAYMENT OUR REF: FAAS2271006537 00 
YOUR REF: 481759 10058000 ITALCAMBIO C.A CARACAS VENEZUELA
:61:1209260927D28,29NCOM482657//FAAS227100241900
:86:808CHARGES CHARGES RE:FOREIGN PAYMENT OUR REF: FAAS2271002419 00 
YOUR REF: 482657 10058000 ITALCAMBIO C.A CARACAS VENEZUELA
:61:1209260927D28,29NCOM482386//FAAS227100195300
:86:808CHARGES CHARGES RE:FOREIGN PAYMENT OUR REF: FAAS2271001953 00 
YOUR REF: 482386 10058000 ITALCAMBIO C.A CARACAS VENEZUELA
:61:1209260927D28,29NCOM482384//FAAS227100195500
:86:808CHARGES CHARGES RE:FOREIGN PAYMENT OUR REF: FAAS2271001955 00 
YOUR REF: 482384 10058000 ITALCAMBIO C.A CARACAS VENEZUELA
:62M:C120927USD1542605,84
-}{5:{CHK:796C8E29B0F8}}${1:F01IBIIPRSJAXXX0274120295}{2:O9402223120927COBADEFFDXXX28394125081209271623N}{3:{108:00U75UBERBDDZGWA}}{4:
:20:00U75UBERBDDZGWA
:25:50040000/400872570700USD
:28C:117/14
:60M:C120927USD1543718,74
:61:1209260927D15,43NCOM481753//FAAS227100229100
:86:808CHARGES CHARGES RE:FOREIGN PAYMENT OUR REF: FAAS2271002291 00 
YOUR REF: 481753 10058000 ITALCAMBIO C.A CARACAS VENEZUELA
:61:1209260927D15,43NCOM481735//FAAS227100642700
:86:808CHARGES CHARGES RE:FOREIGN PAYMENT OUR REF: FAAS2271006427 00 
YOUR REF: 481735 10058000 ITALCAMBIO C.A CARACAS VENEZUELA
:61:1209260927D15,43NCOM481731//FAAS227100642500
:86:808CHARGES CHARGES RE:FOREIGN PAYMENT OUR REF: FAAS2271006425 00 
YOUR REF: 481731 10058000 ITALCAMBIO C.A CARACAS VENEZUELA
:61:1209260927D15,43NCOM481669//FAAS227100645000
:86:808CHARGES CHARGES RE:FOREIGN PAYMENT OUR REF: FAAS2271006450 00 
YOUR REF: 481669 10058000 ITALCAMBIO C.A CARACAS VENEZUELA
:61:1209260927D15,43NCOM481751//FAAS227100645500
:86:808CHARGES CHARGES RE:FOREIGN PAYMENT OUR REF: FAAS2271006455 00 
YOUR REF: 481751 10058000 ITALCAMBIO C.A CARACAS VENEZUELA
:61:1209260927D15,43NCOM481749//FAAS227100645100
:86:808CHARGES CHARGES RE:FOREIGN PAYMENT OUR REF: FAAS2271006451 00 
YOUR REF: 481749 10058000 ITALCAMBIO C.A CARACAS VENEZUELA
:61:1209260927D15,43NCOM482392//FAAS227100645300
:86:808CHARGES CHARGES RE:FOREIGN PAYMENT OUR REF: FAAS2271006453 00 
YOUR REF: 482392 10058000 ITALCAMBIO C.A CARACAS VENEZUELA
:61:1209260927D15,43NCOM482548//FAAS227100646600
:86:808CHARGES CHARGES RE:FOREIGN PAYMENT OUR REF: FAAS2271006466 00 
YOUR REF: 482548 10058000 ITALCAMBIO C.A CARACAS VENEZUELA
:61:1209260927D15,43NCOM482604//FAAS227100647400
:86:808CHARGES CHARGES RE:FOREIGN PAYMENT OUR REF: FAAS2271006474 00 
YOUR REF: 482604 10058000 ITALCAMBIO C.A CARACAS VENEZUELA
:62M:C120927USD1543579,87
-}{5:{CHK:10E84EA54B83}}${1:F01IBIIPRSJAXXX0274120294}{2:O9402223120927COBADEFFDXXX28394125051209271623N}{3:{108:00U75UBERBDDZGWA}}{4:
:20:00U75UBERBDDZGWA
:25:50040000/400872570700USD
:28C:117/9
:60M:C120927USD1544413,09
:61:1209260927D15,43NCOM481707//FAAS227100019100
:86:808CHARGES CHARGES RE:FOREIGN PAYMENT OUR REF: FAAS2271000191 00 
YOUR REF: 481707 10058000 ITALCAMBIO C.A CARACAS VENEZUELA
:61:1209260927D15,43NCOM482516//FAAS227100017600
:86:808CHARGES CHARGES RE:FOREIGN PAYMENT OUR REF: FAAS2271000176 00 
YOUR REF: 482516 10058000 ITALCAMBIO C.A CARACAS VENEZUELA
:61:1209260927D15,43NCOM481705//FAAS227100020700
:86:808CHARGES CHARGES RE:FOREIGN PAYMENT OUR REF: FAAS2271000207 00 
YOUR REF: 481705 10058000 ITALCAMBIO C.A CARACAS VENEZUELA
:61:1209260927D15,43NCOM482512//FAAS227100019300
:86:808CHARGES CHARGES RE:FOREIGN PAYMENT OUR REF: FAAS2271000193 00 
YOUR REF: 482512 10058000 ITALCAMBIO C.A CARACAS VENEZUELA
:61:1209260927D15,43NCOM482518//FAAS227100020600
:86:808CHARGES CHARGES RE:FOREIGN PAYMENT OUR REF: FAAS2271000206 00 
YOUR REF: 482518 10058000 ITALCAMBIO C.A CARACAS VENEZUELA
:61:1209260927D15,43NCOM482534//FAAS227100019500
:86:808CHARGES CHARGES RE:FOREIGN PAYMENT OUR REF: FAAS2271000195 00 
YOUR REF: 482534 10058000 ITALCAMBIO C.A CARACAS VENEZUELA
:61:1209260927D15,43NCOM481725//FAAS227100023400
:86:808CHARGES CHARGES RE:FOREIGN PAYMENT OUR REF: FAAS2271000234 00 
YOUR REF: 481725 10058000 ITALCAMBIO C.A CARACAS VENEZUELA
:61:1209260927D15,43NCOM482536//FAAS227100022500
:86:808CHARGES CHARGES RE:FOREIGN PAYMENT OUR REF: FAAS2271000225 00 
YOUR REF: 482536 10058000 ITALCAMBIO C.A CARACAS VENEZUELA
:61:1209260927D15,43NCOM482544//FAAS227100023900
:86:808CHARGES CHARGES RE:FOREIGN PAYMENT OUR REF: FAAS2271000239 00 
YOUR REF: 482544 10058000 ITALCAMBIO C.A CARACAS VENEZUELA
:62M:C120927USD1544274,22
-}{5:{CHK:00E9E8D75084}}${1:F01IBIIPRSJAXXX0274120293}{2:O9402223120927COBADEFFDXXX28394125021209271623N}{3:{108:00U75UBERBDDZGWA}}{4:
:20:00U75UBERBDDZGWA
:25:50040000/400872570700USD
:28C:117/4
:60M:C120927USD1545107,44
:61:1209260927D15,43NCOM482510//FAAS227100034200
:86:808CHARGES CHARGES RE:FOREIGN PAYMENT OUR REF: FAAS2271000342 00 
YOUR REF: 482510 10058000 MUNDITUR CASA DE CAMBIOS C. MARACAY VEN
EZUELA
:61:1209260927D15,43NCOM482698//FAAS227100031800
:86:808CHARGES CHARGES RE:FOREIGN PAYMENT OUR REF: FAAS2271000318 00 
YOUR REF: 482698 10058000 ITALCAMBIO C.A CARACAS VENEZUELA
:61:1209260927D15,43NCOM482566//FAAS227100027900
:86:808CHARGES CHARGES RE:FOREIGN PAYMENT OUR REF: FAAS2271000279 00 
YOUR REF: 482566 10058000 ITALCAMBIO C.A CARACAS VENEZUELA
:61:1209260927D15,43NCOM482380//FAAS227100020200
:86:808CHARGES CHARGES RE:FOREIGN PAYMENT OUR REF: FAAS2271000202 00 
YOUR REF: 482380 10058000 ITALCAMBIO C.A CARACAS VENEZUELA
:61:1209260927D15,43NCOM482590//FAAS227100031100
:86:808CHARGES CHARGES RE:FOREIGN PAYMENT OUR REF: FAAS2271000311 00 
YOUR REF: 482590 10058000 ITALCAMBIO C.A CARACAS VENEZUELA
:61:1209260927D15,43NCOM482568//FAAS227100026300
:86:808CHARGES CHARGES RE:FOREIGN PAYMENT OUR REF: FAAS2271000263 00 
YOUR REF: 482568 10058000 ITALCAMBIO C.A CARACAS VENEZUELA
:61:1209260927D15,43NCOM482594//FAAS227100031500
:86:808CHARGES CHARGES RE:FOREIGN PAYMENT OUR REF: FAAS2271000315 00 
YOUR REF: 482594 10058000 ITALCAMBIO C.A CARACAS VENEZUELA
:61:1209260927D15,43NCOM482360//FAAS227100146100
:86:808CHARGES CHARGES RE:FOREIGN PAYMENT OUR REF: FAAS2271001461 00 
YOUR REF: 482360 10058000 ITALCAMBIO C.A CARACAS VENEZUELA
:61:1209260927D15,43NCOM482592//FAAS227100037800
:86:808CHARGES CHARGES RE:FOREIGN PAYMENT OUR REF: FAAS2271000378 00 
YOUR REF: 482592 10058000 ITALCAMBIO C.A CARACAS VENEZUELA
:62M:C120927USD1544968,57
-}{5:{CHK:47D9B5F97FC7}}
