{1:F21BODEVE2MAXXX5460781018}{4:{177:1406180701}{451:0}}{1:F01BODEVE2MAXXX5460781018}{2:O9500216140618BKTRUS33CXXX42551291751406180658N}{3:{108:ST04439985172024}}{4:
:20:ST04439985172024
:25:04439985
:28C:00116/00001
:60F:C140617USD1640896,84
:61:140617C611,00NTRFPA14061700-16105//C707399BBK061714
BOD VALORES CASA DE BOLSA, CA
:61:140617C620,00NTRFPA14061700-16096//C707321BBK061714
BOD VALORES CASA DE BOLSA, CA
:61:140617C699,00NTRFPA14061700-16100//C707327BBK061714
BOD VALORES CASA DE BOLSA, CA
:61:140617C733,00NTRFPA14061700-16092//C707313BBK061714
BOD VALORES CASA DE BOLSA, CA
:61:140617C734,00NTRFPA14061700-16095//C707317BBK061714
BOD VALORES CASA DE BOLSA, CA
:61:140617C734,00NTRFPA14061700-16104//C707332BBK061714
BOD VALORES CASA DE BOLSA, CA
:61:140617C751,00NTRFPA14061700-16107//C713488BBK061714
BOD VALORES CASA DE BOLSA, CA
:61:140617C786,00NTRFPA14061700-16103//C707329BBK061714
BOD VALORES CASA DE BOLSA, CA
:61:140617C804,00NTRFPA14061700-16106//C707403BBK061714
BOD VALORES CASA DE BOLSA, CA
:61:140617C874,00NTRFPA14061700-16098//C707389BBK061714
BOD VALORES CASA DE BOLSA, CA
:61:140617C1475,00NTRFZD81168E15814765//S125537ICP061714
ORG UBSWCHZH80A OGB  ORG 1/WORLD H
:61:140617C1520,00NTRFPA14061700-16101//C707328BBK061714
BOD VALORES CASA DE BOLSA, CA
:61:140617C1572,00NTRFPA14061700-16093//C707384BBK061714
BOD VALORES CASA DE BOLSA, CA
:61:140617C1941,50NVDA19231962SICAD//C661510BBK061714
BANK OF CHINA
:62M:C140617USD1654751,34
-}{5:{CHK:9A6631120720}{DLM:}}{S:{COP:P}}${1:F21BODEVE2MAXXX5460781019}{4:{177:1406180701}{451:0}}{1:F01BODEVE2MAXXX5460781019}{2:O9500216140618BKTRUS33CXXX42551291761406180658N}{3:{108:ST04439985172027}}{4:
:20:ST04439985172027
:25:04439985
:28C:00116/00004
:60M:C140617USD9187785,65
:61:140617D166,66NTRFC17878771JUN//C741929OFD061714
BNF CESAR ALEXANDER MARTINEZ TORRE
:61:140617D166,66NTRFC17886728JUN1//C737851BBK061714
MARIA MANUELA NOGUEIRA CAVACO
:61:140617D166,66NTRFC17886728JUN2//C737849BBK061714
JORGE LUIS VILLALOBOS PERNALETTE
:61:140617D166,66NTRFC17886728JUN3//C737798BBK061714
SEBASTIAN ANDRES VILLALOBOS REY
:61:140617D166,66NTRFC17888128JUN//C738008BBK061714
GREPSI MARGARITA SOLARTE PINEDA
:61:140617D166,66NTRFC17899959JUN//C738014OFD061714
BNF JOSE RAFAEL OBERTO OLIVARES 12
:61:140617D166,66NTRFC17902785JUN1//C737888BBK061714
WILFREDO RAFAEL PERENTENA SANCHEZ
:61:140617D166,66NTRFC17902785JUN2//C737891BBK061714
WILFREDO RAFAEL PERENTENA SANCHEZ
:61:140617D166,66NTRFC17906964JUN1//S388170OCP061714
LINAIRE DEL VALLE KOOIMAN ACOSTA
:61:140617D166,66NTRFC17906964JUN2//S388230OCP061714
JOHALYN DE LOS ANGELES  KOOIMAN
:61:140617D166,66NTRFC17906964JUN3//S388220OCP061714
LINAIRE DEL VALLE KOOIMAN ACOSTA
:61:140617D166,66NTRFC17910263JUN//C741937RBK061714
DANIEL EDUARDO GONZALEZ ALMARZA
:61:140617D166,66NTRFC17915177JUN1//S393730OCP061714
ARAB BANK PLC
:61:140617D166,66NTRFC17915177JUN2//S393681OCP061714
ARAB BANK PLC
:62M:C140617USD9185452,41
-}{5:{CHK:24EC8F1F3591}{DLM:}}{S:{COP:P}}${1:F21BODEVE2MAXXX5460781020}{4:{177:1406180701}{451:0}}{1:F01BODEVE2MAXXX5460781020}{2:O9500216140618BKTRUS33CXXX42551291771406180658N}{3:{108:ST04439985172028}}{4:
:20:ST04439985172028
:25:04439985
:28C:00116/00005
:60M:C140617USD9185452,41
:61:140617D166,66NTRFC17915177JUN3//S393723OCP061714
ARAB BANK PLC
:61:140617D166,66NTRFC17926269JUN1//C737872RBK061714
ZAHI EL SOUKI DE  SOUKI
:61:140617D166,66NTRFC17926269JUN3//C737890RBK061714
ADRIANA SOUKI EL JURDI
:61:140617D166,66NTRFC17926269MAY2//C737873RBK061714
MAY EL JURDI DE SOUKI
:61:140617D166,66NTRFC17928129JUN//S388440OCP061714
JOMANNE JESHUA BASTIDAS OVIEDO
:61:140617D166,66NTRFC17949878JUN1//C737892BBK061714
JOHN MICHAEL MARTI MATHEUS
:61:140617D166,66NTRFC17949878JUN2//C737968BBK061714
JOHN MICHAEL MARTI MATHEUS
:61:140617D166,66NTRFC17949878JUN3//C737885BBK061714
JOHN MICHAEL MARTI MATHEUS
:61:140617D166,66NTRFC17950270JUN1//S388351OCP061714
PATRICIA FANFANI
:61:140617D166,66NTRFC17950270JUN2//S388343OCP061714
OSCAR IVAN BERMUDEZ
:61:140617D166,66NTRFC17950270JUN3//S388346OCP061714
PATRICIA FANFANI
:61:140617D166,66NTRFC17954239JUNI2//S393720OCP061714
BANQUE LIBANO FRANCAISE,BEIRUT
:61:140617D166,66NTRFC17954239JUN1//S393735OCP061714
BANQUE LIBANO FRANCAISE,BEIRUT
:61:140617D166,66NTRFC17954239JUN3//S393761OCP061714
BANQUE LIBANO FRANCAISE,BEIRUT
:61:140617D166,66NTRFC17984085JUN1//S388426OCP061714
HSBC BANK PLC LONDON
:62M:C140617USD9182952,51
-}{5:{CHK:F8E670BE78EC}{DLM:}}{S:{COP:P}}${1:F21BODEVE2MAXXX5460781021}{4:{177:1406180701}{451:0}}{1:F01BODEVE2MAXXX5460781021}{2:O9500216140618BKTRUS33CXXX42551291781406180658N}{3:{108:ST04439985172031}}{4:
:20:ST04439985172031
:25:04439985
:28C:00116/00008
:60M:C140617USD9177786,05
:61:140617D166,66NTRFC18051616JUN3//S393882OCP061714
HSBC BANK PLC LONDON
:61:140617D166,66NTRFC18057454JUN1//S393825OCP061714
HSBC BANK PLC LONDON
:61:140617D166,66NTRFC18057454JUN2//S393824OCP061714
HSBC BANK PLC LONDON
:61:140617D166,66NTRFC18057454JUN3//S393849OCP061714
HSBC BANK PLC LONDON
:61:140617D166,66NTRFC18066018JUN1//C737900RBK061714
ANTONIO GABRIELLI
:61:140617D166,66NTRFC18066018JUN2//C737901RBK061714
ANTONIO GABRIELLI
:61:140617D166,66NTRFC18066018JUN3//C737904RBK061714
ANTONIO GABRIELLI
:61:140617D166,66NTRFC18076798JUN//S394084OCP061714
BANK OF AMERICA N.A.
:61:140617D166,66NTRFC18083515JUN1//C737906RBK061714
CAPONI CAROLINA
:61:140617D166,66NTRFC18083515JUN2//C737907RBK061714
CAPONI CAROLINA
:61:140617D166,66NTRFC18083515JUN3//C737908RBK061714
CAPONI CAROLINA
:61:140617D166,66NTRFC18085598JUN1//C737862RBK061714
LUIGI GABRIELLI
:61:140617D166,66NTRFC18085598JUN2//C737860RBK061714
LUIGI GABRIELLI
:61:140617D166,66NTRFC18085598JUN3//C737857RBK061714
LUIGI GABRIELLI
:61:140617D954,58NTRFC15443449//C740857OFD061714
BNF GB46BNPA23463574362010 GE HEAL
:61:140617D2280,35NTRFC15692202//C740796OFD061714
BNF GB46BNPA23463574362010 GE HEAL
:62M:C140617USD9172217,88
-}{5:{CHK:ED6490FDDB6B}{DLM:}}{S:{COP:P}}${1:F21BODEVE2MAXXX5460781022}{4:{177:1406180701}{451:0}}{1:F01BODEVE2MAXXX5460781022}{2:O9500216140618BKTRUS33CXXX42551291791406180658N}{3:{108:ST04439985172032}}{4:
:20:ST04439985172032
:25:04439985
:28C:00116/00009
:60M:C140617USD9172217,88
:61:140617D3000,00S202TRASPASO140617 3//S373770OCP061714
BANCO PROVINCIAL S.A.BCO UNIVERSAL
:61:140617D3000,00S202TRASPASO140617 4//C734616BBK061714
MERCANTIL VALORES AGENTE DE
:61:140611D3000,00NTRF19660316SICAD//S396011OCP061714
CARLOS A LOPEZ RESTREPO
:61:140617D3143,34NTRFC15448123//C740849OFD061714
BNF GB46BNPA23463574362010 GE HEAL
:61:140617D3179,12NTRFC15444633//C740859OFD061714
BNF GB46BNPA23463574362010 GE HEAL
:61:140617D3290,61NTRFC17330906//C740798OFD061714
BNF CH8608667005500201204 ARCHIBAL
:61:140617D3869,11NTRFC15692063//C740845OFD061714
BNF GB46BNPA23463574362010 GE HEAL
:61:140617D3869,11NTRFC15692123//C740797OFD061714
BNF GB46BNPA23463574362010 GE HEAL
:61:140617D3869,11NTRFC15692145//C740799OFD061714
BNF GB46BNPA23463574362010 GE HEAL
:61:140617D3900,00NTRFC17931259//C740858OFD061714
BNF MAX LUIS DANIEL PIZARRO HERNAN
:61:140617D3900,00NTRFC17991964//C740901OFD061714
BNF ROBERTO JOSE PEREZ ESPANA 8255
:61:140617D3909,11NTRFC15692091//C740850OFD061714
BNF GB46BNPA23463574362010 GE HEAL
:61:140617D4085,67NTRFC15691962//C740847OFD061714
BNF GB46BNPA23463574362010 GE HEAL
:61:140617D4325,00NTRFC17931259//C740862OFD061714
BNF BRIAR CLIFF UNIVERSITY 3303 RE
:62M:C140617USD9121877,70
-}{5:{CHK:8BD6FF3BF0B0}{DLM:}}{S:{COP:P}}${1:F21BODEVE2MAXXX5460781023}{4:{177:1406180701}{451:0}}{1:F01BODEVE2MAXXX5460781023}{2:O9500216140618BKTRUS33BXXX67430922491406180658N}{3:{108:ST04439985172029}}{4:
:20:ST04439985172029
:25:04439985
:28C:00116/00006
:60M:C140617USD9182952,51
:61:140617D166,66NTRFC17984085JUN2//S388425OCP061714
HSBC BANK PLC LONDON
:61:140617D166,66NTRFC17988936JUN1//C737980BBK061714
BBVA BANCOMER S.A.
:61:140617D166,66NTRFC17988936JUN2//C737981BBK061714
BBVA BANCOMER S.A.
:61:140617D166,66NTRFC17998324JUN1//S393999OCP061714
CAJA RURAL INTERMEDITERRANEA SCC
:61:140617D166,66NTRFC17998324JUN2//C741923OFD061714
BNF 30580149862810020704 JULIO AUR
:61:140617D166,66NTRFC17998389JUN//C738012RBK061714
ANA CAROLINA DIEZ RISSON
:61:140617D166,66NTRFC17998736JUN//C738010RBK061714
GIANCARLO LUCCHESE HIDALGO
:61:140617D166,66NTRFC18001915JUN1//S388396OCP061714
MARIA KARINA RAMOS VILLALOBOS
:61:140617D166,66NTRFC18001915JUN2//S388419OCP061714
MARIA KARINA RAMOS VILLALOBOS
:61:140617D166,66NTRFC18006933JUN1//S393742OCP061714
CREDIT LIBANAIS SAL
:61:140617D166,66NTRFC18006933JUN2//S393749OCP061714
CREDIT LIBANAIS SAL
:61:140617D166,66NTRFC18006933JUN3//S393737OCP061714
CREDIT LIBANAIS SAL
:61:140617D166,66NTRFC18008496JUN1//S388397OCP061714
BANK OF AMERICA N.A.
:61:140617D166,66NTRFC18008496JUN2//S388399OCP061714
BANK OF AMERICA N.A.
:61:140617D166,66NTRFC18008496JUN3//S388390OCP061714
BANK OF AMERICA N.A.
:62M:C140617USD9180452,61
-}{5:{CHK:DA7B00235396}{DLM:}}{S:{COP:P}}${1:F21BODEVE2MAXXX5460781024}{4:{177:1406180701}{451:0}}{1:F01BODEVE2MAXXX5460781024}{2:O9500216140618BKTRUS33BXXX67430922501406180658N}{3:{108:ST04439985172030}}{4:
:20:ST04439985172030
:25:04439985
:28C:00116/00007
:60M:C140617USD9180452,61
:61:140617D166,66NTRFC18014674JUN1//S388237OCP061714
HSBC BANK OMAN S A O G
:61:140617D166,66NTRFC18014674JUN2//S388219OCP061714
HSBC BANK OMAN S A O G
:61:140617D166,66NTRFC18014674JUN3//S388231OCP061714
HSBC BANK OMAN S A O G
:61:140617D166,66NTRFC18015631JUN1//C737979RBK061714
GIANCARLO PIUNTI
:61:140617D166,66NTRFC18015631JUN2//C737898RBK061714
GIANCARLO PIUNTI
:61:140617D166,66NTRFC18027231JUN1//S393870OCP061714
HSBC BANK PLC LONDON
:61:140617D166,66NTRFC18027231JUN2//S393868OCP061714
HSBC BANK PLC LONDON
:61:140617D166,66NTRFC18027231JUN3//S393857OCP061714
HSBC BANK PLC LONDON
:61:140617D166,66NTRFC18036192JUN1//C741823BBK061714
ANA RITA GABRIELLI
:61:140617D166,66NTRFC18036192JUN2//C741829BBK061714
ANA RITA GABRIELLI
:61:140617D166,66NTRFC18036192JUN3//C741834BBK061714
ANA RITA GABRIELLI
:61:140617D166,66NTRFC18036773JUN1//C737935BBK061714
ROSANNA GABRIELLI
:61:140617D166,66NTRFC18036773JUN2//C737957BBK061714
ROSANNA GABRIELLI
:61:140617D166,66NTRFC18036773JUN3//C737958BBK061714
ROSANNA GABRIELLI
:61:140617D166,66NTRFC18051616JUN1//S393856OCP061714
HSBC BANK PLC LONDON
:61:140617D166,66NTRFC18051616JUN2//S393888OCP061714
HSBC BANK PLC LONDON
:62M:C140617USD9177786,05
-}{5:{CHK:982B7EE907AD}{DLM:}}{S:{COP:P}}${1:F21BODEVE2MAXXX5460781025}{4:{177:1406180701}{451:0}}{1:F01BODEVE2MAXXX5460781025}{2:O9500216140618BKTRUS33BXXX67430922511406180658N}{3:{108:ST04439985172033}}{4:
:20:ST04439985172033
:25:04439985
:28C:00116/00010
:60M:C140617USD9121877,70
:61:140617D4392,78NTRFC15688735//C740846OFD061714
BNF GB46BNPA23463574362010 GE HEAL
:61:140617D4392,78NTRFC15692030//C740853OFD061714
BNF GB46BNPA23463574362010 GE HEAL
:61:140617D4402,92NTRFC15691996//C740860OFD061714
BNF GB46BNPA23463574362010 GE HEAL
:61:140617D5156,67NTRFC17714445//C740906OFD061714
BNF JOANA URDANETA 7174 SW 5TH ROA
:61:140617D5200,00NTRFC17804089//C740900OFD061714
BNF CARMEN SOFIA PEREZ ESPANA 8255
:61:140617D6000,00S202TRASPASO140617 1//S373768OCP061714
BANESCO BANCO UNIVERSAL C.A.
:61:140617D6000,00S202TRASPASO140617 2//S373767OCP061714
BANCO MERCANTIL  C.A.
:61:140617D6482,00NTRFC18009755//C740908OFD061714
BNF CH5304835095808932012 EF EDUCA
:61:140617D6500,00NTRFC17634650//C740866OFD061714
BNF CARLOS AUGUSTO PIGOTTI RODRIGU
:61:140617D6532,88NTRFC15443386//C740856OFD061714
BNF GB46BNPA23463574362010 GE HEAL
:61:140617D7150,00NTRFC17989908//C740905OFD061714
BNF CLAUDIA ANDREA PALMAR ORTEGA 9
:61:140617D7800,00NTRFC17976002//C740907OFD061714
BNF 898045646398 HENRY JOSE GARCIA
:61:140617D10440,00NTRFC17989908//C740861BBK061714
ASPECT EDUCATIONAL SERVICES LIMITE
:61:140617D10588,47NTRFC15692371//C740848OFD061714
BNF GB46BNPA23463574362010 GE HEAL
:62M:C140617USD9030839,20
-}{5:{CHK:0FE0FB207C53}{DLM:}}{S:{COP:P}}${1:F21BODEVE2MAXXX5460781026}{4:{177:1406180701}{451:0}}{1:F01BODEVE2MAXXX5460781026}{2:O9500216140618BKTRUS33BXXX67430922521406180658N}{3:{108:ST04439985172034}}{4:
:20:ST04439985172034
:25:04439985
:28C:00116/00011
:60M:C140617USD9030839,20
:61:140617D23098,90NTRFC17330577//C740842OFD061714
BNF CH8608667005500201204 ARCHIBAL
:61:140617D282461,00NTRFC14813467//C740795OFD061714
BNF 005506988197 AGRO EXPORT INC 1
:61:140617D417048,60NTRFC16359895//C740852OFD061714
BNF 2000002832740 BIOTECH CORPORAT
:61:140617D512280,17NTRFC15688598//C740851OFD061714
BNF 2000002832740 BIOTECH CORPORAT
:61:140617D576952,20NTRFC16657700//C740794OFD061714
BNF 110328073 LEGUMEX WALKER CANDA
:61:140617D795142,85NTRFC16359769//C740844OFD061714
BNF 2000002832740 BIOTECH CORPORAT
:61:140617D2086906,26S202LIDCO116140616//S321809OCP061714
BANCO OCCIDENTAL DE DESCUENTO
:61:140617D4100000,00S202TRASPASO140617//S373524OCP061714
BANCO OCCIDENTAL DE DESCUENTO
:62F:C140617USD236949,22
:64:C140617USD236949,22
-}{5:{CHK:E3639F164B96}{DLM:}}{S:{COP:P}}${1:F21BODEVE2MAXXX5460781027}{4:{177:1406180701}{451:0}}{1:F01BODEVE2MAXXX5460781027}{2:O9500217140618BKTRUS33EXXX62121654451406180658N}{3:{108:ST04439985172025}}{4:
:20:ST04439985172025
:25:04439985
:28C:00116/00002
:60M:C140617USD1654751,34
:61:140617C2181,00NTRFPA14061700-16094//C707316BBK061714
BOD VALORES CASA DE BOLSA, CA
:61:140617C2937,50NVDA19316615SICAD//C661376BBK061714
BANK OF CHINA
:61:140617C2975,00NVDA19666918SICAD//C742668BBK061714
UBS AG STAMFORD BRANCH
:61:140617C4557,17NTRF6000116800616165//C734316BBK061714
IVAN DARIO UDIZ GOMEZ
:61:140617C39063,58NTRFFAAS416703185200//C590114BBK061714
MUNDO LOGAN ZONA LIBRE, C.A
:61:140617C40000,00NTRFNON REF//S392875ICP061714
ORG UNIOVECA OGB BANESCO BANCO UNI
:61:140617C44166,11NTRFFAAS416703403100//C590168BBK061714
CANNON PALACE, C.A.
:61:140617C50884,45NVDA19627173SICAD//C742077BBK061714
BANCARIBE CURACAO BANK N.V.
:61:140617C100000,00NTRFTT CPMX87588MNYN//S021540ICP061714
ORG SABBSARI SAUDI BRITISH BANK WO
:61:140617C122000,00NTRF03FH140613194204//C447625BBK061714
1/KOEPPERN GMBH + CO. KG
:61:140617C161099,34S2021086486//C707629BBK061714
BANCO CENTRAL DE VENEZULA
:61:140617C712923,00S202SICADII//C709130BBK061714
BANCO CENTRAL DE VENEZULA
:61:140617C1728595,13NTRFCASHTR0082//S119836ICP061714
ORG 050133 OGB CLEARSTREAM BANKING
:61:140617C1793387,94NTRFLEDCO116140613//S308296ICP061714
ORG BCVEVECA OGB BANCO CENTRAL DE
:62M:C140617USD6459521,56
-}{5:{CHK:4049ADB35471}{DLM:}}{S:{COP:P}}${1:F21BODEVE2MAXXX5460781028}{4:{177:1406180701}{451:0}}{1:F01BODEVE2MAXXX5460781028}{2:O9500217140618BKTRUS33EXXX62121654461406180658N}{3:{108:ST04439985172026}}{4:
:20:ST04439985172026
:25:04439985
:28C:00116/00003
:60M:C140617USD6459521,56
:61:140617C2730597,33S2021086485//C707593BBK061714
BANCO CENTRAL DE VENEZULA
:61:140617D166,66NTRFC17845568JUN//C738011RBK061714
ANA CAROLINA GONZALEZ G
:61:140617D166,66NTRFC17859391JUN1//C737897OFD061714
BNF GLORIANA MAGDALENA LISCANO JAT
:61:140617D166,66NTRFC17859391JUN2//C737899OFD061714
BNF GLORIANA MAGDALENA LISCANO JAT
:61:140617D166,66NTRFC17859887JUN1//C741846OFD061714
BNF IT59G0760113500001017193937 DO
:61:140617D166,66NTRFC17859887JUN2//C741887OFD061714
BNF IT59G0760113500001017193937 DO
:61:140617D166,66NTRFC17859887JUN3//C741913OFD061714
BNF IT59G0760113500001017193937 DO
:61:140617D166,66NTRFC17860077JUN1//C737905RBK061714
GIAN LUIGI GABRIELLI
:61:140617D166,66NTRFC17860077JUN2//C737902RBK061714
GIAN LUIGI GABRIELLI
:61:140617D166,66NTRFC17860077JUN3//C737903RBK061714
GIAN LUIGI GABRIELLI
:61:140617D166,66NTRFC17864961JUN1//C737869RBK061714
PAOLA PIERINI
:61:140617D166,66NTRFC17864961JUN2//C737959RBK061714
PAOLA PIERINI
:61:140617D166,66NTRFC17864961JUN3//C737960RBK061714
PAOLA PIERINI
:61:140617D166,66NTRFC17871121JUN//S394057OCP061714
CLAUDIA ELINA JACIBE MORALES AJJAM
:61:140617D166,66NTRFC17875569JUN//S388447OCP061714
UNICREDIT TIRIAC BANK SA
:62M:C140617USD9187785,65
-}{5:{CHK:645E3D589DBD}{DLM:}}{S:{COP:P}}