{1:F21BODEVE2MAXXX5461781200}{4:{177:1406190701}{451:0}}{1:F01BODEVE2MAXXX5461781200}{2:O9500215140619BKTRUS33CXXX42561371391406190658N}{3:{108:ST04439985181990}}{4:
:20:ST04439985181990
:25:04439985
:28C:00117/00004
:60M:C140618USD5086138,89
:61:140618D6762,37NTRFC14840711//C159043OFD061814
BNF GB46BNPA23463574362010 GE HEAL
:61:140618D6958,76NTRFC15548236//C159040OFD061814
BNF GB46BNPA23463574362010 GE HEAL
:61:140618D6962,75NTRFC17796371//C159053OFD061814
BNF WESTERN ILLINOIS UNIVERSITY 10
:61:140618D7063,33NTRFC17965304//C159109OFD061814
BNF VALENTINA GONZALEZ DAO CALLE I
:61:140618D7320,00NTRFC17965304//C159108OFD061814
BNF 4002366 INTERNATIONAL LANGUAGE
:61:140618D7583,33NTRFC17718506//C159055OFD061814
BNF ISAAC ALEJALDE MASSACHUSETTS I
:61:140618D8303,71NTRFC15548965//C158996OFD061814
BNF GB46BNPA23463574362010 GE HEAL
:61:140618D18669,09NTRFC17975055//C160387OFD061814
BNF AMILCAR CASTELLANO B 11361 SW
:61:140618D43293,45NTRFC17693228//C158990OFD061814
BNF 1596226877 NOREV EXPORT CORP 1
:61:140618D50542,57NTRFC17081250//C158992OFD061814
BNF 5482597903 AMERIJET INTERNATIO
:61:140618D80000,00NTRFTRANSF140618//C151426OFD061814
BNF THE ENIAC CORPORATION
:61:140618D113369,00NTRFC17080999//C158991OFD061814
BNF 5482597903 AMERIJET INTERNATIO
:61:140618D2828525,51S202LIDCO116140617//S354262OCP061814
BANCO OCCIDENTAL DE DESCUENTO
:62F:C140618USD1900785,02
:64:C140618USD1900785,02
-}{5:{CHK:261184561E5B}{DLM:}}{S:{COP:P}}${1:F21BODEVE2MAXXX5461781201}{4:{177:1406190701}{451:0}}{1:F01BODEVE2MAXXX5461781201}{2:O9500215140619BKTRUS33BXXX67441022071406190658N}{3:{108:ST04439985181987}}{4:
:20:ST04439985181987
:25:04439985
:28C:00117/00001
:60F:C140618USD236949,22
:61:140618C123,12NVDAC17936927MAY3//C138407BBK061814
CECABANK S A
:61:140618C975,00NVDA19667220SICAD//C776548BBK061814
STANDARD CHARTERED BANK LTD
:61:140617C1731,00NVDA19258488SICAD//C776131BBK061814
SUSPENSE ACCOUNT 122559
:61:140618C2925,00NVDA17008735SICAD//C781056BBK061814
WELLS FARGO BANK N.A.
:61:140617C4475,00NVDA19173539SICAD//C777255BBK061814
SUSPENSE ACCOUNT 122559
:61:140618C48353,71NVDA19261586SICAD//C157684BBK061814
BANK OF NOVA SCOTIA
:61:140618C50205,00NVDA19261586SICAD//C157716BBK061814
BANK OF NOVA SCOTIA
:61:140618C90000,00NTRFSTPA14061803093//C772895BBK061814
ANTON OILFIELD SERVICES (GROUP)
:61:140618C200000,00NTRFNYTT1247//S429662ICP061814
ORG KWHKUS33 OGB CHINA CITIC BANK
:61:140618C394994,00S202SICADII//C134695BBK061814
BANCO CENTRAL DE VENEZULA
:61:140618C762797,21S2021086722//C123113BBK061814
BANCO CENTRAL DE VENEZULA
:61:140618C1400092,85NTRFCASHTR0083//S128499ICP061814
ORG 050133 OGB CLEARSTREAM BANKING
:61:140618C1986183,50NTRFLEDCO116140616//S373913ICP061814
ORG BCVEVECA OGB BANCO CENTRAL DE
:61:140618D270,00NTRFC11185944NOV1//C161096OFD061814
BNF 81667581575 INES DE NEIRA NORT
:61:140618D283,96NTRFC15443929//C159039OFD061814
BNF GB46BNPA23463574362010 GE HEAL
:62M:C140618USD5179250,65
-}{5:{CHK:286EDF839079}{DLM:}}{S:{COP:P}}${1:F21BODEVE2MAXXX5461781202}{4:{177:1406190701}{451:0}}{1:F01BODEVE2MAXXX5461781202}{2:O9500215140619BKTRUS33BXXX67441022081406190658N}{3:{108:ST04439985181988}}{4:
:20:ST04439985181988
:25:04439985
:28C:00117/00002
:60M:C140618USD5179250,65
:61:140618D300,00NTRFC11185944DIC2//C161094OFD061814
BNF 066100662403 DIONISIO NEIRA NO
:61:140618D300,00NTRFC11185944NOV3//C161095OFD061814
BNF 066100662403 DIONISIO NEIRA NO
:61:140618D420,00NTRFC17925607//C159058OFD061814
BNF ALIDA COROMOTO MALPICA MALDONA
:61:140618D459,90NTRFC17925607//C159107OFD061814
BNF CC0006015010142123 ORDRE DES C
:61:140618D475,88NTRFC17965304//C159060OFD061814
BNF 0055514 TRAVEL HEALTHCARE INSU
:61:140618D1515,05NTRFC15446926//C159034OFD061814
BNF GB46BNPA23463574362010 GE HEAL
:61:140618D1527,57NTRFC18011093//C159101OFD061814
BNF ELSIE AVELARES 170 HILL PLACE
:61:140618D2600,00NTRFC17926188//C160270OFD061814
BNF 9135670030 VALENTINA MARIA ROD
:61:140618D3053,32NTRFC15005971//C159042OFD061814
BNF GB46BNPA23463574362010 GE HEAL
:61:140618D3114,57NTRFC17820842//C159103OFD061814
BNF 3205296868 PILAR MONTIEL DE RO
:61:140618D3143,34NTRFC15453204//C159035OFD061814
BNF GB46BNPA23463574362010 GE HEAL
:61:140618D3143,34NTRFC15608564//C158999OFD061814
BNF GB46BNPA23463574362010 GE HEAL
:61:140618D3163,33NTRFC17968892//C160244OFD061814
BNF 017210013981310 DAIAN CRISTINA
:61:140618D3163,33NTRFC18000466//C159059OFD061814
BNF DANA FABIOLA PINTO MONSERRATE
:62M:C140618USD5152871,02
-}{5:{CHK:7A73F31BBD28}{DLM:}}{S:{COP:P}}${1:F21BODEVE2MAXXX5461781203}{4:{177:1406190701}{451:0}}{1:F01BODEVE2MAXXX5461781203}{2:O9500215140619BKTRUS33BXXX67441022091406190658N}{3:{108:ST04439985181989}}{4:
:20:ST04439985181989
:25:04439985
:28C:00117/00003
:60M:C140618USD5152871,02
:61:140618D3441,01NTRFC15608516//C158997OFD061814
BNF GB46BNPA23463574362010 GE HEAL
:61:140618D3643,41NTRFC15455192//C159051OFD061814
BNF GB46BNPA23463574362010 GE HEAL
:61:140618D3718,68NTRFC15453778//C159036OFD061814
BNF GB46BNPA23463574362010 GE HEAL
:61:140618D4359,11NTRFC15692011//C158995OFD061814
BNF GB46BNPA23463574362010 GE HEAL
:61:140618D4500,00S202R24410(116)//C624172BBK061814
BANCO CENTRAL DE VENEZUELA- DIVISA
:61:140618D4517,83NTRFC15443163//C159041OFD061814
BNF GB46BNPA23463574362010 GE HEAL
:61:140618D4550,00NTRFC17963515//C159102OFD061814
BNF GERARDO LEAL 17006 KENBLE CREE
:61:140618D4979,00S202TRASPASO140618 2//S403097OCP061814
BANCO CONFEDERADO, S.A.
:61:140618D5000,00S202TRASPASO140618 1//C151425BBK061814
BANCO DEL CARIBE, C.A.
:61:140618D5070,00NTRFC17796371//C159054OFD061814
BNF 0000000094788 JOSE RAUL RIERA
:61:140618D5187,62NTRFC17968892//C159106OFD061814
BNF 000110011992471 UNIVERSIDAD CO
:61:140618D5480,63NTRFC15548429//C158994OFD061814
BNF GB46BNPA23463574362010 GE HEAL
:61:140618D5828,17NTRFC15548315//C158993OFD061814
BNF GB46BNPA23463574362010 GE HEAL
:61:140618D6456,67NTRFC18005411//C159100OFD061814
BNF 231709104 INES HUERTA MORAN MA
:62M:C140618USD5086138,89
-}{5:{CHK:057731272A99}{DLM:}}{S:{COP:P}}