{1:F21BODEVE2MAXXX5380767871}{4:{177:1402190819}{451:0}}{1:F01BODEVE2MAXXX5380767871}{2:O9500747140219ENBKUS3MAXXX84071164541402190817N}{4:
:20:2060596107
:25:2060596107
:28C:04797
:60F:C140218USD265,30
:62F:C140218USD265,30
:64:C140218USD265,30
-}{5:{CHK:8841B2274D8C}}{S:{COP:P}}${1:F21BODEVE2MAXXX5380767872}{4:{177:1402190819}{451:0}}{1:F01BODEVE2MAXXX5380767872}{2:O9500747140219ENBKUS3MAXXX84071164691402190817N}{4:
:20:9008929006
:25:09008929006
:28C:04797
:60F:C140218USD72987,41
:61:140218CD1000000,00F014021835000023//INCOMING W/T
IT: BANCO OCCIDENTAL DE
:61:140218CD3000000,00N014021835000010//INCOMING W/T
IT: BANCO OCCIDENTAL DE
:61:140218DD29977,09NTRF004021835000027//OUTGOING WIRE TR
OT: MASTERCARD INTERNATIONAL
:61:140218DD142049,06NTRF004021835000028//OUTGOING WIRE TR
OT: MASTERCARD INTERNATIONAL
:61:140218DD224674,11NTRF004021835000004//OUTGOING WIRE TR
OT: VISA INT L BASE II
:61:140218DD305982,76NTRF004021835000005//OUTGOING WIRE TR
OT: VISA INT L BASE II
:61:140218DD354100,24NTRF004021435000017//OUTGOING WIRE TR
OT: MASTERCARD INTERNATIONAL
:61:140218DD364977,87NTRF004021335000019//OUTGOING WIRE TR
OT: MASTERCARD INTERNATIONAL
:61:140218DD431252,37NTRF004021435000009//OUTGOING WIRE TR
OT: VISA INT L BASE II
:61:140218DD444999,04NTRF004021335000009//OUTGOING WIRE TR
OT: VISA INT L BASE II
:62M:C140218USD1774974,87
:64:C140218USD1774974,87
-}{5:{CHK:600583A6D465}}{S:{COP:P}}${1:F21BODEVE2MAXXX5380767873}{4:{177:1402190819}{451:0}}{1:F01BODEVE2MAXXX5380767873}{2:O9500747140219ENBKUS3MAXXX84071164701402190817N}{4:
:20:9008929006
:25:09008929006
:28C:04797
:60M:C140218USD1774974,87
:61:140218DD614392,78NTRF004021835000003//OUTGOING WIRE TR
:61:140218DD879428,16NTRF004021035000029//OUTGOING WIRE TR
OT: MASTERCARD INTERNATIONAL
:62F:C140218USD281153,93
:64:C140218USD281153,93
-}{5:{CHK:366400C55A0E}}{S:{COP:P}}