{1:F01IBIIPRSJAXXX0205099787}{2:O9500831120530BMARES2MAXXX47546339211205300231N}{4:
:20:30-05-12
:25:0640-211-2530403
:28C:00485/001
:60F:C120529USD1199552,89
:61:1205280529D880,NMSCGTOS.OUR 2805201//GTOS.OUR 2805201
:61:1205290529C85,89NMSC330182 1966000-I//330182 1966000-I
:62F:C120529USD1198758,78
:64:C120529USD1198758,78
-}{5:{CHK:C3D5141CA5E4}}