{1:F01IBIIPRSJAXXX0202098167}{2:O9500822120515BMARES2MAXXX47436245101205150222N}{4:
:20:15-05-12
:25:0640-211-2530403
:28C:0001/001
:60F:C120514USD1882557,12
:61:1205110514C99981,54NMSCF60511484094000//002023905
:61:1205110514D231,NMSCGTOS.OUR 1105201//GTOS.OUR 1105201
:62F:C120514USD1982307,66
:64:C120514USD1982307,66
-}{5:{CHK:0680AE76B526}}