{1:F01IBIIPRSJAXXX0204098984}{2:O9500829120522BMARES2MAXXX47486290121205220229N}{4:
:20:22-05-12
:25:0640-211-2530403
:28C:00479/003
:60M:C120521USD788561,12
:61:1205180521D285,NTRF394150//002028086
:61:1205180521D285,NTRF394148//002028087
:61:1205180521D285,NTRF394146//002028088
:61:1205180521D285,NTRF394152//002028089
:61:1205180521D285,NTRF394158//002028090
:61:1205180521D285,NTRF394154//002028091
:62M:C120521USD786851,12
-}{5:{CHK:BD1158D1D46B}}${1:F01IBIIPRSJAXXX0204098977}{2:O9500828120522BMARES2MAXXX47486290051205220228N}{4:
:20:22-05-12
:25:0640-211-2530403
:28C:00479/010
:60M:C120521USD776591,12
:61:1205180521D285,NTRF394512//002028133
:61:1205180521D285,NTRF394168//002028147
:61:1205180521D320,NTRF394598//002028144
:61:1205180521D500,NTRF394530//002028109
:61:1205180521D600,NTRF394592//002028139
:61:1205180521D715,42NTRF394518//002028105
:62M:C120521USD773885,70
-}{5:{CHK:A01802628BEF}}${1:F01IBIIPRSJAXXX0204098980}{2:O9500828120522BMARES2MAXXX47486290081205220229N}{4:
:20:22-05-12
:25:0640-211-2530403
:28C:00479/007
:60M:C120521USD781721,12
:61:1205180521D285,NTRF394110//002028115
:61:1205180521D285,NTRF394126//002028116
:61:1205180521D285,NTRF394130//002028117
:61:1205180521D285,NTRF394134//002028118
:61:1205180521D285,NTRF394138//002028119
:61:1205180521D285,NTRF394160//002028120
:62M:C120521USD780011,12
-}{5:{CHK:FC7018DFD0E3}}${1:F01IBIIPRSJAXXX0204098982}{2:O9500829120522BMARES2MAXXX47486290101205220229N}{4:
:20:22-05-12
:25:0640-211-2530403
:28C:00479/005
:60M:C120521USD785141,12
:61:1205180521D285,NTRF394498//002028100
:61:1205180521D285,NTRF394496//002028101
:61:1205180521D285,NTRF394504//002028102
:61:1205180521D285,NTRF394502//002028103
:61:1205180521D285,NTRF394516//002028104
:61:1205180521D285,NTRF394520//002028106
:62M:C120521USD783431,12
-}{5:{CHK:01D2BACDA199}}${1:F01IBIIPRSJAXXX0204098983}{2:O9500829120522BMARES2MAXXX47486290111205220229N}{4:
:20:22-05-12
:25:0640-211-2530403
:28C:00479/004
:60M:C120521USD786851,12
:61:1205180521D285,NTRF394174//002028092
:61:1205180521D285,NTRF394176//002028094
:61:1205180521D285,NTRF394178//002028095
:61:1205180521D285,NTRF394186//002028096
:61:1205180521D285,NTRF394180//002028097
:61:1205180521D285,NTRF394494//002028099
:62M:C120521USD785141,12
-}{5:{CHK:BB7B46D7DED9}}${1:F01IBIIPRSJAXXX0204098981}{2:O9500828120522BMARES2MAXXX47486290091205220229N}{4:
:20:22-05-12
:25:0640-211-2530403
:28C:00479/006
:60M:C120521USD783431,12
:61:1205180521D285,NTRF394104//002028107
:61:1205180521D285,NTRF394106//002028108
:61:1205180521D285,NTRF394108//002028110
:61:1205180521D285,NTRF394156//002028111
:61:1205180521D285,NTRF394514//002028112
:61:1205180521D285,NTRF394102//002028114
:62M:C120521USD781721,12
-}{5:{CHK:F0511CD1E281}}${1:F01IBIIPRSJAXXX0204098978}{2:O9500828120522BMARES2MAXXX47486290061205220228N}{4:
:20:22-05-12
:25:0640-211-2530403
:28C:00479/009
:60M:C120521USD778301,12
:61:1205180521D285,NTRF394522//002028127
:61:1205180521D285,NTRF394508//002028128
:61:1205180521D285,NTRF394506//002028129
:61:1205180521D285,NTRF394510//002028130
:61:1205180521D285,NTRF394136//002028131
:61:1205180521D285,NTRF394172//002028132
:62M:C120521USD776591,12
-}{5:{CHK:BC28AEFF751B}}${1:F01IBIIPRSJAXXX0204098979}{2:O9500828120522BMARES2MAXXX47486290071205220229N}{4:
:20:22-05-12
:25:0640-211-2530403
:28C:00479/008
:60M:C120521USD780011,12
:61:1205180521D285,NTRF394162//002028121
:61:1205180521D285,NTRF394164//002028122
:61:1205180521D285,NTRF394170//002028123
:61:1205180521D285,NTRF394182//002028124
:61:1205180521D285,NTRF394184//002028125
:61:1205180521D285,NTRF394500//002028126
:62M:C120521USD778301,12
-}{5:{CHK:69F19C95CE49}}${1:F01IBIIPRSJAXXX0204098985}{2:O9500829120522BMARES2MAXXX47486290131205220229N}{4:
:20:22-05-12
:25:0640-211-2530403
:28C:00479/002
:60M:C120521USD790271,12
:61:1205180521D285,NTRF394124//002028078
:61:1205180521D285,NTRF394132//002028079
:61:1205180521D285,NTRF394128//002028080
:61:1205180521D285,NTRF394140//002028081
:61:1205180521D285,NTRF394142//002028082
:61:1205180521D285,NTRF394144//002028083
:62M:C120521USD788561,12
-}{5:{CHK:8117D6C7CE22}}${1:F01IBIIPRSJAXXX0204098986}{2:O9500829120522BMARES2MAXXX47486290141205220229N}{4:
:20:22-05-12
:25:0640-211-2530403
:28C:00479/001
:60F:C120521USD791981,12
:61:1205180521D285,NTRF394112//002028072
:61:1205180521D285,NTRF394116//002028073
:61:1205180521D285,NTRF394114//002028074
:61:1205180521D285,NTRF394120//002028075
:61:1205180521D285,NTRF394118//002028076
:61:1205180521D285,NTRF394122//002028077
:62M:C120521USD790271,12
-}{5:{CHK:84D5D2D5D0EB}}${1:F01IBIIPRSJAXXX0204098974}{2:O9500828120522BMARES2MAXXX47486290021205220228N}{4:
:20:22-05-12
:25:0640-211-2530403
:28C:00479/013
:60M:C120521USD731114,29
:61:1205180521D21000,NTRF394455//002028137
:61:1205180521D40000,NTRF394206//002028138
:61:1205180521D50000,NTRF394017//002028134
:61:1205180521D59385,01NTRF394204//002028084
:61:1205180521D67768,51NTRF394567//002028098
:62M:C120521USD492960,77
-}{5:{CHK:46A0343E3ECB}}${1:F01IBIIPRSJAXXX0204098973}{2:O9500828120522BMARES2MAXXX47486290011205220228N}{4:
:20:22-05-12
:25:0640-211-2530403
:28C:00479/014
:60M:C120521USD492960,77
:61:1205180521D102000,NTRF394025//002028140
:61:1205210521D285,NTRF394635//002028832
:61:1205210521D285,NTRF394637//002028833
:61:1205210521D285,NTRF394643//002028834
:61:1205210521D285,NTRF394645//002028835
:61:1205210521D285,NTRF394649//002028836
:62M:C120521USD389535,77
-}{5:{CHK:9FEE57BDF8E4}}${1:F01IBIIPRSJAXXX0204098975}{2:O9500828120522BMARES2MAXXX47486290031205220228N}{4:
:20:22-05-12
:25:0640-211-2530403
:28C:00479/012
:60M:C120521USD764875,29
:61:1205180521D4150,72NTRF394409//002028142
:61:1205180521D4194,28NTRF394188//002028145
:61:1205180521D6216,NTRF394562//002028136
:61:1205180521D7200,NTRF394560//002028148
:61:1205180521D12000,NTRF394590//002028146
:62M:C120521USD731114,29
-}{5:{CHK:39A3EE51F3DE}}${1:F01IBIIPRSJAXXX0204098976}{2:O9500828120522BMARES2MAXXX47486290041205220228N}{4:
:20:22-05-12
:25:0640-211-2530403
:28C:00479/011
:60M:C120521USD773885,70
:61:1205180521D869,NMSCGASTOS OUR 18052//GASTOS OUR 18052
:61:1205180521D1028,67NTRF394612//002028135
:61:1205180521D1200,NTRF394202//002028085
:61:1205180521D2145,24NTRF394166//002028093
:61:1205180521D3767,50NTRF394564//002028143
:62M:C120521USD764875,29
-}{5:{CHK:A432405F7B05}}${1:F01IBIIPRSJAXXX0204098970}{2:O9500828120522BMARES2MAXXX47486289981205220228N}{4:
:20:22-05-12
:25:0640-211-2530403
:28C:00479/017
:60M:C120521USD386115,77
:61:1205210521D285,NTRF394695//002028850
:61:1205210521D285,NTRF394707//002028851
:61:1205210521D285,NTRF394709//002028852
:61:1205210521D900,NTRF394623//002028830
:61:1205210521D1348,NTRF394675//002028845
:61:1205210521D10500,NTRF394621//002028829
:62M:C120521USD372512,77
-}{5:{CHK:42CC7513CA68}}${1:F01IBIIPRSJAXXX0204098971}{2:O9500828120522BMARES2MAXXX47486289991205220228N}{4:
:20:22-05-12
:25:0640-211-2530403
:28C:00479/016
:60M:C120521USD387825,77
:61:1205210521D285,NTRF394671//002028843
:61:1205210521D285,NTRF394673//002028844
:61:1205210521D285,NTRF394683//002028846
:61:1205210521D285,NTRF394687//002028847
:61:1205210521D285,NTRF394689//002028848
:61:1205210521D285,NTRF394693//002028849
:62M:C120521USD386115,77
-}{5:{CHK:EBD1270E7256}}${1:F01IBIIPRSJAXXX0204098972}{2:O9500828120522BMARES2MAXXX47486290001205220228N}{4:
:20:22-05-12
:25:0640-211-2530403
:28C:00479/015
:60M:C120521USD389535,77
:61:1205210521D285,NTRF394647//002028837
:61:1205210521D285,NTRF394655//002028838
:61:1205210521D285,NTRF394657//002028839
:61:1205210521D285,NTRF394665//002028840
:61:1205210521D285,NTRF394659//002028841
:61:1205210521D285,NTRF394669//002028842
:62M:C120521USD387825,77
-}{5:{CHK:A0FCFF1861A5}}${1:F01IBIIPRSJAXXX0204098969}{2:O9500828120522BMARES2MAXXX47486289971205220228N}{4:
:20:22-05-12
:25:0640-211-2530403
:28C:00479/018
:60M:C120521USD372512,77
:61:1205210521C49981,64NMSCF60518500751000//002028071
:61:1205210521C999993,64NMSC2012051800107977//002027998
:62F:C120521USD1422488,05
:64:C120521USD1422488,05
-}{5:{CHK:35C6C25866BC}}