{1:F01IBIIPRSJAXXX0204099126}{2:O9500829120523BMARES2MAXXX47496298401205230229N}{4:
:20:23-05-12
:25:0640-211-2530403
:28C:00480/001
:60F:C120522USD1422488,05
:61:1205210522D285,NTRF395053//002028896
:61:1205210522D285,NTRF395041//002028897
:61:1205210522D285,NTRF395045//002028898
:61:1205210522D285,NTRF395037//002028899
:61:1205210522D285,NTRF395033//002028900
:61:1205210522D285,NTRF395031//002028901
:62M:C120522USD1420778,05
-}{5:{CHK:57BAF0E38B0D}}${1:F01IBIIPRSJAXXX0204099127}{2:O9500829120523BMARES2MAXXX47496298411205230229N}{4:
:20:23-05-12
:25:0640-211-2530403
:28C:00480/002
:60M:C120522USD1420778,05
:61:1205210522D285,NTRF395029//002028902
:61:1205210522D285,NTRF395027//002028903
:61:1205210522D285,NTRF395021//002028904
:61:1205210522D285,NTRF394705//002028905
:61:1205210522D285,NTRF395017//002028907
:61:1205210522D285,NTRF395055//002028908
:62M:C120522USD1419068,05
-}{5:{CHK:432790B59132}}${1:F01IBIIPRSJAXXX0204099128}{2:O9500829120523BMARES2MAXXX47496298421205230229N}{4:
:20:23-05-12
:25:0640-211-2530403
:28C:00480/003
:60M:C120522USD1419068,05
:61:1205210522D285,NTRF394701//002028909
:61:1205210522D285,NTRF395051//002028910
:61:1205210522D285,NTRF395049//002028911
:61:1205210522D285,NTRF395047//002028912
:61:1205210522D285,NTRF395043//002028914
:61:1205210522D285,NTRF394641//002028917
:62M:C120522USD1417358,05
-}{5:{CHK:327FB25B9D45}}${1:F01IBIIPRSJAXXX0204099129}{2:O9500829120523BMARES2MAXXX47496298431205230229N}{4:
:20:23-05-12
:25:0640-211-2530403
:28C:00480/004
:60M:C120522USD1417358,05
:61:1205210522D285,NTRF394651//002028918
:61:1205210522D285,NTRF394653//002028919
:61:1205210522D285,NTRF394661//002028920
:61:1205210522D285,NTRF394663//002028921
:61:1205210522D285,NTRF394679//002028922
:61:1205210522D285,NTRF394639//002028923
:62M:C120522USD1415648,05
-}{5:{CHK:10BB3555F1FE}}${1:F01IBIIPRSJAXXX0204099130}{2:O9500829120523BMARES2MAXXX47496298441205230229N}{4:
:20:23-05-12
:25:0640-211-2530403
:28C:00480/005
:60M:C120522USD1415648,05
:61:1205210522D285,NTRF394699//002028924
:61:1205210522D285,NTRF395039//002028925
:61:1205210522D285,NTRF394667//002028926
:61:1205210522D285,NTRF395035//002028927
:61:1205210522D285,NTRF394697//002028928
:61:1205210522D285,NTRF395025//002028929
:62M:C120522USD1413938,05
-}{5:{CHK:0866EDCBEFAD}}${1:F01IBIIPRSJAXXX0204099133}{2:O9500829120523BMARES2MAXXX47496298471205230229N}{4:
:20:23-05-12
:25:0640-211-2530403
:28C:00480/008
:60M:C120522USD1392622,01
:61:1205210522D7562,88NTRF394711//002028935
:61:1205210522D9000,NTRF394989//002028942
:61:1205210522D21220,86NTRF394631//002028906
:61:1205210522D200000,NTRF394715//002028941
:61:1205220522D285,NTRF395235//002029573
:62M:C120522USD1154553,27
-}{5:{CHK:7D5A5DBD2395}}${1:F01IBIIPRSJAXXX0204099132}{2:O9500829120523BMARES2MAXXX47496298461205230229N}{4:
:20:23-05-12
:25:0640-211-2530403
:28C:00480/007
:60M:C120522USD1411120,05
:61:1205210522D1685,NTRF394677//002028916
:61:1205210522D2500,NTRF394528//002028895
:61:1205210522D4412,56NTRF394703//002028913
:61:1205210522D4715,48NTRF394681//002028915
:61:1205210522D5185,NTRF394713//002028934
:62M:C120522USD1392622,01
-}{5:{CHK:2080C497A327}}${1:F01IBIIPRSJAXXX0204099131}{2:O9500829120523BMARES2MAXXX47496298451205230229N}{4:
:20:23-05-12
:25:0640-211-2530403
:28C:00480/006
:60M:C120522USD1413938,05
:61:1205210522D285,NTRF395019//002028931
:61:1205210522D285,NTRF395023//002028932
:61:1205210522D285,NTRF394685//002028933
:61:1205210522D885,NTRF394691//002028930
:61:1205210522D1078,NMSCGTOS.OUR 2105201//GTOS.OUR 2105201
:62M:C120522USD1411120,05
-}{5:{CHK:C1D2FFAEE286}}${1:F01IBIIPRSJAXXX0204099135}{2:O9500829120523BMARES2MAXXX47496298491205230229N}{4:
:20:23-05-12
:25:0640-211-2530403
:28C:00480/010
:60M:C120522USD1152843,27
:61:1205220522D285,NTRF395257//002029582
:61:1205220522D11070,51NTRF395345//002029580
:61:1205220522D112066,02NTRF395493//002029572
:61:1205220522D246430,NTRF395273//002029581
:62F:C120522USD782991,74
:64:C120522USD782991,74
-}{5:{CHK:F41EE66F5B60}}${1:F01IBIIPRSJAXXX0204099134}{2:O9500829120523BMARES2MAXXX47496298481205230229N}{4:
:20:23-05-12
:25:0640-211-2530403
:28C:00480/009
:60M:C120522USD1154553,27
:61:1205220522D285,NTRF395233//002029574
:61:1205220522D285,NTRF395239//002029575
:61:1205220522D285,NTRF395247//002029576
:61:1205220522D285,NTRF395249//002029577
:61:1205220522D285,NTRF395251//002029578
:61:1205220522D285,NTRF395253//002029579
:62M:C120522USD1152843,27
-}{5:{CHK:1500B3F3341D}}