{1:F01IBIIPRSJAXXX0204099421}{2:O9500827120525BMARES2MAXXX47516314171205250228N}{4:
:20:25-05-12
:25:0640-211-2530403
:28C:00482/013
:60M:C120524USD496172,53
:61:1205230524D4675,NTRF396382//002030419
:61:1205230524D5185,NTRF396368//002030414
:61:1205230524D5185,NTRF396378//002030417
:61:1205230524D5185,NTRF396374//002030445
:61:1205230524D10785,NTRF396392//002030422
:61:1205230524D13811,52NTRF396360//002030450
:62M:C120524USD451346,01
-}{5:{CHK:45C92D428D64}}${1:F01IBIIPRSJAXXX0204099420}{2:O9500827120525BMARES2MAXXX47516314161205250228N}{4:
:20:25-05-12
:25:0640-211-2530403
:28C:00482/012
:60M:C120524USD517090,03
:61:1205230524D2585,NTRF396380//002030418
:61:1205230524D2777,50NTRF396423//002030457
:61:1205230524D3885,NTRF396364//002030412
:61:1205230524D3885,NTRF396372//002030415
:61:1205230524D3885,NTRF396370//002030451
:61:1205230524D3900,NTRF395904//002030459
:62M:C120524USD496172,53
-}{5:{CHK:0AA008615AD1}}${1:F01IBIIPRSJAXXX0204099414}{2:O9500827120525BMARES2MAXXX47516314101205250228N}{4:
:20:25-05-12
:25:0640-211-2530403
:28C:00482/006
:60M:C120524USD533579,39
:61:1205230524D285,NTRF396366//002030413
:61:1205230524D285,NTRF396386//002030420
:61:1205230524D285,NTRF396396//002030421
:61:1205230524D285,NTRF396398//002030423
:61:1205230524D285,NTRF396270//002030426
:61:1205230524D285,NTRF396254//002030427
:62M:C120524USD531869,39
-}{5:{CHK:BAF0B30AADD9}}${1:F01IBIIPRSJAXXX0204099422}{2:O9500827120525BMARES2MAXXX47516314181205250228N}{4:
:20:25-05-12
:25:0640-211-2530403
:28C:00482/014
:60M:C120524USD451346,01
:61:1205230524D20000,NTRF396345//002030376
:61:1205230524D34534,96NTRF395908//002030439
:61:1205230524D50000,NTRF396332//002030443
:61:1205230524D87669,21NTRF396405//002030425
:61:1205230524D170000,NTRF396644//002030455
:62M:C120524USD89141,84
-}{5:{CHK:CBEF15139BE2}}${1:F01IBIIPRSJAXXX0204099423}{2:O9500827120525BMARES2MAXXX47516314191205250228N}{4:
:20:25-05-12
:25:0640-211-2530403
:28C:00482/015
:60M:C120524USD89141,84
:61:1205240524C89981,70NMSC3207800145FC//002030781
:61:1205240524C324000,NMSCF60523044346000//002030350
:61:1205240524C800000,NMSC2012052300117975//002030349
:61:1205240524C1000000,NMSC2012052300104224//002030266
:62F:C120524USD2303123,54
:64:C120524USD2303123,54
-}{5:{CHK:B31998CF54E7}}${1:F01IBIIPRSJAXXX0204099419}{2:O9500827120525BMARES2MAXXX47516314151205250228N}{4:
:20:25-05-12
:25:0640-211-2530403
:28C:00482/011
:60M:C120524USD523976,03
:61:1205230524D913,NMSCGTOS.OUR 2305201//GTOS.OUR 2305201
:61:1205230524D1285,NTRF396388//002030448
:61:1205230524D1391,NTRF396390//002030444
:61:1205230524D1594,NTRF396343//002030458
:61:1205230524D1703,NTRF396394//002030449
:62M:C120524USD517090,03
-}{5:{CHK:73E0B5CC95F1}}${1:F01IBIIPRSJAXXX0204099418}{2:O9500827120525BMARES2MAXXX47516314141205250228N}{4:
:20:25-05-12
:25:0640-211-2530403
:28C:00482/010
:60M:C120524USD526664,39
:61:1205230524D300,NTRF396418//002030424
:61:1205230524D300,NTRF395946//002030440
:61:1205230524D300,NTRF395948//002030442
:61:1205230524D300,NTRF396420//002030447
:61:1205230524D740,NTRF396376//002030416
:61:1205230524D748,36NTRF396362//002030411
:62M:C120524USD523976,03
-}{5:{CHK:79AF3D4D76A0}}${1:F01IBIIPRSJAXXX0204099415}{2:O9500827120525BMARES2MAXXX47516314111205250228N}{4:
:20:25-05-12
:25:0640-211-2530403
:28C:00482/007
:60M:C120524USD531869,39
:61:1205230524D285,NTRF396214//002030428
:61:1205230524D285,NTRF396268//002030429
:61:1205230524D285,NTRF395914//002030431
:61:1205230524D285,NTRF396256//002030432
:61:1205230524D285,NTRF395926//002030433
:61:1205230524D285,NTRF396240//002030434
:62M:C120524USD530159,39
-}{5:{CHK:57127D4F3BA7}}${1:F01IBIIPRSJAXXX0204099416}{2:O9500827120525BMARES2MAXXX47516314121205250228N}{4:
:20:25-05-12
:25:0640-211-2530403
:28C:00482/008
:60M:C120524USD530159,39
:61:1205230524D285,NTRF396222//002030435
:61:1205230524D285,NTRF395920//002030436
:61:1205230524D285,NTRF396258//002030437
:61:1205230524D285,NTRF396264//002030438
:61:1205230524D285,NTRF396266//002030441
:61:1205230524D285,NTRF396384//002030446
:62M:C120524USD528449,39
-}{5:{CHK:211EC982503B}}${1:F01IBIIPRSJAXXX0204099417}{2:O9500827120525BMARES2MAXXX47516314131205250228N}{4:
:20:25-05-12
:25:0640-211-2530403
:28C:00482/009
:60M:C120524USD528449,39
:61:1205230524D285,NTRF396236//002030460
:61:1205230524D300,NTRF395940//002030388
:61:1205230524D300,NTRF395944//002030389
:61:1205230524D300,NTRF395942//002030390
:61:1205230524D300,NTRF395950//002030391
:61:1205230524D300,NTRF395952//002030392
:62M:C120524USD526664,39
-}{5:{CHK:18F6E3EB93F8}}${1:F01IBIIPRSJAXXX0204099412}{2:O9500827120525BMARES2MAXXX47516314081205250227N}{4:
:20:25-05-12
:25:0640-211-2530403
:28C:00482/004
:60M:C120524USD536999,39
:61:1205230524D285,NTRF396230//002030399
:61:1205230524D285,NTRF396232//002030400
:61:1205230524D285,NTRF396234//002030401
:61:1205230524D285,NTRF396238//002030402
:61:1205230524D285,NTRF396244//002030403
:61:1205230524D285,NTRF396246//002030404
:62M:C120524USD535289,39
-}{5:{CHK:335D633620EB}}${1:F01IBIIPRSJAXXX0204099411}{2:O9500827120525BMARES2MAXXX47516314071205250227N}{4:
:20:25-05-12
:25:0640-211-2530403
:28C:00482/003
:60M:C120524USD538709,39
:61:1205230524D285,NTRF396216//002030393
:61:1205230524D285,NTRF396220//002030394
:61:1205230524D285,NTRF396218//002030395
:61:1205230524D285,NTRF396224//002030396
:61:1205230524D285,NTRF396226//002030397
:61:1205230524D285,NTRF396228//002030398
:62M:C120524USD536999,39
-}{5:{CHK:25996D322282}}${1:F01IBIIPRSJAXXX0204099410}{2:O9500827120525BMARES2MAXXX47516314061205250227N}{4:
:20:25-05-12
:25:0640-211-2530403
:28C:00482/002
:60M:C120524USD540419,39
:61:1205230524D285,NTRF395928//002030382
:61:1205230524D285,NTRF395930//002030383
:61:1205230524D285,NTRF395932//002030384
:61:1205230524D285,NTRF395934//002030385
:61:1205230524D285,NTRF395938//002030386
:61:1205230524D285,NTRF395936//002030387
:62M:C120524USD538709,39
-}{5:{CHK:8A6AD9FB87ED}}${1:F01IBIIPRSJAXXX0204099409}{2:O9500827120525BMARES2MAXXX47516314051205250227N}{4:
:20:25-05-12
:25:0640-211-2530403
:28C:00482/001
:60F:C120524USD542129,39
:61:1205230524D285,NTRF395910//002030375
:61:1205230524D285,NTRF395912//002030377
:61:1205230524D285,NTRF395916//002030378
:61:1205230524D285,NTRF395918//002030379
:61:1205230524D285,NTRF395922//002030380
:61:1205230524D285,NTRF395924//002030381
:62M:C120524USD540419,39
-}{5:{CHK:ED2F41E3C905}}${1:F01IBIIPRSJAXXX0204099413}{2:O9500827120525BMARES2MAXXX47516314091205250227N}{4:
:20:25-05-12
:25:0640-211-2530403
:28C:00482/005
:60M:C120524USD535289,39
:61:1205230524D285,NTRF396248//002030405
:61:1205230524D285,NTRF396250//002030406
:61:1205230524D285,NTRF396252//002030407
:61:1205230524D285,NTRF396260//002030408
:61:1205230524D285,NTRF396262//002030409
:61:1205230524D285,NTRF396242//002030410
:62M:C120524USD533579,39
-}{5:{CHK:3D5173002A02}}