{1:F01IBIIPRSJAXXX0204099280}{2:O9500824120524BMARES2MAXXX47506306881205240225N}{4:
:20:24-05-12
:25:0640-211-2530403
:28C:00481/003
:60M:C120523USD779573,74
:61:1205220523D285,NTRF395504//002029628
:61:1205220523D285,NTRF395510//002029629
:61:1205220523D285,NTRF395516//002029630
:61:1205220523D285,NTRF395512//002029631
:61:1205220523D285,NTRF395518//002029632
:61:1205220523D285,NTRF395528//002029633
:62M:C120523USD777863,74
-}{5:{CHK:C03BB6B91F6D}}${1:F01IBIIPRSJAXXX0204099282}{2:O9500824120524BMARES2MAXXX47506306901205240225N}{4:
:20:24-05-12
:25:0640-211-2530403
:28C:00481/005
:60M:C120523USD776153,74
:61:1205220523D285,NTRF395554//002029640
:61:1205220523D285,NTRF395552//002029641
:61:1205220523D285,NTRF395558//002029642
:61:1205220523D285,NTRF395556//002029643
:61:1205220523D285,NTRF395562//002029644
:61:1205220523D285,NTRF395560//002029645
:62M:C120523USD774443,74
-}{5:{CHK:ABBB2C915BCD}}${1:F01IBIIPRSJAXXX0204099283}{2:O9500824120524BMARES2MAXXX47506306911205240225N}{4:
:20:24-05-12
:25:0640-211-2530403
:28C:00481/006
:60M:C120523USD774443,74
:61:1205220523D285,NTRF395566//002029646
:61:1205220523D285,NTRF395570//002029647
:61:1205220523D285,NTRF395574//002029648
:61:1205220523D285,NTRF395580//002029649
:61:1205220523D285,NTRF395227//002029650
:61:1205220523D285,NTRF395237//002029652
:62M:C120523USD772733,74
-}{5:{CHK:43FD6F8F41E4}}${1:F01IBIIPRSJAXXX0204099281}{2:O9500824120524BMARES2MAXXX47506306891205240225N}{4:
:20:24-05-12
:25:0640-211-2530403
:28C:00481/004
:60M:C120523USD777863,74
:61:1205220523D285,NTRF395530//002029634
:61:1205220523D285,NTRF395534//002029635
:61:1205220523D285,NTRF395542//002029636
:61:1205220523D285,NTRF395546//002029637
:61:1205220523D285,NTRF395544//002029638
:61:1205220523D285,NTRF395548//002029639
:62M:C120523USD776153,74
-}{5:{CHK:1EF928A725F4}}${1:F01IBIIPRSJAXXX0204099284}{2:O9500824120524BMARES2MAXXX47506306921205240225N}{4:
:20:24-05-12
:25:0640-211-2530403
:28C:00481/007
:60M:C120523USD772733,74
:61:1205220523D285,NTRF395229//002029653
:61:1205220523D285,NTRF395255//002029654
:61:1205220523D285,NTRF395602//002029655
:61:1205220523D285,NTRF395225//002029657
:61:1205220523D285,NTRF395231//002029658
:61:1205220523D285,NTRF395243//002029659
:62M:C120523USD771023,74
-}{5:{CHK:F73B9DD76AD6}}${1:F01IBIIPRSJAXXX0204099285}{2:O9500825120524BMARES2MAXXX47506306931205240225N}{4:
:20:24-05-12
:25:0640-211-2530403
:28C:00481/008
:60M:C120523USD771023,74
:61:1205220523D285,NTRF395245//002029660
:61:1205220523D285,NTRF395259//002029662
:61:1205220523D285,NTRF395584//002029663
:61:1205220523D285,NTRF395592//002029664
:61:1205220523D285,NTRF395596//002029665
:61:1205220523D285,NTRF395604//002029666
:62M:C120523USD769313,74
-}{5:{CHK:DA9FDAEB28CF}}${1:F01IBIIPRSJAXXX0204099286}{2:O9500825120524BMARES2MAXXX47506306941205240225N}{4:
:20:24-05-12
:25:0640-211-2530403
:28C:00481/009
:60M:C120523USD769313,74
:61:1205220523D285,NTRF395606//002029667
:61:1205220523D285,NTRF395614//002029669
:61:1205220523D285,NTRF395623//002029670
:61:1205220523D285,NTRF395500//002029671
:61:1205220523D285,NTRF395502//002029672
:61:1205220523D285,NTRF395506//002029673
:62M:C120523USD767603,74
-}{5:{CHK:193EA883437D}}${1:F01IBIIPRSJAXXX0204099287}{2:O9500825120524BMARES2MAXXX47506306951205240225N}{4:
:20:24-05-12
:25:0640-211-2530403
:28C:00481/010
:60M:C120523USD767603,74
:61:1205220523D285,NTRF395508//002029674
:61:1205220523D285,NTRF395520//002029675
:61:1205220523D285,NTRF395514//002029676
:61:1205220523D285,NTRF395524//002029677
:61:1205220523D285,NTRF395526//002029678
:61:1205220523D285,NTRF395532//002029679
:62M:C120523USD765893,74
-}{5:{CHK:AC7D2ABB413D}}${1:F01IBIIPRSJAXXX0204099288}{2:O9500825120524BMARES2MAXXX47506306961205240225N}{4:
:20:24-05-12
:25:0640-211-2530403
:28C:00481/011
:60M:C120523USD765893,74
:61:1205220523D285,NTRF395538//002029680
:61:1205220523D285,NTRF395536//002029681
:61:1205220523D285,NTRF395540//002029682
:61:1205220523D285,NTRF395564//002029683
:61:1205220523D285,NTRF395568//002029684
:61:1205220523D285,NTRF395572//002029685
:62M:C120523USD764183,74
-}{5:{CHK:983D308B2365}}${1:F01IBIIPRSJAXXX0204099295}{2:O9500825120524BMARES2MAXXX47506307031205240225N}{4:
:20:24-05-12
:25:0640-211-2530403
:28C:00481/018
:60M:C120523USD521292,76
:61:1205230523C285,NMSC2028110-I 394108//2028110-I 394108
:61:1205230523C285,NMSC2028115-I 394110//2028115-I 394110
:61:1205230523C285,NMSC 2028108-I 394// 2028108-I 394
:61:1205230523C19981,63NMSCF60522400407000//002029627
:62F:C120523USD542129,39
:64:C120523USD542129,39
-}{5:{CHK:03BF3BC5D944}}${1:F01IBIIPRSJAXXX0204099294}{2:O9500825120524BMARES2MAXXX47506307021205240225N}{4:
:20:24-05-12
:25:0640-211-2530403
:28C:00481/017
:60M:C120523USD520239,79
:61:1205230523C234,97NMSC2022511-I 387171//2022511-I 387171
:61:1205230523C250,NMSC2020994-I 385202//2020994-I 385202
:61:1205230523C283,NMSC2026246-I 392691//2026246-I 392691
:61:1205230523C285,NMSC2020943 385427//2020943 385427
:62M:C120523USD521292,76
-}{5:{CHK:C280FAED2196}}${1:F01IBIIPRSJAXXX0204099293}{2:O9500825120524BMARES2MAXXX47506307011205240225N}{4:
:20:24-05-12
:25:0640-211-2530403
:28C:00481/016
:60M:C120523USD520359,79
:61:1205230523D30,NMSC2028110-I 394108//2028110-I 394108
:61:1205230523D30,NMSC2028115-I 394110//2028115-I 394110
:61:1205230523D30,NMSC2028108-I 394106//2028108-I 394106
:61:1205230523D30,NMSC2020994-I 385202//2020994-I 385202
:62M:C120523USD520239,79
-}{5:{CHK:0E539F89D4C3}}${1:F01IBIIPRSJAXXX0204099292}{2:O9500825120524BMARES2MAXXX47506307001205240225N}{4:
:20:24-05-12
:25:0640-211-2530403
:28C:00481/015
:60M:C120523USD729120,51
:61:1205220523D209828,35NTRF395495//002029651
:61:1205220523C1157,63NMSC2012052200203813//002029617
:61:1205230523D30,NMSC2020943 385427//2020943 385427
:61:1205230523D30,NMSC2022511-I 387171//2022511-I 387171
:61:1205230523D30,NMSC2026246-I 392691//2026246-I 392691
:62M:C120523USD520359,79
-}{5:{CHK:21250878ED33}}${1:F01IBIIPRSJAXXX0204099291}{2:O9500825120524BMARES2MAXXX47506306991205240225N}{4:
:20:24-05-12
:25:0640-211-2530403
:28C:00481/014
:60M:C120523USD758242,36
:61:1205220523D2145,30NTRF395635//002029626
:61:1205220523D2585,NTRF395590//002029614
:61:1205220523D5000,NTRF394717//002029608
:61:1205220523D5185,NTRF395612//002029668
:61:1205220523D5681,55NTRF395619//002029618
:61:1205220523D8525,NTRF395610//002029689
:62M:C120523USD729120,51
-}{5:{CHK:321B019EDF10}}${1:F01IBIIPRSJAXXX0204099290}{2:O9500825120524BMARES2MAXXX47506306981205240225N}{4:
:20:24-05-12
:25:0640-211-2530403
:28C:00481/013
:60M:C120523USD762473,74
:61:1205220523D285,NTRF395522//002029694
:61:1205220523D413,NTRF395637//002029690
:61:1205220523D594,NMSCGTOS.OUR 2205201//GTOS.OUR 2205201
:61:1205220523D794,08NTRF395684//002029656
:61:1205220523D2145,30NTRF395639//002029625
:62M:C120523USD758242,36
-}{5:{CHK:17DC3E08AA2D}}${1:F01IBIIPRSJAXXX0204099289}{2:O9500825120524BMARES2MAXXX47506306971205240225N}{4:
:20:24-05-12
:25:0640-211-2530403
:28C:00481/012
:60M:C120523USD764183,74
:61:1205220523D285,NTRF395576//002029686
:61:1205220523D285,NTRF395582//002029687
:61:1205220523D285,NTRF395578//002029688
:61:1205220523D285,NTRF395241//002029691
:61:1205220523D285,NTRF395550//002029692
:61:1205220523D285,NTRFCP00288/2205/103//002029693
:62M:C120523USD762473,74
-}{5:{CHK:59B623184E2C}}${1:F01IBIIPRSJAXXX0204099278}{2:O9500824120524BMARES2MAXXX47506306861205240224N}{4:
:20:24-05-12
:25:0640-211-2530403
:28C:00481/001
:60F:C120523USD782991,74
:61:1205220523D283,NTRF395621//002029620
:61:1205220523D285,NTRF395586//002029610
:61:1205220523D285,NTRF395588//002029611
:61:1205220523D285,NTRF395598//002029612
:61:1205220523D285,NTRF395594//002029613
:61:1205220523D285,NTRF395608//002029615
:62M:C120523USD781283,74
-}{5:{CHK:FD0038D5BE92}}${1:F01IBIIPRSJAXXX0204099279}{2:O9500824120524BMARES2MAXXX47506306871205240224N}{4:
:20:24-05-12
:25:0640-211-2530403
:28C:00481/002
:60M:C120523USD781283,74
:61:1205220523D285,NTRF395616//002029616
:61:1205220523D285,NTRF395625//002029619
:61:1205220523D285,NTRF395627//002029621
:61:1205220523D285,NTRF395629//002029622
:61:1205220523D285,NTRF395633//002029623
:61:1205220523D285,NTRF395631//002029624
:62M:C120523USD779573,74
-}{5:{CHK:A480F19F39EC}}