{1:F01IBIIPRSJAXXX0205099558}{2:O9500844120528BMARES2MAXXX47526320661205280244N}{4:
:20:28-05-12
:25:0640-211-2530403
:28C:00483/006
:60M:C120525USD2294633,54
:61:1205240525D285,NTRF396676//002031128
:61:1205240525D285,NTRF396672//002031129
:61:1205240525D285,NTRF396648//002031130
:61:1205240525D285,NTRF396670//002031131
:61:1205240525D285,NTRF396668//002031132
:61:1205240525D285,NTRF396662//002031133
:62M:C120525USD2292923,54
-}{5:{CHK:30C5BCF1C3EF}}${1:F01IBIIPRSJAXXX0205099563}{2:O9500844120528BMARES2MAXXX47526320711205280245N}{4:
:20:28-05-12
:25:0640-211-2530403
:28C:00483/011
:60M:C120525USD2224804,29
:61:1205250525D100000,NTRF397671//002031816
:62F:C120525USD2124804,29
:64:C120525USD2124804,29
-}{5:{CHK:9E7DADFD4719}}${1:F01IBIIPRSJAXXX0205099562}{2:O9500844120528BMARES2MAXXX47526320701205280245N}{4:
:20:28-05-12
:25:0640-211-2530403
:28C:00483/010
:60M:C120525USD2270740,24
:61:1205240525D5980,NTRF396897//002031125
:61:1205240525D7785,NTRF396915//002031122
:61:1205240525D7970,NTRF396917//002031123
:61:1205240525D9690,95NTRF397044//002031114
:61:1205240525D12150,NTRF397311//002031155
:61:1205250525D2360,NTRF397050//002031817
:62M:C120525USD2224804,29
-}{5:{CHK:D89C6921EF8B}}${1:F01IBIIPRSJAXXX0205099560}{2:O9500844120528BMARES2MAXXX47526320681205280244N}{4:
:20:28-05-12
:25:0640-211-2530403
:28C:00483/008
:60M:C120525USD2291213,54
:61:1205240525D300,NTRF396689//002031096
:61:1205240525D300,NTRF396687//002031097
:61:1205240525D505,NTRF396919//002031121
:61:1205240525D891,NMSCGTOS.OUR 2405201//GTOS.OUR 2405201
:61:1205240525D1285,NTRF396899//002031099
:62M:C120525USD2287932,54
-}{5:{CHK:7850DED6CE92}}${1:F01IBIIPRSJAXXX0205099559}{2:O9500844120528BMARES2MAXXX47526320671205280244N}{4:
:20:28-05-12
:25:0640-211-2530403
:28C:00483/007
:60M:C120525USD2292923,54
:61:1205240525D285,NTRF397302//002031148
:61:1205240525D285,NTRF397290//002031149
:61:1205240525D285,NTRF397292//002031150
:61:1205240525D285,NTRF397296//002031152
:61:1205240525D285,NTRF397298//002031153
:61:1205240525D285,NTRF397300//002031154
:62M:C120525USD2291213,54
-}{5:{CHK:4DDB1F0B9DDD}}${1:F01IBIIPRSJAXXX0205099561}{2:O9500844120528BMARES2MAXXX47526320691205280244N}{4:
:20:28-05-12
:25:0640-211-2530403
:28C:00483/009
:60M:C120525USD2287932,54
:61:1205240525D2145,24NTRF397294//002031151
:61:1205240525D2310,NTRF396901//002031098
:61:1205240525D2985,NTRF396905//002031135
:61:1205240525D4082,06NTRF396933//002031106
:61:1205240525D5670,NTRF397052//002031156
:62M:C120525USD2270740,24
-}{5:{CHK:40E880D6EC77}}${1:F01IBIIPRSJAXXX0205099557}{2:O9500844120528BMARES2MAXXX47526320651205280244N}{4:
:20:28-05-12
:25:0640-211-2530403
:28C:00483/005
:60M:C120525USD2296343,54
:61:1205240525D285,NTRF396909//002031117
:61:1205240525D285,NTRF396911//002031118
:61:1205240525D285,NTRF396907//002031120
:61:1205240525D285,NTRF396682//002031124
:61:1205240525D285,NTRF396680//002031126
:61:1205240525D285,NTRF396678//002031127
:62M:C120525USD2294633,54
-}{5:{CHK:BAAEFC811215}}${1:F01IBIIPRSJAXXX0205099556}{2:O9500844120528BMARES2MAXXX47526320641205280244N}{4:
:20:28-05-12
:25:0640-211-2530403
:28C:00483/004
:60M:C120525USD2298053,54
:61:1205240525D285,NTRF396939//002031109
:61:1205240525D285,NTRF396943//002031110
:61:1205240525D285,NTRF396941//002031111
:61:1205240525D285,NTRF396945//002031112
:61:1205240525D285,NTRF396931//002031115
:61:1205240525D285,NTRF396927//002031116
:62M:C120525USD2296343,54
-}{5:{CHK:FEF10550107C}}${1:F01IBIIPRSJAXXX0205099555}{2:O9500844120528BMARES2MAXXX47526320631205280244N}{4:
:20:28-05-12
:25:0640-211-2530403
:28C:00483/003
:60M:C120525USD2299763,54
:61:1205240525D285,NTRF396903//002031102
:61:1205240525D285,NTRF396921//002031103
:61:1205240525D285,NTRF396929//002031104
:61:1205240525D285,NTRF396925//002031105
:61:1205240525D285,NTRF396937//002031107
:61:1205240525D285,NTRF396935//002031108
:62M:C120525USD2298053,54
-}{5:{CHK:6E2D00D0144E}}${1:F01IBIIPRSJAXXX0205099554}{2:O9500844120528BMARES2MAXXX47526320621205280244N}{4:
:20:28-05-12
:25:0640-211-2530403
:28C:00483/002
:60M:C120525USD2301473,54
:61:1205240525D285,NTRF396660//002031091
:61:1205240525D285,NTRF396664//002031092
:61:1205240525D285,NTRF396656//002031093
:61:1205240525D285,NTRF396666//002031094
:61:1205240525D285,NTRF396674//002031095
:61:1205240525D285,NTRF396923//002031100
:62M:C120525USD2299763,54
-}{5:{CHK:84619E28F9AB}}${1:F01IBIIPRSJAXXX0205099553}{2:O9500844120528BMARES2MAXXX47526320611205280244N}{4:
:20:28-05-12
:25:0640-211-2530403
:28C:00483/001
:60F:C120525USD2303123,54
:61:1205240525D225,NTRF396913//002031101
:61:1205240525D285,NTRF396646//002031086
:61:1205240525D285,NTRF396650//002031087
:61:1205240525D285,NTRF396652//002031088
:61:1205240525D285,NTRF396654//002031089
:61:1205240525D285,NTRF396658//002031090
:62M:C120525USD2301473,54
-}{5:{CHK:14C15F4DC689}}