{1:F01IBIIPRSJAXXX0205099584}{2:O9500836120529BMARES2MAXXX47536329441205290236N}{4:
:20:29-05-12
:25:0640-211-2530403
:28C:00484/001
:60F:C120528USD2124804,29
:61:1205250528D285,NTRF397320//002031911
:61:1205250528D285,NTRF397322//002031912
:61:1205250528D285,NTRF397326//002031913
:61:1205250528D285,NTRF397324//002031914
:61:1205250528D285,NTRF397340//002031915
:61:1205250528D285,NTRF397336//002031916
:62M:C120528USD2123094,29
-}{5:{CHK:C6F786EC0CDA}}${1:F01IBIIPRSJAXXX0205099585}{2:O9500836120529BMARES2MAXXX47536329451205290236N}{4:
:20:29-05-12
:25:0640-211-2530403
:28C:00484/002
:60M:C120528USD2123094,29
:61:1205250528D285,NTRF397342//002031917
:61:1205250528D285,NTRF397344//002031918
:61:1205250528D285,NTRF397346//002031919
:61:1205250528D285,NTRF397607//002031920
:61:1205250528D285,NTRF397619//002031921
:61:1205250528D285,NTRF397623//002031922
:62M:C120528USD2121384,29
-}{5:{CHK:ECDC86672091}}${1:F01IBIIPRSJAXXX0205099586}{2:O9500836120529BMARES2MAXXX47536329461205290236N}{4:
:20:29-05-12
:25:0640-211-2530403
:28C:00484/003
:60M:C120528USD2121384,29
:61:1205250528D285,NTRF397627//002031923
:61:1205250528D285,NTRF397631//002031924
:61:1205250528D285,NTRF397629//002031925
:61:1205250528D285,NTRF397637//002031926
:61:1205250528D285,NTRF397639//002031927
:61:1205250528D285,NTRF397641//002031928
:62M:C120528USD2119674,29
-}{5:{CHK:2D897ECF425B}}${1:F01IBIIPRSJAXXX0205099587}{2:O9500836120529BMARES2MAXXX47536329471205290236N}{4:
:20:29-05-12
:25:0640-211-2530403
:28C:00484/004
:60M:C120528USD2119674,29
:61:1205250528D285,NTRF397647//002031929
:61:1205250528D285,NTRF397649//002031930
:61:1205250528D285,NTRF397693//002031935
:61:1205250528D285,NTRF397695//002031936
:61:1205250528D285,NTRF397697//002031937
:61:1205250528D285,NTRF397703//002031938
:62M:C120528USD2117964,29
-}{5:{CHK:9651BFDD682C}}${1:F01IBIIPRSJAXXX0205099588}{2:O9500836120529BMARES2MAXXX47536329481205290236N}{4:
:20:29-05-12
:25:0640-211-2530403
:28C:00484/005
:60M:C120528USD2117964,29
:61:1205250528D285,NTRF397348//002031940
:61:1205250528D285,NTRF397350//002031941
:61:1205250528D285,NTRF397352//002031942
:61:1205250528D285,NTRF397356//002031943
:61:1205250528D285,NTRF397368//002031944
:61:1205250528D285,NTRF397362//002031945
:62M:C120528USD2116254,29
-}{5:{CHK:9B6F512428DA}}${1:F01IBIIPRSJAXXX0205099589}{2:O9500836120529BMARES2MAXXX47536329491205290236N}{4:
:20:29-05-12
:25:0640-211-2530403
:28C:00484/006
:60M:C120528USD2116254,29
:61:1205250528D285,NTRF397374//002031946
:61:1205250528D285,NTRF397376//002031947
:61:1205250528D285,NTRF397386//002031948
:61:1205250528D285,NTRF397384//002031949
:61:1205250528D285,NTRF397390//002031950
:61:1205250528D285,NTRF397617//002031955
:62M:C120528USD2114544,29
-}{5:{CHK:303196232A85}}${1:F01IBIIPRSJAXXX0205099599}{2:O9500836120529BMARES2MAXXX47536329591205290236N}{4:
:20:29-05-12
:25:0640-211-2530403
:28C:00484/016
:60M:C120528USD1193700,95
:61:1205280528C285,NMSC395922 2030380-I//395922 2030380-I
:61:1205280528C285,NMSC396270 2030426-I//396270 2030426-I
:61:1205280528C2471,79NMSC2012052500258689//002031961
:61:1205280528C2810,15NMSC2012052500258685//002031962
:62F:C120528USD1199552,89
:64:C120528USD1199552,89
-}{5:{CHK:98DB243D0983}}${1:F01IBIIPRSJAXXX0205099598}{2:O9500836120529BMARES2MAXXX47536329581205290236N}{4:
:20:29-05-12
:25:0640-211-2530403
:28C:00484/015
:60M:C120528USD1193505,95
:61:1205280528D30,NMSC394665 2028840-I//394665 2028840-I
:61:1205280528D30,NMSC395922 2030380-I//395922 2030380-I
:61:1205280528D30,NMSC396270 2030426-I//396270 2030426-I
:61:1205280528C285,NMSC394665 2028840-I//394665 2028840-I
:62M:C120528USD1193700,95
-}{5:{CHK:1EF7D2E79109}}${1:F01IBIIPRSJAXXX0205099597}{2:O9500836120529BMARES2MAXXX47536329571205290236N}{4:
:20:29-05-12
:25:0640-211-2530403
:28C:00484/014
:60M:C120528USD2084415,82
:61:1205250528D27555,02NTRF397561//002031933
:61:1205250528D39585,01NTRF397552//002031931
:61:1205250528D170000,NTRF397925//002031954
:61:1205250528D270000,NTRF397675//002031996
:61:1205250528D383769,84NTRF397558//002031934
:62M:C120528USD1193505,95
-}{5:{CHK:C306E1074EC5}}${1:F01IBIIPRSJAXXX0205099596}{2:O9500836120529BMARES2MAXXX47536329561205290236N}{4:
:20:29-05-12
:25:0640-211-2530403
:28C:00484/013
:60M:C120528USD2103871,29
:61:1205250528D1070,11NTRF397399//002031978
:61:1205250528D1985,NTRF397705//002031939
:61:1205250528D2615,36NTRF397731//002031951
:61:1205250528D6000,NTRF397737//002031953
:61:1205250528D7785,NTRF397699//002031989
:62M:C120528USD2084415,82
-}{5:{CHK:1425029C0C20}}${1:F01IBIIPRSJAXXX0205099591}{2:O9500836120529BMARES2MAXXX47536329511205290236N}{4:
:20:29-05-12
:25:0640-211-2530403
:28C:00484/008
:60M:C120528USD2112834,29
:61:1205250528D285,NTRF397330//002031965
:61:1205250528D285,NTRF397358//002031967
:61:1205250528D285,NTRF397360//002031968
:61:1205250528D285,NTRF397364//002031969
:61:1205250528D285,NTRF397366//002031970
:61:1205250528D285,NTRF397370//002031971
:62M:C120528USD2111124,29
-}{5:{CHK:C7238A281098}}${1:F01IBIIPRSJAXXX0205099590}{2:O9500836120529BMARES2MAXXX47536329501205290236N}{4:
:20:29-05-12
:25:0640-211-2530403
:28C:00484/007
:60M:C120528USD2114544,29
:61:1205250528D285,NTRF397613//002031956
:61:1205250528D285,NTRF397625//002031957
:61:1205250528D285,NTRF397635//002031958
:61:1205250528D285,NTRF397643//002031959
:61:1205250528D285,NTRF397645//002031960
:61:1205250528D285,NTRF397328//002031964
:62M:C120528USD2112834,29
-}{5:{CHK:39870BC24047}}${1:F01IBIIPRSJAXXX0205099595}{2:O9500836120529BMARES2MAXXX47536329551205290236N}{4:
:20:29-05-12
:25:0640-211-2530403
:28C:00484/012
:60M:C120528USD2105994,29
:61:1205250528D285,NTRF397651//002031995
:61:1205250528D300,NTRF397281//002031908
:61:1205250528D300,NTRF397279//002031909
:61:1205250528D600,NTRF397275//002031932
:61:1205250528D638,NMSCGTOS.OUR 2505201//GTOS.OUR 2505201
:62M:C120528USD2103871,29
-}{5:{CHK:E3E9CC38C9D4}}${1:F01IBIIPRSJAXXX0205099594}{2:O9500836120529BMARES2MAXXX47536329541205290236N}{4:
:20:29-05-12
:25:0640-211-2530403
:28C:00484/011
:60M:C120528USD2107704,29
:61:1205250528D285,NTRF397621//002031986
:61:1205250528D285,NTRF397633//002031987
:61:1205250528D285,NTRF397378//002031988
:61:1205250528D285,NTRF397691//002031990
:61:1205250528D285,NTRF397701//002031991
:61:1205250528D285,NTRF397615//002031994
:62M:C120528USD2105994,29
-}{5:{CHK:669740D368AF}}${1:F01IBIIPRSJAXXX0205099593}{2:O9500836120529BMARES2MAXXX47536329531205290236N}{4:
:20:29-05-12
:25:0640-211-2530403
:28C:00484/010
:60M:C120528USD2109414,29
:61:1205250528D285,NTRF397332//002031979
:61:1205250528D285,NTRF397334//002031980
:61:1205250528D285,NTRF397338//002031981
:61:1205250528D285,NTRF397394//002031983
:61:1205250528D285,NTRF397609//002031984
:61:1205250528D285,NTRF397611//002031985
:62M:C120528USD2107704,29
-}{5:{CHK:963EC0BD28A8}}${1:F01IBIIPRSJAXXX0205099592}{2:O9500836120529BMARES2MAXXX47536329521205290236N}{4:
:20:29-05-12
:25:0640-211-2530403
:28C:00484/009
:60M:C120528USD2111124,29
:61:1205250528D285,NTRF397372//002031972
:61:1205250528D285,NTRF397380//002031973
:61:1205250528D285,NTRF397382//002031974
:61:1205250528D285,NTRF397392//002031975
:61:1205250528D285,NTRF397388//002031976
:61:1205250528D285,NTRF397354//002031977
:62M:C120528USD2109414,29
-}{5:{CHK:C471C2A8284B}}