{1:F01IBIIPRSJAXXX0205099941}{2:O9500843120531BMARES2MAXXX47556347481205310243N}{4:
:20:31-05-12
:25:0640-211-2530403
:28C:00486/009
:60M:C120530USD1185163,78
:61:1205290530D285,NTRF398495//002033459
:61:1205290530D285,NTRF398501//002033460
:61:1205290530D285,NTRF398503//002033461
:61:1205290530D285,NTRF398511//002033462
:61:1205290530D285,NTRF398509//002033463
:61:1205290530D285,NTRF398513//002033464
:62M:C120530USD1183453,78
-}{5:{CHK:D252D90D9DA5}}${1:F01IBIIPRSJAXXX0205099940}{2:O9500843120531BMARES2MAXXX47556347471205310243N}{4:
:20:31-05-12
:25:0640-211-2530403
:28C:00486/008
:60M:C120530USD1186873,78
:61:1205290530D285,NTRF398230//002033451
:61:1205290530D285,NTRF398226//002033452
:61:1205290530D285,NTRF398366//002033454
:61:1205290530D285,NTRF398370//002033455
:61:1205290530D285,NTRF398485//002033456
:61:1205290530D285,NTRF398487//002033457
:62M:C120530USD1185163,78
-}{5:{CHK:F3F3FAFFB37E}}${1:F01IBIIPRSJAXXX0205099942}{2:O9500843120531BMARES2MAXXX47556347491205310243N}{4:
:20:31-05-12
:25:0640-211-2530403
:28C:00486/010
:60M:C120530USD1183453,78
:61:1205290530D285,NTRF398527//002033465
:61:1205290530D285,NTRF398521//002033466
:61:1205290530D285,NTRF398533//002033467
:61:1205290530D285,NTRF398531//002033468
:61:1205290530D285,NTRF398529//002033469
:61:1205290530D285,NTRF398499//002033473
:62M:C120530USD1181743,78
-}{5:{CHK:1A7FD4C5D7AB}}${1:F01IBIIPRSJAXXX0205099955}{2:O9500843120531BMARES2MAXXX47556347621205310243N}{4:
:20:31-05-12
:25:0640-211-2530403
:28C:00486/023
:60M:C120530USD379006,01
:61:1205300530D285,NTRF399030//002034237
:61:1205300530D285,NTRF399024//002034239
:61:1205300530D285,NTRF399026//002034240
:61:1205300530D250000,NTRF399422//002034241
:62F:C120530USD128151,01
:64:C120530USD128151,01
-}{5:{CHK:E999D4C66936}}${1:F01IBIIPRSJAXXX0205099954}{2:O9500843120531BMARES2MAXXX47556347611205310243N}{4:
:20:31-05-12
:25:0640-211-2530403
:28C:00486/022
:60M:C120530USD572945,94
:61:1205290530D218066,67NTRF398478//002033533
:61:1205290530C24981,74NMSC2270500150JM//002033510
:61:1205300530D285,NTRF399044//002034234
:61:1205300530D285,NTRF399022//002034235
:61:1205300530D285,NTRF399040//002034236
:62M:C120530USD379006,01
-}{5:{CHK:40EFFF714CE4}}${1:F01IBIIPRSJAXXX0205099953}{2:O9500843120531BMARES2MAXXX47556347601205310243N}{4:
:20:31-05-12
:25:0640-211-2530403
:28C:00486/021
:60M:C120530USD1001289,50
:61:1205290530D45000,NTRF398265//002033512
:61:1205290530D80000,NTRF398275//002033527
:61:1205290530D100000,NTRF398325//002033508
:61:1205290530D100100,NTRF398327//002033509
:61:1205290530D103243,56NTRF398607//002033498
:62M:C120530USD572945,94
-}{5:{CHK:05A6C32B29DD}}${1:F01IBIIPRSJAXXX0205099952}{2:O9500843120531BMARES2MAXXX47556347591205310243N}{4:
:20:31-05-12
:25:0640-211-2530403
:28C:00486/020
:60M:C120530USD1126259,85
:61:1205290530D13113,51NTRF398322//002033487
:61:1205290530D15135,NTRF398541//002033489
:61:1205290530D26221,84NTRF397963//002033519
:61:1205290530D34500,NTRF398605//002033499
:61:1205290530D36000,NTRF398320//002033471
:62M:C120530USD1001289,50
-}{5:{CHK:14908E18DE52}}${1:F01IBIIPRSJAXXX0205099939}{2:O9500843120531BMARES2MAXXX47556347461205310243N}{4:
:20:31-05-12
:25:0640-211-2530403
:28C:00486/007
:60M:C120530USD1188583,78
:61:1205290530D285,NTRF398208//002033445
:61:1205290530D285,NTRF398212//002033446
:61:1205290530D285,NTRF398214//002033447
:61:1205290530D285,NTRF398220//002033448
:61:1205290530D285,NTRF398222//002033449
:61:1205290530D285,NTRF398224//002033450
:62M:C120530USD1186873,78
-}{5:{CHK:E52516A2BD28}}${1:F01IBIIPRSJAXXX0205099938}{2:O9500843120531BMARES2MAXXX47556347451205310243N}{4:
:20:31-05-12
:25:0640-211-2530403
:28C:00486/006
:60M:C120530USD1190293,78
:61:1205290530D285,NTRF398133//002033438
:61:1205290530D285,NTRF398194//002033439
:61:1205290530D285,NTRF398202//002033440
:61:1205290530D285,NTRF398204//002033442
:61:1205290530D285,NTRF398206//002033443
:61:1205290530D285,NTRF398210//002033444
:62M:C120530USD1188583,78
-}{5:{CHK:B5F028A09DCE}}${1:F01IBIIPRSJAXXX0205099937}{2:O9500843120531BMARES2MAXXX47556347441205310243N}{4:
:20:31-05-12
:25:0640-211-2530403
:28C:00486/005
:60M:C120530USD1192003,78
:61:1205290530D285,NTRF398113//002033432
:61:1205290530D285,NTRF398119//002033433
:61:1205290530D285,NTRF398123//002033434
:61:1205290530D285,NTRF398121//002033435
:61:1205290530D285,NTRF398125//002033436
:61:1205290530D285,NTRF398129//002033437
:62M:C120530USD1190293,78
-}{5:{CHK:A45E0EED9D24}}${1:F01IBIIPRSJAXXX0205099936}{2:O9500843120531BMARES2MAXXX47556347431205310243N}{4:
:20:31-05-12
:25:0640-211-2530403
:28C:00486/004
:60M:C120530USD1193713,78
:61:1205290530D285,NTRF398105//002033426
:61:1205290530D285,NTRF398103//002033427
:61:1205290530D285,NTRF398107//002033428
:61:1205290530D285,NTRF398111//002033429
:61:1205290530D285,NTRF398109//002033430
:61:1205290530D285,NTRF398117//002033431
:62M:C120530USD1192003,78
-}{5:{CHK:2CD7EE63971E}}${1:F01IBIIPRSJAXXX0205099935}{2:O9500843120531BMARES2MAXXX47556347421205310243N}{4:
:20:31-05-12
:25:0640-211-2530403
:28C:00486/003
:60M:C120530USD1195423,78
:61:1205290530D285,NTRF397957//002033418
:61:1205290530D285,NTRF397959//002033419
:61:1205290530D285,NTRF398091//002033420
:61:1205290530D285,NTRF398093//002033421
:61:1205290530D285,NTRF398097//002033422
:61:1205290530D285,NTRF398101//002033423
:62M:C120530USD1193713,78
-}{5:{CHK:DA2F945F2941}}${1:F01IBIIPRSJAXXX0205099934}{2:O9500843120531BMARES2MAXXX47556347411205310243N}{4:
:20:31-05-12
:25:0640-211-2530403
:28C:00486/002
:60M:C120530USD1197133,78
:61:1205290530D285,NTRF397945//002033411
:61:1205290530D285,NTRF397947//002033412
:61:1205290530D285,NTRF397949//002033413
:61:1205290530D285,NTRF397953//002033414
:61:1205290530D285,NTRF397951//002033415
:61:1205290530D285,NTRF397955//002033417
:62M:C120530USD1195423,78
-}{5:{CHK:739DBF5EDB93}}${1:F01IBIIPRSJAXXX0205099933}{2:O9500843120531BMARES2MAXXX47556347401205310243N}{4:
:20:31-05-12
:25:0640-211-2530403
:28C:00486/001
:60F:C120530USD1198758,78
:61:1205290530D200,NTRF398257//002033516
:61:1205290530D285,NTRF397927//002033405
:61:1205290530D285,NTRF397933//002033406
:61:1205290530D285,NTRF397939//002033408
:61:1205290530D285,NTRF397941//002033409
:61:1205290530D285,NTRF397943//002033410
:62M:C120530USD1197133,78
-}{5:{CHK:A8AA41DED4FB}}${1:F01IBIIPRSJAXXX0205099951}{2:O9500843120531BMARES2MAXXX47556347581205310243N}{4:
:20:31-05-12
:25:0640-211-2530403
:28C:00486/019
:60M:C120530USD1157368,78
:61:1205290530D3885,NTRF398334//002033479
:61:1205290530D3985,NTRF398368//002033453
:61:1205290530D4325,NTRF397935//002033476
:61:1205290530D4425,NTRF398491//002033488
:61:1205290530D5644,90NTRF398622//002033532
:61:1205290530D8844,03NTRF397130//002033472
:62M:C120530USD1126259,85
-}{5:{CHK:BE625F7A7B73}}${1:F01IBIIPRSJAXXX0205099950}{2:O9500843120531BMARES2MAXXX47556347571205310243N}{4:
:20:31-05-12
:25:0640-211-2530403
:28C:00486/018
:60M:C120530USD1169773,78
:61:1205290530D1135,NTRF398332//002033478
:61:1205290530D1200,NTRF398615//002033500
:61:1205290530D1500,NTRF398267//002033511
:61:1205290530D2100,NTRF398192//002033441
:61:1205290530D2585,NTRF398525//002033470
:61:1205290530D3885,NTRF397937//002033407
:62M:C120530USD1157368,78
-}{5:{CHK:2B2DD3DD559F}}${1:F01IBIIPRSJAXXX0205099949}{2:O9500843120531BMARES2MAXXX47556347561205310243N}{4:
:20:31-05-12
:25:0640-211-2530403
:28C:00486/017
:60M:C120530USD1171483,78
:61:1205290530D285,NTRF398348//002033530
:61:1205290530D285,NTRF398539//002033531
:61:1205290530D285,NTRF398131//002033534
:61:1205290530D285,NTRF398218//002033535
:61:1205290530D285,NTRF398507//002033536
:61:1205290530D285,NTRF398346//002033537
:62M:C120530USD1169773,78
-}{5:{CHK:628B6FF0F10C}}${1:F01IBIIPRSJAXXX0205099948}{2:O9500843120531BMARES2MAXXX47556347551205310243N}{4:
:20:31-05-12
:25:0640-211-2530403
:28C:00486/016
:60M:C120530USD1173193,78
:61:1205290530D285,NTRF398483//002033522
:61:1205290530D285,NTRF398493//002033523
:61:1205290530D285,NTRF398497//002033524
:61:1205290530D285,NTRF398505//002033525
:61:1205290530D285,NTRF398523//002033528
:61:1205290530D285,NTRF398535//002033529
:62M:C120530USD1171483,78
-}{5:{CHK:6222954D8B5E}}${1:F01IBIIPRSJAXXX0205099947}{2:O9500843120531BMARES2MAXXX47556347541205310243N}{4:
:20:31-05-12
:25:0640-211-2530403
:28C:00486/015
:60M:C120530USD1174903,78
:61:1205290530D285,NTRF398127//002033514
:61:1205290530D285,NTRF398198//002033515
:61:1205290530D285,NTRF398200//002033517
:61:1205290530D285,NTRF398216//002033518
:61:1205290530D285,NTRF398228//002033520
:61:1205290530D285,NTRF398481//002033521
:62M:C120530USD1173193,78
-}{5:{CHK:21C65DE99BAC}}${1:F01IBIIPRSJAXXX0205099946}{2:O9500843120531BMARES2MAXXX47556347531205310243N}{4:
:20:31-05-12
:25:0640-211-2530403
:28C:00486/014
:60M:C120530USD1176613,78
:61:1205290530D285,NTRF398099//002033503
:61:1205290530D285,NTRF398095//002033504
:61:1205290530D285,NTRF397929//002033505
:61:1205290530D285,NTRF397931//002033506
:61:1205290530D285,NTRF398089//002033507
:61:1205290530D285,NTRF398115//002033513
:62M:C120530USD1174903,78
-}{5:{CHK:7DE790E22570}}${1:F01IBIIPRSJAXXX0205099945}{2:O9500843120531BMARES2MAXXX47556347521205310243N}{4:
:20:31-05-12
:25:0640-211-2530403
:28C:00486/013
:60M:C120530USD1178323,78
:61:1205290530D285,NTRF398537//002033492
:61:1205290530D285,NTRF398362//002033493
:61:1205290530D285,NTRF398543//002033494
:61:1205290530D285,NTRF398354//002033495
:61:1205290530D285,NTRF398358//002033496
:61:1205290530D285,NTRF398356//002033497
:62M:C120530USD1176613,78
-}{5:{CHK:8DCC734283F0}}${1:F01IBIIPRSJAXXX0205099944}{2:O9500843120531BMARES2MAXXX47556347511205310243N}{4:
:20:31-05-12
:25:0640-211-2530403
:28C:00486/012
:60M:C120530USD1180033,78
:61:1205290530D285,NTRF398350//002033483
:61:1205290530D285,NTRF398342//002033484
:61:1205290530D285,NTRF398344//002033485
:61:1205290530D285,NTRF398352//002033486
:61:1205290530D285,NTRF398364//002033490
:61:1205290530D285,NTRF398360//002033491
:62M:C120530USD1178323,78
-}{5:{CHK:BD08A5E6B33E}}${1:F01IBIIPRSJAXXX0205099943}{2:O9500843120531BMARES2MAXXX47556347501205310243N}{4:
:20:31-05-12
:25:0640-211-2530403
:28C:00486/011
:60M:C120530USD1181743,78
:61:1205290530D285,NTRF398489//002033474
:61:1205290530D285,NTRF398196//002033475
:61:1205290530D285,NTRF398330//002033477
:61:1205290530D285,NTRF398336//002033480
:61:1205290530D285,NTRF398338//002033481
:61:1205290530D285,NTRF398340//002033482
:62M:C120530USD1180033,78
-}{5:{CHK:1C474502C7AC}}