{1:F01IBIIPRSJAXXX0202098508}{2:O9500820120517BMARES2MAXXX47456256671205170220N}{4:
:20:17-05-12
:25:0640-211-2530403
:28C:00476/005
:60M:C120516USD1456909,22
:61:1205150516D285,NTRF391416//002025411
:61:1205150516D285,NTRF391418//002025412
:61:1205150516D285,NTRF391420//002025413
:61:1205150516D285,NTRF391422//002025414
:61:1205150516D285,NTRFCP00286/1505/103//002025419
:62M:C120516USD1455484,22
-}{5:{CHK:5A3EC92BB2BD}}${1:F01IBIIPRSJAXXX0202098504}{2:O9500820120517BMARES2MAXXX47456256631205170220N}{4:
:20:17-05-12
:25:0640-211-2530403
:28C:00476/001
:60F:C120516USD1463749,22
:61:1205150516D285,NTRF391740//002025384
:61:1205150516D285,NTRF391738//002025385
:61:1205150516D285,NTRF391742//002025386
:61:1205150516D285,NTRF391744//002025387
:61:1205150516D285,NTRF391746//002025388
:61:1205150516D285,NTRF391748//002025389
:62M:C120516USD1462039,22
-}{5:{CHK:70FF2F544EE2}}${1:F01IBIIPRSJAXXX0202098505}{2:O9500820120517BMARES2MAXXX47456256641205170220N}{4:
:20:17-05-12
:25:0640-211-2530403
:28C:00476/002
:60M:C120516USD1462039,22
:61:1205150516D285,NTRF391752//002025390
:61:1205150516D285,NTRF391754//002025391
:61:1205150516D285,NTRF391758//002025392
:61:1205150516D285,NTRF391756//002025393
:61:1205150516D285,NTRF391762//002025394
:61:1205150516D285,NTRF391760//002025395
:62M:C120516USD1460329,22
-}{5:{CHK:0993685C4484}}${1:F01IBIIPRSJAXXX0202098506}{2:O9500820120517BMARES2MAXXX47456256651205170220N}{4:
:20:17-05-12
:25:0640-211-2530403
:28C:00476/003
:60M:C120516USD1460329,22
:61:1205150516D285,NTRF391764//002025396
:61:1205150516D285,NTRF391766//002025397
:61:1205150516D285,NTRF391768//002025398
:61:1205150516D285,NTRF391728//002025401
:61:1205150516D285,NTRF391732//002025402
:61:1205150516D285,NTRF391736//002025403
:62M:C120516USD1458619,22
-}{5:{CHK:5884E0DE56F6}}${1:F01IBIIPRSJAXXX0202098513}{2:O9500820120517BMARES2MAXXX47456256721205170220N}{4:
:20:17-05-12
:25:0640-211-2530403
:28C:00476/010
:60M:C120516USD1210746,44
:61:1205160516C245,NMSC387175 2022476-I//387175 2022476-I
:61:1205160516C252,NMSC387061 2022498-I//387061 2022498-I
:61:1205160516C260,NMSC387101 2022459-I//387101 2022459-I
:62F:C120516USD1211503,44
:64:C120516USD1211503,44
-}{5:{CHK:0F108C812834}}${1:F01IBIIPRSJAXXX0202098512}{2:O9500820120517BMARES2MAXXX47456256711205170220N}{4:
:20:17-05-12
:25:0640-211-2530403
:28C:00476/009
:60M:C120516USD1310836,44
:61:1205150516D100000,NTRF392089//002025434
:61:1205160516D30,NMSC387101 2022459-I//387101 2022459-I
:61:1205160516D30,NMSC387061 2022498-I//387061 2022498-I
:61:1205160516D30,NMSC387175 2022476-I//387175 2022476-I
:62M:C120516USD1210746,44
-}{5:{CHK:F47BD623D90A}}${1:F01IBIIPRSJAXXX0202098511}{2:O9500820120517BMARES2MAXXX47456256701205170220N}{4:
:20:17-05-12
:25:0640-211-2530403
:28C:00476/008
:60M:C120516USD1425286,89
:61:1205150516D7785,NTRF391424//002025415
:61:1205150516D10000,NTRF392080//002025432
:61:1205150516D19739,42NTRF391575//002025400
:61:1205150516D26926,03NTRF392165//002025418
:61:1205150516D50000,NTRF392169//002025433
:62M:C120516USD1310836,44
-}{5:{CHK:A4209095EB66}}${1:F01IBIIPRSJAXXX0202098510}{2:O9500820120517BMARES2MAXXX47456256691205170220N}{4:
:20:17-05-12
:25:0640-211-2530403
:28C:00476/007
:60M:C120516USD1453101,62
:61:1205150516D950,33NTRF391408//002025408
:61:1205150516D1595,NTRF392099//002025416
:61:1205150516D5516,NTRF391647//002025431
:61:1205150516D5970,40NTRF392087//002025428
:61:1205150516D6006,NTRF392097//002025429
:61:1205150516D7777,NTRF391772//002025399
:62M:C120516USD1425286,89
-}{5:{CHK:9B53D96ABFF7}}${1:F01IBIIPRSJAXXX0202098509}{2:O9500820120517BMARES2MAXXX47456256681205170220N}{4:
:20:17-05-12
:25:0640-211-2530403
:28C:00476/006
:60M:C120516USD1455484,22
:61:1205150516D285,NTRF391730//002025420
:61:1205150516D285,NTRF391750//002025421
:61:1205150516D285,NTRF391770//002025422
:61:1205150516D285,NTRF391402//002025423
:61:1205150516D417,60NTRF392095//002025417
:61:1205150516D825,NMSCGTOS.OUR 1505201//GTOS.OUR 1505201
:62M:C120516USD1453101,62
-}{5:{CHK:CCE75CB4FC6C}}${1:F01IBIIPRSJAXXX0202098507}{2:O9500820120517BMARES2MAXXX47456256661205170220N}{4:
:20:17-05-12
:25:0640-211-2530403
:28C:00476/004
:60M:C120516USD1458619,22
:61:1205150516D285,NTRF391734//002025404
:61:1205150516D285,NTRF391400//002025405
:61:1205150516D285,NTRF391406//002025406
:61:1205150516D285,NTRF391410//002025407
:61:1205150516D285,NTRF391412//002025409
:61:1205150516D285,NTRF391414//002025410
:62M:C120516USD1456909,22
-}{5:{CHK:0059CE025CB0}}