{1:F01IBIIPRSJAXXX0204098832}{2:O9500815120521BMARES2MAXXX47476280471205210215N}{4:
:20:21-05-12
:25:0640-211-2530403
:28C:00478/010
:60M:C120518USD1527646,76
:61:1205170518D285,NTRF393196//002027410
:61:1205170518D285,NTRF393132//002027415
:61:1205170518D705,NTRF393140//002027353
:61:1205170518D1380,NTRF393882//002027413
:61:1205170518D1394,50NTRF393869//002027382
:61:1205170518D1702,NTRF393146//002027355
:62M:C120518USD1521895,26
-}{5:{CHK:4670853638AC}}${1:F01IBIIPRSJAXXX0204098835}{2:O9500815120521BMARES2MAXXX47476280501205210215N}{4:
:20:21-05-12
:25:0640-211-2530403
:28C:00478/013
:60M:C120518USD1478128,11
:61:1205170518D7745,66NTRF393884//002027414
:61:1205170518D8457,30NTRF393105//002027380
:61:1205170518D18000,NTRF393616//002027396
:61:1205170518D59400,NTRF393103//002027395
:61:1205170518D176425,89NTRF393907//002027376
:62M:C120518USD1208099,26
-}{5:{CHK:B76FEF5BA57F}}${1:F01IBIIPRSJAXXX0204098834}{2:O9500815120521BMARES2MAXXX47476280491205210215N}{4:
:20:21-05-12
:25:0640-211-2530403
:28C:00478/012
:60M:C120518USD1508819,97
:61:1205170518D3885,NTRF393144//002027351
:61:1205170518D3930,06NTRF393867//002027381
:61:1205170518D5185,NTRF393150//002027397
:61:1205170518D5185,NTRF393152//002027398
:61:1205170518D5900,NTRF393101//002027412
:61:1205170518D6606,80NTRF393059//002027377
:62M:C120518USD1478128,11
-}{5:{CHK:A8F2C62F3E3D}}${1:F01IBIIPRSJAXXX0204098833}{2:O9500815120521BMARES2MAXXX47476280481205210215N}{4:
:20:21-05-12
:25:0640-211-2530403
:28C:00478/011
:60M:C120518USD1521895,26
:61:1205170518D1705,NMSCGTOS.OUR 1705201//GTOS.OUR 1705201
:61:1205170518D2145,18NTRF393128//002027349
:61:1205170518D2853,NTRF393124//002027348
:61:1205170518D2985,NTRF393126//002027347
:61:1205170518D3387,11NTRF393148//002027394
:62M:C120518USD1508819,97
-}{5:{CHK:66872023EB22}}${1:F01IBIIPRSJAXXX0204098829}{2:O9500815120521BMARES2MAXXX47476280441205210215N}{4:
:20:21-05-12
:25:0640-211-2530403
:28C:00478/007
:60M:C120518USD1532776,76
:61:1205170518D285,NTRF393796//002027387
:61:1205170518D285,NTRF393792//002027388
:61:1205170518D285,NTRF393798//002027389
:61:1205170518D285,NTRF393122//002027390
:61:1205170518D285,NTRF393130//002027391
:61:1205170518D285,NTRF393134//002027392
:62M:C120518USD1531066,76
-}{5:{CHK:DE645175C743}}${1:F01IBIIPRSJAXXX0204098828}{2:O9500815120521BMARES2MAXXX47476280431205210215N}{4:
:20:21-05-12
:25:0640-211-2530403
:28C:00478/006
:60M:C120518USD1534486,76
:61:1205170518D285,NTRF393204//002027372
:61:1205170518D285,NTRF393200//002027373
:61:1205170518D285,NTRF393194//002027374
:61:1205170518D285,NTRF393198//002027375
:61:1205170518D285,NTRF393772//002027384
:61:1205170518D285,NTRF393774//002027386
:62M:C120518USD1532776,76
-}{5:{CHK:6A4E314FEF49}}${1:F01IBIIPRSJAXXX0204098827}{2:O9500815120521BMARES2MAXXX47476280421205210215N}{4:
:20:21-05-12
:25:0640-211-2530403
:28C:00478/005
:60M:C120518USD1536196,76
:61:1205170518D285,NTRF393188//002027366
:61:1205170518D285,NTRF393184//002027367
:61:1205170518D285,NTRF393190//002027368
:61:1205170518D285,NTRF393212//002027369
:61:1205170518D285,NTRF393214//002027370
:61:1205170518D285,NTRF393202//002027371
:62M:C120518USD1534486,76
-}{5:{CHK:B365C89799B3}}${1:F01IBIIPRSJAXXX0204098836}{2:O9500815120521BMARES2MAXXX47476280511205210215N}{4:
:20:21-05-12
:25:0640-211-2530403
:28C:00478/014
:60M:C120518USD1208099,26
:61:1205170518D200000,NTRF393912//002027383
:61:1205170518D200000,NTRF393117//002027411
:61:1205180518D4000,NTRF394491//002027992
:61:1205180518D12118,14NTRF394489//002027997
:62F:C120518USD791981,12
:64:C120518USD791981,12
-}{5:{CHK:8F82AD88911A}}${1:F01IBIIPRSJAXXX0204098831}{2:O9500815120521BMARES2MAXXX47476280461205210215N}{4:
:20:21-05-12
:25:0640-211-2530403
:28C:00478/009
:60M:C120518USD1529356,76
:61:1205170518D285,NTRF393170//002027404
:61:1205170518D285,NTRF393176//002027405
:61:1205170518D285,NTRF393210//002027406
:61:1205170518D285,NTRF393206//002027407
:61:1205170518D285,NTRF393208//002027408
:61:1205170518D285,NTRF393192//002027409
:62M:C120518USD1527646,76
-}{5:{CHK:AEEFB999C13A}}${1:F01IBIIPRSJAXXX0204098830}{2:O9500815120521BMARES2MAXXX47476280451205210215N}{4:
:20:21-05-12
:25:0640-211-2530403
:28C:00478/008
:60M:C120518USD1531066,76
:61:1205170518D285,NTRF393138//002027393
:61:1205170518D285,NTRF393160//002027399
:61:1205170518D285,NTRF393158//002027400
:61:1205170518D285,NTRF393166//002027401
:61:1205170518D285,NTRF393164//002027402
:61:1205170518D285,NTRF393172//002027403
:62M:C120518USD1529356,76
-}{5:{CHK:9799FB07CD3C}}${1:F01IBIIPRSJAXXX0204098826}{2:O9500815120521BMARES2MAXXX47476280411205210215N}{4:
:20:21-05-12
:25:0640-211-2530403
:28C:00478/004
:60M:C120518USD1537906,76
:61:1205170518D285,NTRF393168//002027359
:61:1205170518D285,NTRF393174//002027360
:61:1205170518D285,NTRF393178//002027361
:61:1205170518D285,NTRF393180//002027362
:61:1205170518D285,NTRF393186//002027364
:61:1205170518D285,NTRF393182//002027365
:62M:C120518USD1536196,76
-}{5:{CHK:E1260493E74C}}${1:F01IBIIPRSJAXXX0204098825}{2:O9500815120521BMARES2MAXXX47476280401205210215N}{4:
:20:21-05-12
:25:0640-211-2530403
:28C:00478/003
:60M:C120518USD1539616,76
:61:1205170518D285,NTRF393120//002027345
:61:1205170518D285,NTRF393802//002027346
:61:1205170518D285,NTRF393136//002027350
:61:1205170518D285,NTRF393142//002027352
:61:1205170518D285,NTRF393154//002027357
:61:1205170518D285,NTRF393162//002027358
:62M:C120518USD1537906,76
-}{5:{CHK:4FA08CCD597E}}${1:F01IBIIPRSJAXXX0204098824}{2:O9500815120521BMARES2MAXXX47476280391205210215N}{4:
:20:21-05-12
:25:0640-211-2530403
:28C:00478/002
:60M:C120518USD1541326,76
:61:1205170518D285,NTRF393786//002027339
:61:1205170518D285,NTRF393784//002027340
:61:1205170518D285,NTRF393788//002027341
:61:1205170518D285,NTRF393790//002027342
:61:1205170518D285,NTRF393794//002027343
:61:1205170518D285,NTRF393800//002027344
:62M:C120518USD1539616,76
-}{5:{CHK:FE33C3E1EB18}}${1:F01IBIIPRSJAXXX0204098823}{2:O9500815120521BMARES2MAXXX47476280381205210215N}{4:
:20:21-05-12
:25:0640-211-2530403
:28C:00478/001
:60F:C120518USD1543036,76
:61:1205170518D285,NTRF393768//002027333
:61:1205170518D285,NTRF393770//002027334
:61:1205170518D285,NTRF393778//002027335
:61:1205170518D285,NTRF393776//002027336
:61:1205170518D285,NTRF393780//002027337
:61:1205170518D285,NTRF393782//002027338
:62M:C120518USD1541326,76
-}{5:{CHK:8D0886E7958B}}