{1:F01IBIIPRSJAXXX0205100089}{2:O9500813120601BMARES2MAXXX47566356951206010213N}{4:
:20:01-06-12
:25:0640-211-2530403
:28C:00487/011
:60M:C120531USD111296,01
:61:1205300531D285,NTRF399143//002034331
:61:1205300531D285,NTRF399518//002034334
:61:1205300531D285,NTRF399516//002034335
:61:1205300531D285,NTRF399510//002034336
:61:1205300531D285,NTRF399482//002034337
:61:1205300531D285,NTRF399436//002034339
:62M:C120531USD109586,01
-}{5:{CHK:054530ABD7A6}}${1:F01IBIIPRSJAXXX0205100079}{2:O9500813120601BMARES2MAXXX47566356851206010213N}{4:
:20:01-06-12
:25:0640-211-2530403
:28C:00487/001
:60F:C120531USD128151,01
:61:1205300531D100,NTRF399018//002034286
:61:1205300531D225,NTRF399470//002034323
:61:1205300531D285,NTRF399020//002034268
:61:1205300531D285,NTRF399028//002034269
:61:1205300531D285,NTRF399032//002034270
:61:1205300531D285,NTRF399042//002034271
:62M:C120531USD126686,01
-}{5:{CHK:A72438E6080A}}${1:F01IBIIPRSJAXXX0205100080}{2:O9500813120601BMARES2MAXXX47566356861206010213N}{4:
:20:01-06-12
:25:0640-211-2530403
:28C:00487/002
:60M:C120531USD126686,01
:61:1205300531D285,NTRF399034//002034272
:61:1205300531D285,NTRF399050//002034273
:61:1205300531D285,NTRF399048//002034274
:61:1205300531D285,NTRF399054//002034275
:61:1205300531D285,NTRF399085//002034276
:61:1205300531D285,NTRF399056//002034277
:62M:C120531USD124976,01
-}{5:{CHK:3D673AC548EC}}${1:F01IBIIPRSJAXXX0205100081}{2:O9500813120601BMARES2MAXXX47566356871206010213N}{4:
:20:01-06-12
:25:0640-211-2530403
:28C:00487/003
:60M:C120531USD124976,01
:61:1205300531D285,NTRF399087//002034278
:61:1205300531D285,NTRF399089//002034279
:61:1205300531D285,NTRF399091//002034280
:61:1205300531D285,NTRF399093//002034281
:61:1205300531D285,NTRF399097//002034282
:61:1205300531D285,NTRF399095//002034283
:62M:C120531USD123266,01
-}{5:{CHK:AB6B3D97F757}}${1:F01IBIIPRSJAXXX0205100082}{2:O9500813120601BMARES2MAXXX47566356881206010213N}{4:
:20:01-06-12
:25:0640-211-2530403
:28C:00487/004
:60M:C120531USD123266,01
:61:1205300531D285,NTRF399099//002034284
:61:1205300531D285,NTRF399101//002034285
:61:1205300531D285,NTRF399103//002034288
:61:1205300531D285,NTRF399105//002034289
:61:1205300531D285,NTRF399107//002034290
:61:1205300531D285,NTRF399109//002034291
:62M:C120531USD121556,01
-}{5:{CHK:F362A1BD04CD}}${1:F01IBIIPRSJAXXX0205100099}{2:O9500813120601BMARES2MAXXX47566357051206010213N}{4:
:20:01-06-12
:25:0640-211-2530403
:28C:00487/021
:60M:C120531USD811332,40
:61:1205310531D300,NTRF399605//002035099
:61:1205310531D2145,30NTRF399647//002035107
:61:1205310531D3885,NTRF399653//002035111
:61:1205310531D4437,18NTRF399651//002035110
:61:1205310531D21300,13NMSC2024733 51612000//2024733 51612000
:62F:C120531USD779264,79
:64:C120531USD779264,79
-}{5:{CHK:B0F45B828887}}${1:F01IBIIPRSJAXXX0205100098}{2:O9500813120601BMARES2MAXXX47566357041206010213N}{4:
:20:01-06-12
:25:0640-211-2530403
:28C:00487/020
:60M:C120531USD813057,40
:61:1205310531D285,NTRF400009//002035118
:61:1205310531D285,NTRF400013//002035119
:61:1205310531D285,NTRF400011//002035120
:61:1205310531D285,NTRF400015//002035121
:61:1205310531D285,NTRF400017//002035122
:61:1205310531D300,NTRF399607//002035098
:62M:C120531USD811332,40
-}{5:{CHK:2E19DA12E30C}}${1:F01IBIIPRSJAXXX0205100097}{2:O9500813120601BMARES2MAXXX47566357031206010213N}{4:
:20:01-06-12
:25:0640-211-2530403
:28C:00487/019
:60M:C120531USD814767,40
:61:1205310531D285,NTRF399655//002035112
:61:1205310531D285,NTRF399657//002035113
:61:1205310531D285,NTRF399659//002035114
:61:1205310531D285,NTRF399663//002035115
:61:1205310531D285,NTRF400005//002035116
:61:1205310531D285,NTRF400007//002035117
:62M:C120531USD813057,40
-}{5:{CHK:732251F8765D}}${1:F01IBIIPRSJAXXX0205100096}{2:O9500813120601BMARES2MAXXX47566357021206010213N}{4:
:20:01-06-12
:25:0640-211-2530403
:28C:00487/018
:60M:C120531USD816477,40
:61:1205310531D285,NTRF399635//002035101
:61:1205310531D285,NTRF399637//002035102
:61:1205310531D285,NTRF399639//002035103
:61:1205310531D285,NTRF399641//002035104
:61:1205310531D285,NTRF399643//002035105
:61:1205310531D285,NTRF399645//002035106
:62M:C120531USD814767,40
-}{5:{CHK:DB8512CB3607}}${1:F01IBIIPRSJAXXX0205100095}{2:O9500813120601BMARES2MAXXX47566357011206010213N}{4:
:20:01-06-12
:25:0640-211-2530403
:28C:00487/017
:60M:D120531USD11415,68
:61:1205300531D67140,79NTRF399248//002034287
:61:1205300531D109058,69NTRF399601//002034352
:61:1205300531C4383,78NMSCF60530083226000//002034354
:61:1205300531C999993,78NMSC2012053000136989//002034204
:61:1205310531D285,NTRF399633//002035100
:62M:C120531USD816477,40
-}{5:{CHK:8863BC7B99E3}}${1:F01IBIIPRSJAXXX0205100094}{2:O9500813120601BMARES2MAXXX47566357001206010213N}{4:
:20:01-06-12
:25:0640-211-2530403
:28C:00487/016
:60M:C120531USD79869,53
:61:1205300531D15542,16NTRF399046//002034267
:61:1205300531D17048,NTRF399060//002034366
:61:1205300531D17871,05NTRF399016//002034358
:61:1205300531D20000,NTRF399828//002034357
:61:1205300531D20824,NTRF399500//002034325
:62M:D120531USD11415,68
-}{5:{CHK:0016F7400407}}${1:F01IBIIPRSJAXXX0205100093}{2:O9500813120601BMARES2MAXXX47566356991206010213N}{4:
:20:01-06-12
:25:0640-211-2530403
:28C:00487/015
:60M:C120531USD104456,01
:61:1205300531D442,80NTRF399494//002034353
:61:1205300531D1452,NMSCGTOS.OUR 3005201//GTOS.OUR 3005201
:61:1205300531D4850,28NTRF399520//002034338
:61:1205300531D5185,NTRF399498//002034317
:61:1205300531D12656,40NTRF398570//002034359
:62M:C120531USD79869,53
-}{5:{CHK:C9605AF55B21}}${1:F01IBIIPRSJAXXX0205100092}{2:O9500813120601BMARES2MAXXX47566356981206010213N}{4:
:20:01-06-12
:25:0640-211-2530403
:28C:00487/014
:60M:C120531USD106166,01
:61:1205300531D285,NTRF399125//002034356
:61:1205300531D285,NTRF399052//002034360
:61:1205300531D285,NTRF399115//002034362
:61:1205300531D285,NTRF399117//002034363
:61:1205300531D285,NTRF399121//002034364
:61:1205300531D285,NTRF399119//002034365
:62M:C120531USD104456,01
-}{5:{CHK:71A7BDD76864}}${1:F01IBIIPRSJAXXX0205100091}{2:O9500813120601BMARES2MAXXX47566356971206010213N}{4:
:20:01-06-12
:25:0640-211-2530403
:28C:00487/013
:60M:C120531USD107876,01
:61:1205300531D285,NTRF399478//002034347
:61:1205300531D285,NTRF399440//002034348
:61:1205300531D285,NTRF399442//002034349
:61:1205300531D285,NTRF399454//002034350
:61:1205300531D285,NTRF399462//002034351
:61:1205300531D285,NTRF399038//002034355
:62M:C120531USD106166,01
-}{5:{CHK:3E0414A793E7}}${1:F01IBIIPRSJAXXX0205100090}{2:O9500813120601BMARES2MAXXX47566356961206010213N}{4:
:20:01-06-12
:25:0640-211-2530403
:28C:00487/012
:60M:C120531USD109586,01
:61:1205300531D285,NTRF399434//002034340
:61:1205300531D285,NTRF399036//002034341
:61:1205300531D285,NTRF399490//002034342
:61:1205300531D285,NTRF399484//002034343
:61:1205300531D285,NTRF399488//002034344
:61:1205300531D285,NTRF399476//002034346
:62M:C120531USD107876,01
-}{5:{CHK:39E5C6D3B024}}${1:F01IBIIPRSJAXXX0205100088}{2:O9500813120601BMARES2MAXXX47566356941206010213N}{4:
:20:01-06-12
:25:0640-211-2530403
:28C:00487/010
:60M:C120531USD113006,01
:61:1205300531D285,NTRF399514//002034324
:61:1205300531D285,NTRF399123//002034326
:61:1205300531D285,NTRF399058//002034327
:61:1205300531D285,NTRF399127//002034328
:61:1205300531D285,NTRF399133//002034329
:61:1205300531D285,NTRF399141//002034330
:62M:C120531USD111296,01
-}{5:{CHK:51C0D1C12CAD}}${1:F01IBIIPRSJAXXX0205100087}{2:O9500813120601BMARES2MAXXX47566356931206010213N}{4:
:20:01-06-12
:25:0640-211-2530403
:28C:00487/009
:60M:C120531USD114716,01
:61:1205300531D285,NTRF399496//002034316
:61:1205300531D285,NTRF399502//002034318
:61:1205300531D285,NTRF399506//002034319
:61:1205300531D285,NTRF399504//002034320
:61:1205300531D285,NTRF399508//002034321
:61:1205300531D285,NTRF399512//002034322
:62M:C120531USD113006,01
-}{5:{CHK:21C0D2C78F5E}}${1:F01IBIIPRSJAXXX0205100086}{2:O9500813120601BMARES2MAXXX47566356921206010213N}{4:
:20:01-06-12
:25:0640-211-2530403
:28C:00487/008
:60M:C120531USD116426,01
:61:1205300531D285,NTRF399466//002034310
:61:1205300531D285,NTRF399472//002034311
:61:1205300531D285,NTRF399474//002034312
:61:1205300531D285,NTRF399480//002034313
:61:1205300531D285,NTRF399486//002034314
:61:1205300531D285,NTRF399492//002034315
:62M:C120531USD114716,01
-}{5:{CHK:A1AE16A5C5AC}}${1:F01IBIIPRSJAXXX0205100085}{2:O9500813120601BMARES2MAXXX47566356911206010213N}{4:
:20:01-06-12
:25:0640-211-2530403
:28C:00487/007
:60M:C120531USD118136,01
:61:1205300531D285,NTRF399452//002034304
:61:1205300531D285,NTRF399456//002034305
:61:1205300531D285,NTRF399458//002034306
:61:1205300531D285,NTRF399460//002034307
:61:1205300531D285,NTRF399464//002034308
:61:1205300531D285,NTRF399468//002034309
:62M:C120531USD116426,01
-}{5:{CHK:3B6302BBCF86}}${1:F01IBIIPRSJAXXX0205100084}{2:O9500813120601BMARES2MAXXX47566356901206010213N}{4:
:20:01-06-12
:25:0640-211-2530403
:28C:00487/006
:60M:C120531USD119846,01
:61:1205300531D285,NTRF399137//002034298
:61:1205300531D285,NTRF399438//002034299
:61:1205300531D285,NTRF399444//002034300
:61:1205300531D285,NTRF399446//002034301
:61:1205300531D285,NTRF399448//002034302
:61:1205300531D285,NTRF399450//002034303
:62M:C120531USD118136,01
-}{5:{CHK:4EA6B6A5C95F}}${1:F01IBIIPRSJAXXX0205100083}{2:O9500813120601BMARES2MAXXX47566356891206010213N}{4:
:20:01-06-12
:25:0640-211-2530403
:28C:00487/005
:60M:C120531USD121556,01
:61:1205300531D285,NTRF399111//002034292
:61:1205300531D285,NTRF399113//002034293
:61:1205300531D285,NTRF399131//002034294
:61:1205300531D285,NTRF399129//002034295
:61:1205300531D285,NTRF399135//002034296
:61:1205300531D285,NTRF399139//002034297
:62M:C120531USD119846,01
-}{5:{CHK:E5212FE30295}}